{"path_per_floor":["M","M","M","M","$","R","E","R","T","R","M","M","?","?","R","B",null,"M","M","?","M","?","R","E","R","T","M","M","?","$","M","R"],"character_chosen":"IRONCLAD","items_purchased":["Headbutt","Whetstone","Flex","Panache","Oddly Smooth Stone"],"gold_per_floor":[116,131,144,161,33,33,68,68,68,68,83,97,197,197,197,297,297,311,328,328,347,347,347,381,381,381,400,412,512,4,17,17,17],"floor_reached":33,"campfire_rested":3,"playtime":1326,"current_hp_per_floor":[80,80,80,70,70,70,37,37,37,37,40,48,48,48,72,28,80,56,55,55,18,44,68,51,51,51,36,32,32,32,13,37,0],"items_purged":["Strike_R"],"gold":17,"score":269,"play_id":"b1939df1-2ed1-443b-8f99-a6da4c97f8cf","local_time":"20180509024330","is_prod":false,"is_daily":false,"chose_seed":false,"is_ascension_mode":false,"campfire_upgraded":4,"timestamp":1525801410,"path_taken":["M","M","M","M","$","R","E","R","T","R","M","M","?","?","R","BOSS","M","?","?","M","?","R","E","R","T","M","M","?","$","M","R","BOSS"],"build_version":"2018-05-07","seed_source_timestamp":18987982262192,"purchased_purges":1,"victory":false,"master_deck":["Strike_R+1","Strike_R","Strike_R","Strike_R+1","Defend_R","Defend_R","Defend_R","Defend_R","Bash","Flex+1","Flex+1","Heavy Blade+1","Headbutt","Thunderclap","Spot Weakness","Double Tap","Rage","Pommel Strike","Bloodletting","Demon Form+1","Intimidate","Rupture+1","Twin Strike","Pommel Strike+1","Flex","Panache","Shrug It Off"],"max_hp_per_floor":[80,80,80,80,80,80,80,80,80,80,80,80,80,80,80,80,80,80,80,80,80,80,80,80,80,80,80,80,80,80,80,80,80],"relics":["Burning Blood","Bag of Preparation","Blood Vial","Ornamental Fan","Orrery","Ice Cream","Mummified Hand","Whetstone","Oddly Smooth Stone"],"card_choices":[{"not_picked":["Headbutt","Armaments"],"picked":"Flex","floor":1},{"not_picked":["Reckless Charge","Clash"],"picked":"Flex","floor":3},{"not_picked":["Flex","Clothesline"],"picked":"Heavy Blade","floor":4},{"not_picked":["Blood for Blood","Clothesline"],"picked":"Thunderclap","floor":7},{"not_picked":["Fire Breathing","Bloodletting"],"picked":"Spot Weakness","floor":12},{"not_picked":["Bludgeon","Offering"],"picked":"Double Tap","floor":16},{"not_picked":["Pommel Strike","Wild Strike"],"picked":"Rage","floor":17},{"not_picked":["Clothesline","Cleave"],"picked":"Pommel Strike","floor":17},{"not_picked":["Iron Wave","Clothesline"],"picked":"Bloodletting","floor":18},{"not_picked":["Flex","Iron Wave"],"picked":"Demon Form","floor":19},{"not_picked":["Clothesline","Perfected Strike"],"picked":"Intimidate","floor":21},{"not_picked":["Searing Blow","Corruption"],"picked":"Rupture","floor":24},{"not_picked":["Pommel Strike","Shrug It Off"],"picked":"Twin Strike","floor":27},{"not_picked":["Headbutt","Uppercut"],"picked":"Pommel Strike","floor":28},{"not_picked":["Flame Barrier","Body Slam"],"picked":"Shrug It Off","floor":31}],"player_experience":16449,"potions_floor_usage":[16,19,27,33,33],"damage_taken":[{"damage":2,"enemies":"Small Slimes","floor":1,"turns":3},{"damage":1,"enemies":"Cultist","floor":2,"turns":3},{"damage":2,"enemies":"2 Louse","floor":3,"turns":4},{"damage":16,"enemies":"Red Slaver","floor":4,"turns":4},{"damage":39,"enemies":"Gremlin Nob","floor":7,"turns":5},{"damage":5,"enemies":"Gremlin Gang","floor":11,"turns":4},{"damage":0,"enemies":"2 Fungi Beasts","floor":12,"turns":2},{"damage":52,"enemies":"The Guardian","floor":16,"turns":6},{"damage":30,"enemies":"Shell Parasite","floor":18,"turns":4},{"damage":9,"enemies":"3 Byrds","floor":19,"turns":5},{"damage":45,"enemies":"Centurion and Healer","floor":21,"turns":5},{"damage":25,"enemies":"Book of Stabbing","floor":24,"turns":4},{"damage":31,"enemies":"Cultist and Chosen","floor":27,"turns":6},{"damage":12,"enemies":"3 Cultists","floor":28,"turns":4},{"damage":27,"enemies":"Centurion and Healer","floor":31,"turns":5},{"damage":70,"enemies":"Collector","floor":33,"turns":6}],"event_choices":[{"event_name":"Golden Shrine","player_choice":"Pray","floor":13,"damage_taken":0},{"event_name":"Liars Game","player_choice":"disagreed","floor":14,"damage_taken":0},{"event_name":"Accursed Blacksmith","player_choice":"Forge","floor":20,"damage_taken":0},{"event_name":"The Library","player_choice":"Heal","floor":22,"damage_taken":0},{"event_name":"Golden Shrine","player_choice":"Pray","floor":29,"damage_taken":0}],"boss_relics":[{"not_picked":["White Beast Statue","Runic Pyramid"],"picked":"Orrery"}],"potions_floor_spawned":[2,4,7,12,19,24,28],"seed_played":"-4982382895389539060","killed_by":"Collector","ascension_level":0,"is_trial":false}