{"gold_per_floor":[109,128,278,203,217,233,267,302,314,326],"floor_reached":10,"playtime":397,"items_purged":["Doubt"],"score":129,"play_id":"58d9f609-e92d-476d-a393-c8950f34761b","local_time":"20190422155559","is_ascension_mode":true,"campfire_choices":[],"neow_cost":"NONE","seed_source_timestamp":13364317523289,"circlet_count":0,"master_deck":["AscendersBane","Strike_B","Strike_B","Strike_B","Strike_B","Defend_B","Defend_B","Defend_B","Defend_B","Zap","Dualcast","Coolheaded","Defragment","Doom and Gloom","Sunder","Reprogram"],"special_seed":0,"relics":["Cracked Core","MawBank","Odd Mushroom","The Courier"],"potions_floor_usage":[],"damage_taken":[{"damage":2.0,"enemies":"2 Louse","floor":1.0,"turns":3.0},{"damage":0.0,"enemies":"Jaw Worm","floor":2.0,"turns":5.0},{"damage":4.0,"enemies":"Cultist","floor":5.0,"turns":4.0},{"damage":7.0,"enemies":"3 Louse","floor":6.0,"turns":4.0},{"damage":28.0,"enemies":"3 Sentries","floor":7.0,"turns":7.0},{"damage":12.0,"enemies":"The Mushroom Lair","floor":8.0,"turns":2.0},{"damage":31,"enemies":"Gremlin Nob","floor":10,"turns":3}],"seed_played":"-448052541732021134","potions_obtained":[{"floor":5.0,"key":"Poison Potion"},{"floor":6.0,"key":"GamblersBrew"}],"is_trial":false,"path_per_floor":["M","M","?","$","M","M","E","?","T","E"],"character_chosen":"DEFECT","items_purchased":[],"campfire_rested":0,"item_purchase_floors":[],"current_hp_per_floor":[69,69,69,69,65,58,30,18,18,0],"gold":326,"neow_bonus":"TEN_PERCENT_HP_BONUS","is_prod":false,"is_daily":false,"chose_seed":false,"campfire_upgraded":0,"win_rate":0,"timestamp":1555973759,"path_taken":["M","M","?","?","M","?","E","?","T","E"],"build_version":"2019-01-23","purchased_purges":1,"victory":false,"max_hp_per_floor":[78,78,78,78,78,78,78,78,78,78],"card_choices":[{"not_picked":["Darkness","Ball Lightning"],"picked":"Coolheaded","floor":1.0},{"not_picked":["Doom and Gloom","Lockon"],"picked":"Defragment","floor":2.0},{"not_picked":["Compile Driver","Ball Lightning"],"picked":"Doom and Gloom","floor":5.0},{"not_picked":["Streamline","Stack","Force Field"],"picked":"SKIP","floor":6.0},{"not_picked":["Static Discharge","Go for the Eyes"],"picked":"Sunder","floor":7.0},{"not_picked":["Amplify","Redo"],"picked":"Reprogram","floor":8.0}],"player_experience":743581,"relics_obtained":[{"floor":7.0,"key":"MawBank"},{"floor":8.0,"key":"Odd Mushroom"},{"floor":9.0,"key":"The Courier"}],"event_choices":[{"damage_healed":0.0,"max_hp_gain":0.0,"max_hp_loss":0.0,"gold_gain":150.0,"event_name":"Liars Game","player_choice":"AGREE","floor":3.0,"gold_loss":0.0,"damage_taken":0.0,"cards_obtained":["Doubt"]},{"damage_healed":0.0,"max_hp_gain":0.0,"max_hp_loss":0.0,"gold_gain":0.0,"event_name":"Mushrooms","player_choice":"Fought Mushrooms","floor":8.0,"gold_loss":0.0,"damage_taken":0.0}],"is_beta":false,"boss_relics":[],"items_purged_floors":[4],"is_endless":false,"potions_floor_spawned":[5,6],"killed_by":"Gremlin Nob","ascension_level":18}