{"gold_per_floor":[119,119,133,133,133,161,181,181,254,271,290,321,332,357,357,357],"floor_reached":16,"playtime":532,"items_purged":[],"score":294,"play_id":"bdd64332-2ebe-4a60-afd8-b4626d665690","local_time":"20190604232630","is_ascension_mode":true,"campfire_choices":[{"data":"Deflect","floor":8,"key":"SMITH"},{"data":"Envenom","floor":15,"key":"SMITH"}],"neow_cost":"NONE","seed_source_timestamp":42462639447878,"circlet_count":0,"master_deck":["AscendersBane","Defend_G","Defend_G","Defend_G","Defend_G","Defend_G","Strike_G","Strike_G","Strike_G","Strike_G","Survivor","Neutralize","Predator","Deadly Poison","Deflect+1","Slice","Envenom+1","Caltrops","Unload","Predator"],"relics":["Ring of the Snake","NeowsBlessing","Lantern","Meat on the Bone","Letter Opener","PreservedInsect"],"potions_floor_usage":[12,14],"damage_taken":[{"damage":0,"enemies":"Jaw Worm","floor":1,"turns":1},{"damage":0,"enemies":"Cultist","floor":3,"turns":1},{"damage":0,"enemies":"3 Sentries","floor":6,"turns":2},{"damage":0,"enemies":"2 Louse","floor":7,"turns":2},{"damage":3,"enemies":"Looter","floor":10,"turns":3},{"damage":0,"enemies":"3 Louse","floor":11,"turns":3},{"damage":30,"enemies":"Gremlin Nob","floor":12,"turns":4},{"damage":4,"enemies":"Exordium Wildlife","floor":13,"turns":4},{"damage":18,"enemies":"3 Sentries","floor":14,"turns":7},{"damage":35,"enemies":"The Guardian","floor":16,"turns":5}],"seed_played":"-1016507772011953690","potions_obtained":[{"floor":1,"key":"Weak Potion"},{"floor":2,"key":"Strength Potion"},{"floor":2,"key":"Swift Potion"},{"floor":10,"key":"Energy Potion"},{"floor":13,"key":"LiquidBronze"}],"is_trial":false,"path_per_floor":["M","?","M","$","?","E","M","R","T","M","M","E","M","E","R","B"],"character_chosen":"THE_SILENT","items_purchased":[],"campfire_rested":0,"item_purchase_floors":[],"current_hp_per_floor":[59,59,59,59,52,52,52,52,52,49,49,31,39,33,33,0],"gold":357,"neow_bonus":"THREE_ENEMY_KILL","is_prod":false,"is_daily":false,"chose_seed":false,"campfire_upgraded":2,"win_rate":0,"timestamp":1559715990,"path_taken":["M","?","?","$","?","E","M","R","T","M","M","E","M","E","R","BOSS"],"build_version":"2019-01-23","purchased_purges":0,"victory":false,"max_hp_per_floor":[66,66,66,66,66,66,66,66,66,66,66,66,66,66,66,66],"card_choices":[{"not_picked":["Slice","Flying Knee"],"picked":"Predator","floor":1},{"not_picked":["Blade Dance","Bane"],"picked":"Deadly Poison","floor":3},{"not_picked":["Reflex","Underhanded Strike"],"picked":"Deflect","floor":6},{"not_picked":["Expertise","Choke"],"picked":"Slice","floor":7},{"not_picked":["Choke","Flying Knee"],"picked":"Envenom","floor":10},{"not_picked":["Choke","Flying Knee"],"picked":"Caltrops","floor":11},{"not_picked":["Poisoned Stab","Flying Knee"],"picked":"Unload","floor":12},{"not_picked":["Choke","Prepared","Dodge and Roll"],"picked":"SKIP","floor":13},{"not_picked":["Acrobatics","Eviscerate"],"picked":"Predator","floor":14}],"player_experience":825974,"relics_obtained":[{"floor":6,"key":"Lantern"},{"floor":9,"key":"Meat on the Bone"},{"floor":12,"key":"Letter Opener"},{"floor":14,"key":"PreservedInsect"}],"event_choices":[{"damage_healed":0,"gold_gain":0,"player_choice":"Got Potions","damage_taken":0,"max_hp_gain":0,"max_hp_loss":0,"event_name":"Lab","floor":2,"gold_loss":0},{"cards_removed":["Strike_G"],"damage_healed":0,"gold_gain":0,"player_choice":"Card Removal","damage_taken":7,"max_hp_gain":0,"max_hp_loss":0,"event_name":"Golden Wing","floor":5,"gold_loss":0}],"is_beta":false,"boss_relics":[],"items_purged_floors":[],"is_endless":false,"potions_floor_spawned":[1,10,13],"killed_by":"The Guardian","ascension_level":20}