{"gold_per_floor":[114,39,39,39,52,52,69,69,92,92,109,89,101,101,101,178,178,188,203,222,240,240],"floor_reached":22,"playtime":405,"items_purged":["Strike_R"],"score":329,"play_id":"36f56149-26a9-44a4-8b8a-a02fbf9a7997","local_time":"20190410224617","is_ascension_mode":true,"campfire_choices":[{"data":"Searing Blow+1","floor":6,"key":"SMITH"},{"data":"Searing Blow+2","floor":8,"key":"SMITH"},{"data":"Searing Blow+3","floor":10,"key":"SMITH"},{"data":"Searing Blow+4","floor":15,"key":"SMITH"}],"neow_cost":"NONE","seed_source_timestamp":17628719469213,"circlet_count":0,"master_deck":["AscendersBane","Strike_R","Strike_R","Defend_R","Defend_R","Defend_R","Defend_R","Bash","Searing Blow+5","Armaments","Rage","Immolate","Headbutt","Shrug It Off"],"relics":["Burning Blood","Art of War","ReplayTheSpireMod:Spearhead","Eternal Feather"],"potions_floor_usage":[11,20,20],"damage_taken":[{"damage":5,"enemies":"Small Slimes","floor":1,"turns":3},{"damage":6,"enemies":"2 Louse","floor":5,"turns":3},{"damage":1,"enemies":"Cultist","floor":7,"turns":3},{"damage":1,"enemies":"2 Fungi Beasts","floor":11,"turns":3},{"damage":20,"enemies":"Lots of Slimes","floor":13,"turns":5},{"damage":24,"enemies":"The Guardian","floor":16,"turns":8},{"damage":14,"enemies":"2 Thieves","floor":18,"turns":3},{"damage":39,"enemies":"Shell Parasite","floor":19,"turns":5},{"damage":6,"enemies":"Snake Plant","floor":20,"turns":2},{"damage":0,"enemies":"Snecko","floor":21,"turns":3},{"damage":39,"enemies":"Cultist and Chosen","floor":22,"turns":5}],"seed_played":"3204266795380429290","potions_obtained":[{"floor":1,"key":"Poison Potion"},{"floor":5,"key":"AttackPotion"},{"floor":7,"key":"Regen Potion"},{"floor":12,"key":"LifebloodPotion"},{"floor":20,"key":"Milkshake"}],"is_trial":false,"path_per_floor":["M","$","?","?","M","R","M","R","T","R","M","?","M","?","R","B",null,"M","M","M","M","M"],"character_chosen":"IRONCLAD","items_purchased":[],"campfire_rested":0,"item_purchase_floors":[],"current_hp_per_floor":[69,69,58,58,58,58,63,63,63,63,68,68,54,54,54,36,65,57,24,29,35,0],"gold":240,"neow_bonus":"TRANSFORM_CARD","is_prod":false,"is_daily":false,"chose_seed":false,"campfire_upgraded":4,"win_rate":0,"timestamp":1554903977,"path_taken":["M","$","?","?","M","R","M","R","T","R","M","?","?","?","R","BOSS","M","?","M","M","M"],"build_version":"2019-01-23","purchased_purges":1,"victory":false,"max_hp_per_floor":[75,75,75,75,75,75,75,75,75,75,75,75,75,75,75,75,75,75,75,75,75,75],"card_choices":[{"not_picked":["Shockwave","Infernal Blade","Reckless Charge"],"picked":"SKIP","floor":1},{"not_picked":["Entrench","Spot Weakness"],"picked":"Armaments","floor":5},{"not_picked":["ReplayReversal","Sword Boomerang","Disarm"],"picked":"SKIP","floor":7},{"not_picked":["Thunderclap","ReplayTheSpireMod:Stacked"],"picked":"Rage","floor":11},{"not_picked":["Inflame","Power Through","Fire Breathing"],"picked":"SKIP","floor":13},{"not_picked":["Replay:Many Hands","Dark Embrace"],"picked":"Immolate","floor":16},{"not_picked":["Armaments","Whirlwind+1","Run Through"],"picked":"SKIP","floor":18},{"not_picked":["Run Through","Uppercut"],"picked":"Headbutt","floor":19},{"not_picked":["Heavy Blade","Wild Strike","Flame Barrier+1"],"picked":"SKIP","floor":20},{"not_picked":["Replay:Undeath\u0027s Touch","Flame Barrier"],"picked":"Shrug It Off","floor":21}],"player_experience":893636,"relics_obtained":[{"floor":9,"key":"ReplayTheSpireMod:Spearhead"}],"event_choices":[{"damage_healed":0,"gold_gain":0,"player_choice":"Success","damage_taken":11,"relics_obtained":["Art of War"],"max_hp_gain":0,"max_hp_loss":0,"event_name":"Scrap Ooze","floor":3,"gold_loss":0},{"damage_healed":0,"gold_gain":0,"player_choice":"Grow","damage_taken":0,"max_hp_gain":0,"max_hp_loss":0,"event_name":"Living Wall","floor":4,"gold_loss":0,"cards_upgraded":["Searing Blow"]},{"damage_healed":0,"gold_gain":0,"player_choice":"Bought 1 Potion","damage_taken":0,"max_hp_gain":0,"max_hp_loss":0,"event_name":"The Woman in Blue","floor":12,"gold_loss":0},{"cards_removed":["Strike_R"],"damage_healed":0,"gold_gain":0,"player_choice":"Purged","damage_taken":0,"max_hp_gain":0,"max_hp_loss":0,"event_name":"Purifier","floor":14,"gold_loss":0}],"is_beta":false,"boss_relics":[{"not_picked":["Kintsugi","Orrery"],"picked":"Eternal Feather"}],"items_purged_floors":[2],"is_endless":false,"potions_floor_spawned":[1,5,7,18,20],"killed_by":"Cultist and Chosen","ascension_level":17}