{"gold_per_floor":[14,27,40,59,75,75,89,89,113,131,149,181,181,194,194,268,268,281,301,301,301,327,327,342,377,456,456],"floor_reached":27,"playtime":678,"items_purged":[],"score":478,"play_id":"0363eb53-58d7-481c-9fe9-4b65a6441e93","local_time":"20190417204257","is_ascension_mode":true,"campfire_choices":[{"data":"Spot Weakness","floor":6.0,"key":"SMITH"},{"data":"Heavy Blade","floor":8.0,"key":"SMITH"},{"floor":13.0,"key":"REST"},{"data":"Demon Form","floor":15.0,"key":"SMITH"},{"floor":23.0,"key":"REST"}],"neow_cost":"NO_GOLD","seed_source_timestamp":5499929348844,"circlet_count":0,"master_deck":["AscendersBane","Strike_R","Defend_R","Defend_R","Defend_R","Defend_R","Bash","Spot Weakness+1","Heavy Blade+1","True Grit","Demon Form+1","Immolate","Shockwave","Barricade","Searing Blow","Flame Barrier","Limit Break"],"special_seed":0,"relics":["Burning Blood","Anchor","Omamori","Empty Cage","Red Mask","Oddly Smooth Stone","Dodecahedron"],"potions_floor_usage":[25],"damage_taken":[{"damage":13.0,"enemies":"Cultist","floor":1.0,"turns":5.0},{"damage":4.0,"enemies":"2 Louse","floor":2.0,"turns":4.0},{"damage":12.0,"enemies":"Small Slimes","floor":3.0,"turns":4.0},{"damage":29.0,"enemies":"3 Louse","floor":4.0,"turns":6.0},{"damage":16.0,"enemies":"2 Fungi Beasts","floor":5.0,"turns":6.0},{"damage":16.0,"enemies":"Red Slaver","floor":7.0,"turns":5.0},{"damage":16.0,"enemies":"Exordium Thugs","floor":10.0,"turns":4.0},{"damage":1.0,"enemies":"Looter","floor":11.0,"turns":2.0},{"damage":8.0,"enemies":"3 Sentries","floor":12.0,"turns":5.0},{"damage":2.0,"enemies":"3 Louse","floor":14.0,"turns":5.0},{"damage":49.0,"enemies":"Slime Boss","floor":16.0,"turns":9.0},{"damage":27.0,"enemies":"Chosen","floor":18.0,"turns":6.0},{"damage":41.0,"enemies":"Spheric Guardian","floor":19.0,"turns":6.0},{"damage":2.0,"enemies":"Masked Bandits","floor":22.0,"turns":2.0},{"damage":16.0,"enemies":"Chosen and Byrds","floor":24.0,"turns":6.0},{"damage":23,"enemies":"Slavers","floor":25,"turns":3}],"seed_played":"5972316248645499721","potions_obtained":[{"floor":3.0,"key":"Ancient Potion"},{"floor":4.0,"key":"SteroidPotion"},{"floor":12.0,"key":"Weak Potion"},{"floor":14.0,"key":"Weak Potion"},{"floor":16.0,"key":"AttackPotion"},{"floor":18.0,"key":"GamblersBrew"},{"floor":24.0,"key":"AttackPotion"}],"is_trial":false,"path_per_floor":["M","M","M","M","M","R","M","R","T","M","M","E","R","M","R","B",null,"M","M","?","?","?","R","M","E","T","?"],"character_chosen":"IRONCLAD","items_purchased":[],"campfire_rested":2,"item_purchase_floors":[],"current_hp_per_floor":[75,77,71,48,38,38,28,28,28,18,23,21,47,51,51,8,69,48,13,13,13,17,43,33,16,16,0],"gold":456,"neow_bonus":"TWENTY_PERCENT_HP_BONUS","is_prod":false,"is_daily":false,"chose_seed":false,"campfire_upgraded":3,"win_rate":0,"timestamp":1555501377,"path_taken":["M","M","M","M","M","R","M","R","T","M","M","E","R","M","R","BOSS","M","M","?","?","?","R","M","E","T","?"],"build_version":"2019-01-23","purchased_purges":0,"victory":false,"max_hp_per_floor":[89,89,89,89,89,89,89,89,89,89,89,89,89,89,89,89,89,89,89,89,89,89,89,89,89,89,89],"card_choices":[{"not_picked":["Anger","Reckless Charge","Iron Wave"],"picked":"SKIP","floor":1.0},{"not_picked":["Rupture","Armaments"],"picked":"Spot Weakness","floor":2.0},{"not_picked":["Barricade","Body Slam","Iron Wave"],"picked":"SKIP","floor":3.0},{"not_picked":["Combust","Fire Breathing","Iron Wave"],"picked":"SKIP","floor":4.0},{"not_picked":["Reckless Charge","Intimidate"],"picked":"Heavy Blade","floor":5.0},{"not_picked":["Infernal Blade","Perfected Strike"],"picked":"True Grit","floor":7.0},{"not_picked":["Dual Wield","Uppercut","Headbutt"],"picked":"SKIP","floor":10.0},{"not_picked":["Heavy Blade","Havoc"],"picked":"Demon Form","floor":11.0},{"not_picked":["Intimidate","Clash","Feed"],"picked":"SKIP","floor":12.0},{"not_picked":["Anger","Perfected Strike","Thunderclap"],"picked":"SKIP","floor":14.0},{"not_picked":["Double Tap","Demon Form"],"picked":"Immolate","floor":16.0},{"not_picked":["Cleave","True Grit"],"picked":"Shockwave","floor":18.0},{"not_picked":["Burning Pact+1","Bloodletting","Clash"],"picked":"SKIP","floor":19.0},{"not_picked":["Burning Pact","Heavy Blade"],"picked":"Flame Barrier","floor":24.0},{"not_picked":["Perfected Strike","Intimidate+1"],"picked":"Limit Break","floor":25}],"player_experience":957091,"relics_obtained":[{"floor":9.0,"key":"Anchor"},{"floor":12.0,"key":"Omamori"},{"floor":22.0,"key":"Red Mask"},{"floor":25,"key":"Oddly Smooth Stone"},{"floor":26,"key":"Dodecahedron"}],"event_choices":[{"damage_healed":0.0,"max_hp_gain":0.0,"max_hp_loss":0.0,"gold_gain":0.0,"event_name":"Forgotten Altar","player_choice":"Smashed Altar","floor":20.0,"gold_loss":0.0,"damage_taken":0.0,"cards_obtained":["Decay"]},{"damage_healed":0.0,"max_hp_gain":0.0,"max_hp_loss":0.0,"gold_gain":0.0,"cards_transformed":["Strike_R","Strike_R"],"event_name":"Drug Dealer","player_choice":"Became Test Subject","floor":21.0,"gold_loss":0.0,"damage_taken":0.0,"cards_obtained":["Barricade","Searing Blow"]},{"damage_healed":0.0,"max_hp_gain":0.0,"max_hp_loss":0.0,"gold_gain":0.0,"event_name":"Masked Bandits","player_choice":"Fought Bandits","floor":22.0,"gold_loss":0.0,"damage_taken":0.0}],"is_beta":false,"boss_relics":[{"not_picked":["White Beast Statue","Coffee Dripper"],"picked":"Empty Cage"}],"items_purged_floors":[],"is_endless":false,"potions_floor_spawned":[3,4,5,10,12,14,16,18,19,24],"ascension_level":20}