{"path_per_floor":["M","M","?","$","?","R","E","M","T","$","?","M","M","M","R"],"character_chosen":"IRONCLAD","items_purchased":["Blind","Anger","Regen Potion"],"gold_per_floor":[110,122,122,19,19,19,50,73,73,3,0,24,38,59,59,59],"floor_reached":16,"campfire_rested":1,"playtime":1477,"current_hp_per_floor":[76,77,77,77,70,70,27,32,32,32,32,30,31,28,52,0],"items_purged":[],"gold":59,"score":102,"play_id":"e9b2bb52-7796-46f9-a83f-890d80ef283d","local_time":"20180508153350","is_prod":false,"is_daily":false,"chose_seed":false,"is_ascension_mode":false,"campfire_upgraded":1,"timestamp":1525761230,"path_taken":["M","M","?","$","?","R","E","?","T","$","?","M","M","M","R","BOSS"],"build_version":"2018-05-03","seed_source_timestamp":2231259321503,"purchased_purges":0,"victory":false,"master_deck":["Strike_R","Strike_R","Strike_R","Strike_R","Strike_R","Defend_R","Defend_R","Defend_R","Defend_R","Bash","Searing Blow+1","Flame Barrier","Injury","Blind","Clothesline","Flex+1","Anger","Fire Breathing","Seeing Red+1"],"max_hp_per_floor":[80,80,80,80,80,80,80,80,80,80,80,80,80,80,80,80],"relics":["Burning Blood","Golden Idol","Toxic Egg 2","Bag of Preparation","Darkstone Periapt"],"card_choices":[{"not_picked":["Sword Boomerang","Power Through"],"picked":"Searing Blow","floor":1},{"not_picked":["Warcry","Rampage"],"picked":"Flame Barrier","floor":2},{"not_picked":["True Grit","Body Slam"],"picked":"Clothesline","floor":7},{"not_picked":["Hemokinesis","True Grit"],"picked":"Flex","floor":8},{"not_picked":["Bludgeon","Thunderclap"],"picked":"Fire Breathing","floor":12},{"not_picked":["Thunderclap","Bloodletting"],"picked":"Seeing Red","floor":14}],"player_experience":0,"potions_floor_usage":[16,16,16],"damage_taken":[{"damage":10,"enemies":"Jaw Worm","floor":1,"turns":4},{"damage":5,"enemies":"Small Slimes","floor":2,"turns":3},{"damage":49,"enemies":"3 Sentries","floor":7,"turns":11},{"damage":1,"enemies":"Cultist","floor":8,"turns":3},{"damage":8,"enemies":"Large Slime","floor":12,"turns":5},{"damage":5,"enemies":"Blue Slaver","floor":13,"turns":3},{"damage":9,"enemies":"3 Louse","floor":14,"turns":3},{"damage":67,"enemies":"The Guardian","floor":16,"turns":14}],"event_choices":[{"event_name":"Golden Idol","player_choice":"Take Wound","floor":3,"damage_taken":0},{"event_name":"Scrap Ooze","player_choice":"success","floor":5,"damage_taken":7},{"event_name":"World of Goop","player_choice":"Left","floor":11,"damage_taken":0}],"boss_relics":[],"potions_floor_spawned":[1,7,13,14],"seed_played":"4167917234035511955","killed_by":"The Guardian","ascension_level":0,"is_trial":false}