{"gold_per_floor":[111,125,125,137,157,157,185,267,267,267,267],"floor_reached":11,"playtime":271,"items_purged":[],"score":135,"play_id":"9da21018-9207-499b-ad77-5cd19553f068","local_time":"20190410225105","is_ascension_mode":true,"campfire_choices":[{"data":"Flex","floor":6,"key":"SMITH"},{"data":"Uppercut","floor":10,"key":"SMITH"}],"neow_cost":"TEN_PERCENT_HP_LOSS","seed_source_timestamp":18053087470569,"circlet_count":0,"master_deck":["AscendersBane","Strike_R","Strike_R","Strike_R","Strike_R","Defend_R","Defend_R","Defend_R","Bash","Hemokinesis+1","Second Wind","Flex+1","Twin Strike","Uppercut+1","Power Through","ReplayTheSpireMod:Stacked"],"relics":["Burning Blood","Unceasing Top","Bottled Lightning","ReplayTheSpireMod:Bottled Snecko"],"potions_floor_usage":[],"damage_taken":[{"damage":3,"enemies":"Cultist","floor":1,"turns":3},{"damage":5,"enemies":"Jaw Worm","floor":2,"turns":4},{"damage":5,"enemies":"Small Slimes","floor":4,"turns":2},{"damage":14,"enemies":"3 Louse","floor":5,"turns":2},{"damage":51,"enemies":"Erikyupuro","floor":7,"turns":14},{"damage":22,"enemies":"Large Slime","floor":11,"turns":3}],"seed_played":"-7272922770801407954","potions_obtained":[{"floor":7,"key":"Milkshake"}],"is_trial":false,"path_per_floor":["M","M","?","M","M","R","E","T","T","R","M"],"character_chosen":"IRONCLAD","items_purchased":[],"campfire_rested":0,"item_purchase_floors":[],"current_hp_per_floor":[68,68,68,68,60,60,15,15,15,15,0],"gold":267,"neow_bonus":"TRANSFORM_TWO_CARDS","is_prod":false,"is_daily":false,"chose_seed":false,"campfire_upgraded":2,"win_rate":0,"timestamp":1554904265,"path_taken":["M","?","?","M","M","R","E","?","T","R","?"],"build_version":"2019-01-23","purchased_purges":0,"victory":false,"max_hp_per_floor":[68,68,68,68,68,68,68,68,68,68,68],"card_choices":[{"not_picked":["Perfected Strike","Shrug It Off"],"picked":"Flex","floor":1},{"not_picked":["Iron Wave","Replay:Undeath\u0027s Touch"],"picked":"Twin Strike","floor":2},{"not_picked":["Ghostly Armor","Rage"],"picked":"Uppercut","floor":4},{"not_picked":["Wild Strike","Ghostly Armor"],"picked":"Power Through","floor":5},{"not_picked":["Impervious","Sentinel"],"picked":"ReplayTheSpireMod:Stacked","floor":7}],"player_experience":894041,"relics_obtained":[{"floor":7,"key":"Unceasing Top"},{"floor":8,"key":"Bottled Lightning"},{"floor":9,"key":"ReplayTheSpireMod:Bottled Snecko"}],"event_choices":[],"is_beta":false,"boss_relics":[],"items_purged_floors":[],"is_endless":false,"potions_floor_spawned":[7],"killed_by":"Large Slime","ascension_level":17}