{"gold_per_floor":[112,112,112,112,131,175,175,194,220,264,264,277,352,430,430,526,526,540,540,379,393,393],"floor_reached":22,"playtime":816,"items_purged":[],"score":412,"play_id":"88dc4345-9b92-4f5f-8acb-f97702aa3865","local_time":"20190424214842","is_ascension_mode":true,"campfire_choices":[{"floor":7.0,"key":"REST"},{"floor":15.0,"key":"REST"}],"neow_cost":"NONE","seed_source_timestamp":26110956673013,"circlet_count":0,"master_deck":["AscendersBane","Defend_G","Defend_G","Defend_G","Defend_G","Defend_G","Strike_G","Strike_G","Strike_G","Survivor","Neutralize","Backflip","Dagger Throw","Footwork","Poisoned Stab","Dash","A Thousand Cuts","Bane","Distraction","Unload","Slice","Heel Hook+1"],"special_seed":0,"relics":["Ring of the Snake","NeowsBlessing","Golden Idol","StoneCalendar","Darkstone Periapt","Art of War","Snake Skull","Coffee Dripper","MutagenicStrength","Oddly Smooth Stone"],"potions_floor_usage":[21],"damage_taken":[{"damage":0.0,"enemies":"Jaw Worm","floor":1.0,"turns":1.0},{"damage":0.0,"enemies":"Cultist","floor":5.0,"turns":1.0},{"damage":0.0,"enemies":"Gremlin Nob","floor":6.0,"turns":1.0},{"damage":0.0,"enemies":"2 Louse","floor":8.0,"turns":3.0},{"damage":23.0,"enemies":"Lagavulin","floor":10.0,"turns":8.0},{"damage":0.0,"enemies":"2 Fungi Beasts","floor":12.0,"turns":4.0},{"damage":12.0,"enemies":"The Guardian","floor":16.0,"turns":15.0},{"damage":4.0,"enemies":"2 Thieves","floor":18.0,"turns":5.0},{"damage":11,"enemies":"Shell Parasite","floor":21,"turns":6},{"damage":19,"enemies":"Shelled Parasite and Fungi","floor":22,"turns":3}],"seed_played":"2609036252760321196","potions_obtained":[{"floor":10.0,"key":"SteroidPotion"},{"floor":12.0,"key":"Fire Potion"},{"floor":16.0,"key":"AttackPotion"}],"is_trial":false,"path_per_floor":["M","?","?","T","M","E","R","M","T","E","?","M","?","?","R","B",null,"M","?","$","M","M"],"character_chosen":"THE_SILENT","items_purchased":["Oddly Smooth Stone"],"campfire_rested":2,"item_purchase_floors":[20],"current_hp_per_floor":[59,59,36,36,36,36,55,55,55,32,32,32,21,21,40,28,57,53,53,53,42,23],"gold":393,"neow_bonus":"THREE_ENEMY_KILL","is_prod":false,"is_daily":false,"chose_seed":false,"campfire_upgraded":0,"win_rate":0,"timestamp":1556167722,"path_taken":["M","?","?","?","?","E","R","M","T","E","?","?","?","?","R","BOSS","M","?","$","M","M"],"build_version":"2019-01-23","purchased_purges":0,"victory":false,"max_hp_per_floor":[66,66,66,66,66,66,66,66,66,66,66,66,66,66,66,66,66,66,66,66,66,66],"card_choices":[{"not_picked":["Underhanded Strike","Terror"],"picked":"Backflip","floor":1.0},{"not_picked":["Dash","Leg Sweep"],"picked":"Footwork","floor":5.0},{"not_picked":["Outmaneuver","PiercingWail"],"picked":"Poisoned Stab","floor":6.0},{"not_picked":["Bane","Poisoned Stab"],"picked":"Dash","floor":8.0},{"not_picked":["Distraction","Dagger Spray"],"picked":"A Thousand Cuts","floor":10.0},{"not_picked":["Bane","Dagger Throw"],"picked":"Distraction","floor":12.0},{"not_picked":["Grand Finale","Bullet Time"],"picked":"Unload","floor":16.0},{"not_picked":["Flying Knee","Dodge and Roll"],"picked":"Slice","floor":18.0},{"not_picked":["All Out Attack","Calculated Gamble"],"picked":"Heel Hook+1","floor":21}],"player_experience":751800,"relics_obtained":[{"floor":4.0,"key":"StoneCalendar"},{"floor":6.0,"key":"Darkstone Periapt"},{"floor":9.0,"key":"Art of War"},{"floor":10.0,"key":"Snake Skull"}],"event_choices":[{"damage_healed":0.0,"max_hp_gain":0.0,"max_hp_loss":0.0,"gold_gain":0.0,"cards_transformed":["Strike_G"],"event_name":"Living Wall","player_choice":"Change","floor":2.0,"gold_loss":0.0,"damage_taken":0.0,"cards_obtained":["Dagger Throw"]},{"damage_healed":0.0,"max_hp_gain":0.0,"max_hp_loss":0.0,"gold_gain":0.0,"event_name":"Golden Idol","player_choice":"Take Damage","floor":3.0,"gold_loss":0.0,"damage_taken":23.0,"relics_obtained":["Golden Idol"]},{"damage_healed":0.0,"max_hp_gain":0.0,"max_hp_loss":0.0,"gold_gain":0.0,"cards_transformed":["Strike_G"],"event_name":"Transmorgrifier","player_choice":"Transformed","floor":11.0,"gold_loss":0.0,"damage_taken":0.0,"cards_obtained":["Bane"]},{"damage_healed":0.0,"max_hp_gain":0.0,"max_hp_loss":0.0,"gold_gain":75.0,"event_name":"World of Goop","player_choice":"Gather Gold","floor":13.0,"gold_loss":0.0,"damage_taken":11.0},{"damage_healed":0.0,"max_hp_gain":0.0,"max_hp_loss":0.0,"gold_gain":78.0,"event_name":"Golden Wing","player_choice":"Gained Gold","floor":14.0,"gold_loss":0.0,"damage_taken":0.0},{"damage_healed":0,"gold_gain":0,"player_choice":"Inject Mutagens","damage_taken":0,"relics_obtained":["MutagenicStrength"],"max_hp_gain":0,"max_hp_loss":0,"event_name":"Drug Dealer","floor":19,"gold_loss":0}],"is_beta":false,"boss_relics":[{"not_picked":["WristBlade","Runic Pyramid"],"picked":"Coffee Dripper"}],"items_purged_floors":[],"is_endless":false,"potions_floor_spawned":[10,12,16],"killed_by":"Shelled Parasite and Fungi","ascension_level":18}