{"gold_per_floor":[112,131,81,81,1,1,20,34,34,54,54,74,84,9,9,111,111,121,220,120,120,120,120,140,169,169,183,199,199,219,234,234,332,332,348,144,162,178,0,30,40,40,40,52,83,106,118,14,14,14],"floor_reached":51,"playtime":2335,"items_purged":["Strike_R","Heavy Blade","Hemokinesis"],"score":718,"play_id":"7343fd97-5020-4cba-b289-f493a65d6bb1","local_time":"20180923185359","is_ascension_mode":false,"campfire_choices":[{"data":"Juggernaut","floor":6,"key":"SMITH"},{"data":"Rage","floor":11,"key":"SMITH"},{"floor":15,"key":"REST"},{"data":"Iron Wave","floor":23,"key":"SMITH"},{"data":"True Grit","floor":29,"key":"SMITH"},{"data":"True Grit","floor":32,"key":"SMITH"},{"data":"Barricade","floor":42,"key":"SMITH"},{"data":"Body Slam","floor":44,"key":"SMITH"},{"floor":47,"key":"REST"},{"data":"Feel No Pain","floor":49,"key":"SMITH"}],"neow_cost":"NONE","seed_source_timestamp":11684865863446,"circlet_count":0,"master_deck":["Bash","True Grit+1","Havoc","Juggernaut+1","Body Slam+1","Rage+1","Disarm","Metallicize","Twin Strike","Iron Wave+1","Shrug It Off","Power Through+1","Flame Barrier","True Grit+1","Evolve+1","Barricade+1","Feel No Pain+1","Body Slam+1"],"relics":["Empty Cage","Matryoshka","Pandora\u0027s Box","Sundial","Molten Egg 2","Vajra","Meat on the Bone","Busted Crown","Red Mask","Question Card","Shuriken","MawBank"],"potions_floor_usage":[16,16,25,25,31,50,50,50],"damage_taken":[{"damage":16,"enemies":"Jaw Worm","floor":1,"turns":5},{"damage":1,"enemies":"Small Slimes","floor":2,"turns":4},{"damage":1,"enemies":"2 Louse","floor":7,"turns":3},{"damage":16,"enemies":"Exordium Wildlife","floor":8,"turns":5},{"damage":20,"enemies":"Red Slaver","floor":10,"turns":5},{"damage":6,"enemies":"2 Fungi Beasts","floor":12,"turns":3},{"damage":12,"enemies":"3 Louse","floor":13,"turns":4},{"damage":26,"enemies":"Slime Boss","floor":16,"turns":13},{"damage":11,"enemies":"Chosen","floor":18,"turns":5},{"damage":3,"enemies":"3 Byrds","floor":24,"turns":4},{"damage":40,"enemies":"Slavers","floor":25,"turns":7},{"damage":3,"enemies":"Centurion and Healer","floor":27,"turns":6},{"damage":0,"enemies":"Chosen and Byrds","floor":28,"turns":6},{"damage":6,"enemies":"Snecko","floor":30,"turns":7},{"damage":20,"enemies":"Centurion and Healer","floor":31,"turns":7},{"damage":42,"enemies":"Collector","floor":33,"turns":14},{"damage":18,"enemies":"Orb Walker","floor":35,"turns":6},{"damage":2,"enemies":"3 Darklings","floor":37,"turns":6},{"damage":0,"enemies":"Sphere and 2 Shapes","floor":38,"turns":5},{"damage":1,"enemies":"Giant Head","floor":40,"turns":7},{"damage":24,"enemies":"Transient","floor":41,"turns":5},{"damage":0,"enemies":"3 Darklings","floor":45,"turns":5},{"damage":30,"enemies":"Sphere and 2 Shapes","floor":46,"turns":4},{"damage":4,"enemies":"Time Eater","floor":50,"turns":9}],"seed_played":"-318917298138469629","potions_obtained":[{"floor":2,"key":"FairyPotion"},{"floor":8,"key":"Block Potion"},{"floor":13,"key":"Fire Potion"},{"floor":16,"key":"Poison Potion"},{"floor":18,"key":"Swift Potion"},{"floor":27,"key":"Weak Potion"},{"floor":38,"key":"SteroidPotion"},{"floor":40,"key":"Strength Potion"},{"floor":41,"key":"PowerPotion"}],"is_trial":false,"path_per_floor":["M","M","?","?","$","R","M","M","T","M","R","M","M","$","R","B",null,"M","?","$","?","$","R","M","E","T","M","M","R","M","M","R","B",null,"M","$","M","M","?","E","M","R","T","R","M","M","R","$","R","B"],"character_chosen":"IRONCLAD","items_purchased":["Juggernaut","Feel No Pain","Body Slam+1","Ancient Potion"],"campfire_rested":2,"item_purchase_floors":[5,36,48,48],"current_hp_per_floor":[64,63,63,68,68,68,67,51,51,31,31,25,13,13,38,12,85,74,74,74,74,74,74,71,31,31,40,52,52,46,38,38,18,85,67,67,65,65,65,64,52,52,52,52,52,34,59,59,59,55],"gold":14,"neow_bonus":"BOSS_RELIC","is_prod":false,"is_daily":false,"chose_seed":false,"campfire_upgraded":8,"win_rate":0,"timestamp":1537696439,"path_taken":["M","M","?","?","?","R","M","M","T","M","R","M","?","$","R","BOSS","M","?","?","?","$","R","M","E","T","M","M","R","?","M","R","BOSS","M","$","M","M","?","E","M","R","T","R","?","M","R","$","R","BOSS"],"build_version":"2018-09-20","purchased_purges":3,"victory":true,"max_hp_per_floor":[80,80,80,85,85,85,85,85,85,85,85,85,85,85,85,85,85,85,85,85,85,85,85,85,85,85,85,85,85,85,85,85,85,85,85,85,85,85,85,85,85,85,85,85,85,85,85,85,85,85],"card_choices":[{"not_picked":["Cleave","Clothesline"],"picked":"True Grit","floor":1},{"not_picked":["Shrug It Off","Entrench"],"picked":"Havoc","floor":2},{"not_picked":["Battle Trance","Shrug It Off"],"picked":"Body Slam","floor":7},{"not_picked":["Flex","Dark Embrace"],"picked":"Rage","floor":8},{"not_picked":["True Grit","Heavy Blade","Anger"],"picked":"SKIP","floor":10},{"not_picked":["Perfected Strike","Headbutt"],"picked":"Disarm","floor":12},{"not_picked":["Flex","Armaments"],"picked":"Metallicize","floor":13},{"not_picked":["Flex","Cleave+1","Body Slam"],"picked":"SKIP","floor":18},{"not_picked":["Rage","Impervious"],"picked":"Power Through+1","floor":24},{"not_picked":["Rage","Berserk"],"picked":"Flame Barrier","floor":25},{"not_picked":["Cleave+1","Thunderclap+1"],"picked":"True Grit","floor":27},{"not_picked":["Pommel Strike+1","Feel No Pain+1"],"picked":"Evolve+1","floor":28},{"not_picked":["Clothesline+1","Heavy Blade+1","Corruption"],"picked":"SKIP","floor":30},{"not_picked":["Perfected Strike+1","Armaments","Wild Strike+1"],"picked":"SKIP","floor":31},{"not_picked":["Limit Break","Exhume"],"picked":"Barricade","floor":33},{"not_picked":["Fire Breathing+1"],"picked":"SKIP","floor":35},{"not_picked":["True Grit"],"picked":"SKIP","floor":37},{"not_picked":["Fire Breathing+1"],"picked":"SKIP","floor":38},{"not_picked":["Barricade"],"picked":"SKIP","floor":40},{"not_picked":["Combust","Wild Strike+1"],"picked":"SKIP","floor":41},{"not_picked":["Corruption","Perfected Strike+1"],"picked":"SKIP","floor":45},{"not_picked":["Iron Wave+1","True Grit+1"],"picked":"SKIP","floor":46}],"player_experience":159714,"relics_obtained":[{"floor":9,"key":"Matryoshka"},{"floor":25,"key":"Molten Egg 2"},{"floor":26,"key":"Vajra"},{"floor":26,"key":"Meat on the Bone"},{"floor":40,"key":"Question Card"},{"floor":43,"key":"Shuriken"},{"floor":43,"key":"MawBank"}],"event_choices":[{"event_name":"The Cleric","player_choice":"Card Removal","floor":3,"damage_taken":0},{"event_name":"Big Fish","player_choice":"Donut","floor":4,"damage_taken":0},{"event_name":"Nest","player_choice":"Stole From Cult","floor":19,"damage_taken":0},{"event_name":"The Mausoleum","player_choice":"Yes","floor":21,"damage_taken":0},{"event_name":"Tomb of Lord Red Mask","player_choice":"Paid","floor":39,"damage_taken":0}],"is_beta":false,"boss_relics":[{"not_picked":["Runic Dome","Orrery"],"picked":"Pandora\u0027s Box"},{"not_picked":["Lizard Tail","Snecko Eye"],"picked":"Busted Crown"}],"items_purged_floors":[14,20,36],"is_endless":false,"potions_floor_spawned":[2,8,13,16,18,27,38,40,41],"ascension_level":0}