{"gold_per_floor":[14,14,28,42,42,69,79,79,79,79,98,98,113,138,138,239,239,258,278,296,315,329,355,355,366,366,20,30,30,41,73,73,172,172,189,208,208,224,80,80,0,0,0,16,16,16,16,16,16,16],"floor_reached":51,"playtime":1280,"items_purged":["Doubt"],"score":726,"play_id":"1fe4ff91-30d8-4653-8eac-c3d03ebf2658","local_time":"20190429081554","is_ascension_mode":false,"campfire_choices":[{"data":"Flex","floor":10,"key":"SMITH"},{"data":"Spot Weakness","floor":12,"key":"SMITH"},{"data":"Bash","floor":15,"key":"SMITH"},{"data":"Double Tap","floor":24,"key":"SMITH"},{"data":"Burning Pact","floor":32,"key":"SMITH"},{"data":"Limit Break","floor":40,"key":"SMITH"},{"data":"Demon Form","floor":42,"key":"SMITH"},{"data":"Power Through","floor":46,"key":"SMITH"},{"data":"Second Wind","floor":49,"key":"SMITH"}],"neow_cost":"NO_GOLD","seed_source_timestamp":1217400274244,"circlet_count":0,"master_deck":["Strike_R","Strike_R","Strike_R","Strike_R","Defend_R","Defend_R","Defend_R","Bash+1","Spot Weakness+1","Clash","Flex+1","Sword Boomerang","Double Tap+1","Second Wind+1","Dramatic Entrance","Impervious","Body Slam+1","True Grit+1","Reaper+1","Fiend Fire+1","Fiend Fire+1","Burning Pact+1","Demon Form+1","Shockwave","Feel No Pain+1","Injury","Power Through+1","Limit Break+1","Shame"],"special_seed":0,"relics":["Burning Blood","Sundial","Mercury Hourglass","Molten Egg 2","Cursed Key","Calipers","Letter Opener","TheAbacus","Shuriken","Velvet Choker","Singing Bowl","Red Mask","Frozen Egg 2","Pen Nib"],"potions_floor_usage":[16,16,23,31,33,33,33,50,50],"damage_taken":[{"damage":1.0,"enemies":"Cultist","floor":1.0,"turns":4.0},{"damage":3.0,"enemies":"Jaw Worm","floor":3.0,"turns":3.0},{"damage":0.0,"enemies":"2 Louse","floor":4.0,"turns":2.0},{"damage":18.0,"enemies":"Gremlin Nob","floor":6.0,"turns":4.0},{"damage":8.0,"enemies":"Red Slaver","floor":7.0,"turns":2.0},{"damage":0,"enemies":"2 Fungi Beasts","floor":11,"turns":2},{"damage":10,"enemies":"Looter","floor":13,"turns":2},{"damage":31,"enemies":"Lagavulin","floor":14,"turns":5},{"damage":39,"enemies":"Hexaghost","floor":16,"turns":6},{"damage":12,"enemies":"Shell Parasite","floor":18,"turns":3},{"damage":0,"enemies":"3 Byrds","floor":19,"turns":4},{"damage":0,"enemies":"Centurion and Healer","floor":20,"turns":4},{"damage":12,"enemies":"3 Cultists","floor":21,"turns":4},{"damage":0,"enemies":"Snecko","floor":22,"turns":3},{"damage":6,"enemies":"Gremlin Leader","floor":23,"turns":4},{"damage":36,"enemies":"Snake Plant","floor":25,"turns":4},{"damage":3,"enemies":"3 Cultists","floor":28,"turns":4},{"damage":10,"enemies":"Chosen and Byrds","floor":30,"turns":2},{"damage":33,"enemies":"Slavers","floor":31,"turns":4},{"damage":51,"enemies":"Collector","floor":33,"turns":8},{"damage":40,"enemies":"3 Darklings","floor":35,"turns":4},{"damage":0,"enemies":"3 Shapes","floor":36,"turns":3},{"damage":29,"enemies":"3 Darklings","floor":38,"turns":3},{"damage":36,"enemies":"Transient","floor":44,"turns":5},{"damage":35,"enemies":"Awakened One","floor":50,"turns":9}],"seed_played":"-7496639241989099470","potions_obtained":[{"floor":1.0,"key":"Dexterity Potion"},{"floor":4.0,"key":"Strength Potion"},{"floor":7.0,"key":"SpeedPotion"},{"floor":14,"key":"Regen Potion"},{"floor":18,"key":"SkillPotion"},{"floor":19,"key":"GamblersBrew"},{"floor":30,"key":"Block Potion"},{"floor":31,"key":"Poison Potion"},{"floor":38,"key":"Strength Potion"},{"floor":44,"key":"LiquidBronze"}],"is_trial":false,"path_per_floor":["M","$","M","M","?","E","M","?","T","R","M","R","M","E","R","B",null,"M","M","M","M","M","E","R","M","T","$","M","?","M","E","R","B",null,"M","M","T","M","$","R","?","R","T","M","?","R","$","?","R","B",null],"character_chosen":"IRONCLAD","items_purchased":["Reaper+1","TheAbacus","Limit Break"],"campfire_rested":0,"item_purchase_floors":[27,27,39],"current_hp_per_floor":[80,80,80,80,85,73,71,71,71,71,77,77,73,48,48,24,85,79,85,85,79,85,85,85,55,55,55,73,73,69,54,54,9,85,51,57,57,55,55,55,55,55,55,27,76,76,76,76,76,62],"gold":16,"neow_bonus":"REMOVE_TWO","is_prod":false,"is_daily":false,"chose_seed":false,"campfire_upgraded":9,"win_rate":0,"timestamp":1556493354,"path_taken":["M","?","M","M","?","E","M","?","T","R","M","R","?","E","R","BOSS","M","M","M","M","?","E","R","M","T","$","M","?","M","E","R","BOSS","M","M","?","M","$","R","?","R","T","M","?","R","$","?","R","BOSS"],"build_version":"2019-01-23","purchased_purges":1,"victory":true,"max_hp_per_floor":[80,80,80,80,85,85,85,85,85,85,85,85,85,85,85,85,85,85,85,85,85,85,85,85,85,85,85,85,85,85,85,85,85,85,85,85,85,85,85,85,85,85,85,87,76,76,76,76,76,76],"card_choices":[{"not_picked":["Reckless Charge","Ghostly Armor"],"picked":"Spot Weakness","floor":1.0},{"not_picked":["Perfected Strike","Cleave"],"picked":"Clash","floor":3.0},{"not_picked":["Seeing Red","Sever Soul"],"picked":"Flex","floor":4.0},{"not_picked":["Clothesline","Anger"],"picked":"Sword Boomerang","floor":6.0},{"not_picked":["Uppercut","Anger","Bloodletting"],"picked":"SKIP","floor":7.0},{"not_picked":["Flex","True Grit","Sever Soul"],"picked":"SKIP","floor":11},{"not_picked":["Clash","Rupture","Infernal Blade"],"picked":"SKIP","floor":13},{"not_picked":["Twin Strike","Bludgeon","Heavy Blade"],"picked":"SKIP","floor":14},{"not_picked":["Juggernaut","Feed+1"],"picked":"Impervious","floor":16},{"not_picked":["Clothesline+1","Thunderclap+1","Wild Strike+1"],"picked":"SKIP","floor":18},{"not_picked":["Searing Blow+1","Shrug It Off"],"picked":"Body Slam+1","floor":19},{"not_picked":["Cleave+1","Clothesline+1"],"picked":"Heavy Blade+1","floor":20},{"not_picked":["Twin Strike+1","Reckless Charge+1","Cleave+1"],"picked":"SKIP","floor":21},{"not_picked":["Havoc","Warcry+1","Sentinel"],"picked":"SKIP","floor":22},{"not_picked":["Cleave+1","Carnage+1"],"picked":"True Grit+1","floor":23},{"not_picked":["Fire Breathing","Warcry","Headbutt+1"],"picked":"SKIP","floor":25},{"not_picked":["Sentinel","Disarm+1"],"picked":"Fiend Fire+1","floor":28},{"not_picked":["Wild Strike+1","Twin Strike+1","True Grit"],"picked":"SKIP","floor":30},{"not_picked":["Armaments","Double Tap"],"picked":"Burning Pact","floor":31},{"not_picked":["Offering","Berserk"],"picked":"Demon Form","floor":33},{"not_picked":["Sword Boomerang+1","Heavy Blade+1"],"picked":"Shockwave","floor":35},{"not_picked":["Clothesline+1","Warcry+1"],"picked":"Feel No Pain+1","floor":36},{"not_picked":["Cleave+1","Perfected Strike+1"],"picked":"Power Through","floor":38},{"not_picked":["Bloodletting","Ghostly Armor","Whirlwind+1"],"picked":"Singing Bowl","floor":44}],"player_experience":978551,"relics_obtained":[{"floor":6.0,"key":"Sundial"},{"floor":9,"key":"Mercury Hourglass"},{"floor":14,"key":"Molten Egg 2"},{"floor":23,"key":"Calipers"},{"floor":26,"key":"Letter Opener"},{"floor":31,"key":"Shuriken"},{"floor":37,"key":"Singing Bowl"},{"floor":43,"key":"Frozen Egg 2"}],"event_choices":[{"damage_healed":0.0,"max_hp_gain":5.0,"max_hp_loss":0.0,"gold_gain":0.0,"event_name":"Big Fish","player_choice":"Donut","floor":5.0,"gold_loss":0.0,"damage_taken":0.0},{"damage_healed":0,"gold_gain":0,"player_choice":"3 cards matched","damage_taken":0,"max_hp_gain":0,"max_hp_loss":0,"event_name":"Match and Keep!","floor":8,"gold_loss":0,"cards_obtained":["Double Tap","Second Wind","Dramatic Entrance"]},{"damage_healed":0,"gold_gain":0,"player_choice":"1 cards matched","damage_taken":0,"max_hp_gain":0,"max_hp_loss":0,"event_name":"Match and Keep!","floor":29,"gold_loss":0,"cards_obtained":["Fiend Fire"]},{"damage_healed":0,"gold_gain":0,"player_choice":"Paid","damage_taken":0,"relics_obtained":["Red Mask"],"max_hp_gain":0,"max_hp_loss":0,"event_name":"Tomb of Lord Red Mask","floor":41,"gold_loss":80},{"damage_healed":76,"gold_gain":0,"player_choice":"Heal","damage_taken":0,"max_hp_gain":0,"max_hp_loss":11,"event_name":"The Moai Head","floor":45,"gold_loss":0},{"cards_removed":["Heavy Blade"],"damage_healed":0,"gold_gain":0,"player_choice":"Gave Card","damage_taken":0,"relics_obtained":["Pen Nib"],"max_hp_gain":0,"max_hp_loss":0,"event_name":"WeMeetAgain","floor":48,"gold_loss":0}],"is_beta":false,"boss_relics":[{"not_picked":["Lizard Tail","Eternal Feather"],"picked":"Cursed Key"},{"not_picked":["Fusion Hammer","White Beast Statue"],"picked":"Velvet Choker"}],"items_purged_floors":[27],"is_endless":false,"potions_floor_spawned":[1,4,7,14,18,19,22,30,31,38,44],"ascension_level":0}