{"path_per_floor":["M","$","M","M","M","R","?","R","T","M","R","M","R","M","R","B",null,"M","?","M","?","M","R","$","R","T","R","M","?","M","$","R"],"character_chosen":"IRONCLAD","items_purchased":["Corruption","Thunderclap","Inflame"],"gold_per_floor":[116,7,22,33,48,48,123,123,123,143,143,153,153,165,165,263,263,277,192,212,212,228,228,28,28,52,52,67,67,80,80,80,80],"floor_reached":33,"campfire_rested":5,"playtime":956,"current_hp_per_floor":[80,80,71,71,71,71,60,60,60,52,76,66,66,49,73,58,80,66,76,55,37,19,47,47,75,75,75,55,55,33,33,61,0],"items_purged":["Defend_R","Corruption"],"gold":80,"score":264,"play_id":"a0fe9910-ff57-44a0-8901-1bec653a528c","local_time":"20180509155951","is_prod":false,"is_daily":false,"chose_seed":false,"is_ascension_mode":false,"campfire_upgraded":4,"timestamp":1525849191,"path_taken":["M","$","M","M","?","R","?","R","T","M","R","?","R","M","R","BOSS","M","?","M","?","M","R","$","R","T","R","M","?","M","$","R","BOSS"],"build_version":"2018-05-07","seed_source_timestamp":12986557423977,"purchased_purges":2,"victory":false,"master_deck":["Strike_R","Strike_R","Defend_R","Defend_R","Defend_R","Bash+1","Fiend Fire+1","Inflame+1","Dropkick+1","Thunderclap+1","Anger+1","Rage","Demon Form+1","Spot Weakness+1","Thunderclap","Inflame","Anger","Flex+1"],"max_hp_per_floor":[80,80,80,80,80,80,80,80,80,80,80,80,80,80,80,80,80,80,90,90,95,95,95,95,95,95,95,95,95,95,95,95,95],"relics":["Astrolabe","Omamori","Sozu","Pear","Orichalcum"],"card_choices":[{"not_picked":["Twin Strike","Dropkick"],"picked":"Thunderclap","floor":4},{"not_picked":["Rupture","Warcry"],"picked":"Anger","floor":12},{"not_picked":["Evolve","Pommel Strike"],"picked":"Rage","floor":14},{"not_picked":["Juggernaut","Dark Embrace"],"picked":"Demon Form","floor":16},{"not_picked":["Warcry","Evolve"],"picked":"Spot Weakness","floor":22},{"not_picked":["Combust","Pummel"],"picked":"Anger","floor":28},{"not_picked":["Carnage","Headbutt"],"picked":"Flex","floor":30}],"player_experience":29839,"potions_floor_usage":[16,16,22],"damage_taken":[{"damage":0,"enemies":"Cultist","floor":1,"turns":2},{"damage":9,"enemies":"Small Slimes","floor":3,"turns":3},{"damage":0,"enemies":"2 Louse","floor":4,"turns":2},{"damage":0,"enemies":"Large Slime","floor":5,"turns":3},{"damage":8,"enemies":"Red Slaver","floor":10,"turns":4},{"damage":10,"enemies":"Exordium Wildlife","floor":12,"turns":2},{"damage":17,"enemies":"Exordium Thugs","floor":14,"turns":3},{"damage":15,"enemies":"Slime Boss","floor":16,"turns":8},{"damage":14,"enemies":"2 Thieves","floor":18,"turns":3},{"damage":21,"enemies":"Chosen","floor":20,"turns":4},{"damage":18,"enemies":"Snake Plant","floor":22,"turns":3},{"damage":20,"enemies":"Snecko","floor":28,"turns":4},{"damage":22,"enemies":"Cultist and Chosen","floor":30,"turns":5},{"damage":64,"enemies":"Collector","floor":33,"turns":4}],"event_choices":[{"event_name":"World of Goop","player_choice":"Gather Gold","floor":7,"damage_taken":0},{"event_name":"Addict","player_choice":"Obtained Relic","floor":19,"damage_taken":0},{"event_name":"Forgotten Altar","player_choice":"Shed Blood","floor":21,"damage_taken":0},{"event_name":"Beggar","player_choice":"Ignored","floor":29,"damage_taken":0}],"boss_relics":[{"not_picked":["Philosopher\u0027s Stone","Calling Bell"],"picked":"Sozu"}],"potions_floor_spawned":[3,4,10,14,18,20,30],"seed_played":"579908128028895795","killed_by":"Collector","ascension_level":0,"is_trial":false}