{"gold_per_floor":[112,112,37,37,54,85,85,85,85,85,110,110,121,121,121,198,198,212,212,212,223,237,237,266,266,266,292,123,48,83,97,97,172,172,188,0,100,100,119,466,498,498,498,529,529,529,8,43,43,43],"floor_reached":51,"playtime":2912,"items_purged":[],"score":1890,"play_id":"78801909-2336-4f2e-9efc-3fac3cbeee5b","local_time":"20190524185928","is_ascension_mode":true,"campfire_choices":[{"data":"Survivor","floor":7.0,"key":"SMITH"},{"data":"Neutralize","floor":10.0,"key":"SMITH"},{"data":"Well Laid Plans","floor":12.0,"key":"SMITH"},{"data":"Footwork","floor":15.0,"key":"SMITH"},{"floor":23.0,"key":"REST"},{"data":"Cloak And Dagger","floor":25.0,"key":"SMITH"},{"floor":32.0,"key":"REST"},{"data":"Cloak And Dagger","floor":42.0,"key":"SMITH"},{"data":"Tools of the Trade","floor":45.0,"key":"SMITH"},{"data":"Secret Technique","floor":49.0,"key":"SMITH"}],"neow_cost":"NONE","seed_source_timestamp":3850203345631,"circlet_count":0,"master_deck":["AscendersBane","Defend_G+1","Defend_G+1","Defend_G+1","Defend_G+1","Defend_G+1","Strike_G+1","Strike_G+1","Strike_G+1","Survivor+1","Neutralize+1","Dagger Throw","Well Laid Plans+1","Dagger Throw","Quick Slash","Footwork+1","Die Die Die","Cloak And Dagger+1","Deflect+1","Cloak And Dagger+1","Quick Slash+1","Slice","Tools of the Trade+1","Dodge and Roll+1","Predator+1","Madness","Madness","Secret Technique+1"],"special_seed":0,"relics":["Ring of the Snake","NeowsBlessing","Letter Opener","WarpedTongs","Shuriken","Turnip","WingedGreaves","PreservedInsect","Philosopher\u0027s Stone","Incense Burner","Calipers","Bronze Scales","Bag of Preparation","Vajra","Busted Crown","Red Mask","Pocketwatch","Potion Belt","Old Coin","Pear","Juzu Bracelet","Art of War","Lee\u0027s Waffle","Strawberry"],"potions_floor_usage":[50,50,50,50],"damage_taken":[{"damage":0.0,"enemies":"Cultist","floor":1.0,"turns":1.0},{"damage":1.0,"enemies":"Small Slimes","floor":5.0,"turns":1.0},{"damage":1.0,"enemies":"3 Sentries","floor":6.0,"turns":2.0},{"damage":0.0,"enemies":"Lagavulin","floor":11.0,"turns":8.0},{"damage":4.0,"enemies":"Jaw Worm","floor":13.0,"turns":3.0},{"damage":7.0,"enemies":"The Guardian","floor":16.0,"turns":13.0},{"damage":5.0,"enemies":"2 Thieves","floor":18.0,"turns":4.0},{"damage":24.0,"enemies":"3 Byrds","floor":21.0,"turns":6.0},{"damage":20.0,"enemies":"Snecko","floor":22.0,"turns":5.0},{"damage":0.0,"enemies":"Gremlin Leader","floor":24.0,"turns":5.0},{"damage":16.0,"enemies":"Slavers","floor":27.0,"turns":4.0},{"damage":0.0,"enemies":"Gremlin Leader","floor":30.0,"turns":4.0},{"damage":5.0,"enemies":"Shelled Parasite and Fungi","floor":31.0,"turns":4.0},{"damage":3.0,"enemies":"Champ","floor":33.0,"turns":10.0},{"damage":1.0,"enemies":"3 Shapes","floor":35.0,"turns":3.0},{"damage":2.0,"enemies":"Mind Bloom Boss Battle","floor":37.0,"turns":4.0},{"damage":0.0,"enemies":"3 Darklings","floor":39.0,"turns":4.0},{"damage":9.0,"enemies":"2 Orb Walkers","floor":40.0,"turns":5.0},{"damage":1.0,"enemies":"Reptomancer","floor":41.0,"turns":7.0},{"damage":1.0,"enemies":"Giant Head","floor":44.0,"turns":6.0},{"damage":0.0,"enemies":"Reptomancer","floor":48.0,"turns":5.0},{"damage":0,"enemies":"Donu and Deca","floor":50,"turns":9}],"seed_played":"1158631694930237212","potions_obtained":[{"floor":11.0,"key":"Regen Potion"},{"floor":13.0,"key":"SkillPotion"},{"floor":22.0,"key":"AttackPotion"},{"floor":24.0,"key":"Swift Potion"},{"floor":30.0,"key":"Swift Potion"},{"floor":31.0,"key":"LiquidBronze"},{"floor":33.0,"key":"GhostInAJar"},{"floor":39.0,"key":"AttackPotion"},{"floor":48.0,"key":"Strength Potion"}],"is_trial":false,"path_per_floor":["M","T","?","?","M","E","R","?","T","R","E","R","M","T","R","B",null,"M","?","?","M","M","R","E","R","T","E","$","?","E","M","R","B",null,"M","?","?","T","M","?","E","R","T","E","R","?","$","E","R","B",null],"character_chosen":"THE_SILENT","items_purchased":["Bag of Preparation","Lee\u0027s Waffle","Poison Potion","FearPotion","Secret Technique"],"campfire_rested":2,"item_purchase_floors":[28,47,47,47,47],"current_hp_per_floor":[59,59,59,59,58,57,57,57,57,57,57,57,53,53,53,46,61,56,56,56,47,27,46,46,46,46,30,30,30,30,25,44,41,60,59,59,57,57,57,48,57,57,57,56,56,42,83,90,90,90],"gold":43,"neow_bonus":"THREE_ENEMY_KILL","is_prod":false,"is_daily":false,"chose_seed":false,"campfire_upgraded":8,"win_rate":0,"timestamp":1558749568,"path_taken":["M","?","?","?","?","E","R","?","T","R","E","R","?","?","R","BOSS","M","?","?","M","M","R","E","R","T","E","?","?","E","M","R","BOSS","M","?","?","?","M","?","E","R","T","E","R","?","$","E","R","BOSS"],"build_version":"2019-01-23","purchased_purges":0,"victory":true,"max_hp_per_floor":[66,66,66,66,66,66,66,66,66,66,66,66,66,66,66,66,66,66,66,66,66,66,66,66,66,66,66,66,66,66,66,66,66,66,66,66,66,66,66,66,76,76,76,76,76,76,83,90,90,90],"card_choices":[{"not_picked":["Underhanded Strike","Blade Dance"],"picked":"Dagger Throw","floor":1.0},{"not_picked":["Heel Hook","Calculated Gamble"],"picked":"Well Laid Plans","floor":5.0},{"not_picked":["Flechettes","Eviscerate"],"picked":"Dagger Throw","floor":6.0},{"not_picked":["Flying Knee","Blade Dance"],"picked":"Quick Slash","floor":11.0},{"not_picked":["Backflip","Tactician"],"picked":"Footwork","floor":13.0},{"not_picked":["Unload","Storm of Steel"],"picked":"Die Die Die","floor":16.0},{"not_picked":["Outmaneuver","Dodge and Roll"],"picked":"Cloak And Dagger","floor":18.0},{"not_picked":["Heel Hook","Endless Agony","Flying Knee"],"picked":"SKIP","floor":21.0},{"not_picked":["Skewer","Slice"],"picked":"Deflect+1","floor":22.0},{"not_picked":["Noxious Fumes","Predator+1"],"picked":"Cloak And Dagger","floor":24.0},{"not_picked":["Calculated Gamble","Bane","Expertise"],"picked":"SKIP","floor":27.0},{"not_picked":["Masterful Stab","Flying Knee"],"picked":"Quick Slash+1","floor":30.0},{"not_picked":["Blur","Expertise"],"picked":"Slice","floor":31.0},{"not_picked":["Wraith Form v2","Burst"],"picked":"Tools of the Trade","floor":33.0},{"not_picked":["Bane"],"picked":"SKIP","floor":35.0},{"not_picked":[],"picked":"Dodge and Roll+1","floor":37.0},{"not_picked":["Prepared"],"picked":"SKIP","floor":39.0},{"not_picked":[],"picked":"Predator+1","floor":41.0},{"not_picked":["Bane"],"picked":"SKIP","floor":44.0},{"not_picked":["Deadly Poison"],"picked":"SKIP","floor":48.0}],"player_experience":786310,"relics_obtained":[{"floor":2.0,"key":"Letter Opener"},{"floor":6.0,"key":"Shuriken"},{"floor":9.0,"key":"Turnip"},{"floor":11.0,"key":"WingedGreaves"},{"floor":14.0,"key":"PreservedInsect"},{"floor":24.0,"key":"Incense Burner"},{"floor":26.0,"key":"Calipers"},{"floor":27.0,"key":"Bronze Scales"},{"floor":30.0,"key":"Vajra"},{"floor":37.0,"key":"Pocketwatch"},{"floor":38.0,"key":"Potion Belt"},{"floor":40.0,"key":"Old Coin"},{"floor":41.0,"key":"Pear"},{"floor":43.0,"key":"Juzu Bracelet"},{"floor":44.0,"key":"Art of War"},{"floor":48.0,"key":"Strawberry"}],"event_choices":[{"cards_removed":["Strike_G"],"damage_healed":0.0,"max_hp_gain":0.0,"max_hp_loss":0.0,"gold_gain":0.0,"event_name":"The Cleric","player_choice":"Card Removal","floor":3.0,"gold_loss":75.0,"damage_taken":0.0},{"damage_healed":0.0,"max_hp_gain":0.0,"max_hp_loss":0.0,"gold_gain":0.0,"event_name":"Accursed Blacksmith","player_choice":"Rummage","floor":4.0,"gold_loss":0.0,"damage_taken":0.0,"relics_obtained":["WarpedTongs"],"cards_obtained":["Pain"]},{"cards_removed":["Pain"],"damage_healed":0.0,"max_hp_gain":0.0,"max_hp_loss":0.0,"gold_gain":0.0,"event_name":"Purifier","player_choice":"Purged","floor":8.0,"gold_loss":0.0,"damage_taken":0.0},{"damage_healed":0.0,"max_hp_gain":0.0,"max_hp_loss":0.0,"gold_gain":0.0,"event_name":"Back to Basics","player_choice":"Simplicity","floor":19.0,"gold_loss":0.0,"damage_taken":0.0,"cards_upgraded":["Defend_G","Defend_G","Defend_G","Defend_G","Defend_G","Strike_G","Strike_G","Strike_G","Strike_G"]},{"damage_healed":0.0,"max_hp_gain":0.0,"max_hp_loss":0.0,"gold_gain":0.0,"event_name":"Vampires","player_choice":"Ignored","floor":20.0,"gold_loss":0.0,"damage_taken":0.0},{"cards_removed":["Strike_G"],"damage_healed":0.0,"max_hp_gain":0.0,"max_hp_loss":0.0,"gold_gain":0.0,"event_name":"Beggar","player_choice":"Gave Gold","floor":29.0,"gold_loss":75.0,"damage_taken":0.0},{"damage_healed":0.0,"max_hp_gain":0.0,"max_hp_loss":0.0,"gold_gain":0.0,"event_name":"Tomb of Lord Red Mask","player_choice":"Paid","floor":36.0,"gold_loss":188.0,"damage_taken":0.0,"relics_obtained":["Red Mask"]},{"damage_healed":0.0,"max_hp_gain":0.0,"max_hp_loss":0.0,"gold_gain":0.0,"event_name":"MindBloom","player_choice":"Fight","floor":37.0,"gold_loss":0.0,"damage_taken":0.0},{"damage_healed":0.0,"max_hp_gain":0.0,"max_hp_loss":0.0,"gold_gain":0.0,"event_name":"Mysterious Sphere","player_choice":"Fight","floor":40.0,"gold_loss":0.0,"damage_taken":0.0},{"damage_healed":0.0,"max_hp_gain":0.0,"max_hp_loss":0.0,"gold_gain":0.0,"event_name":"Winding Halls","player_choice":"Embrace Madness","floor":46.0,"gold_loss":0.0,"damage_taken":14.0,"cards_obtained":["Madness","Madness"]}],"is_beta":false,"boss_relics":[{"not_picked":["Runic Dome","Black Star"],"picked":"Philosopher\u0027s Stone"},{"not_picked":["HoveringKite","Runic Pyramid"],"picked":"Busted Crown"}],"items_purged_floors":[],"is_endless":false,"potions_floor_spawned":[11,13,16,22,24,30,31,33,35,37,39,48],"ascension_level":19}