{"gold_per_floor":[112,129,204,204,223,223,258,269,269,301,320,32,84,84,84,184,184,195,213,213,225,241,241,241],"floor_reached":24,"playtime":1076,"items_purged":[],"score":239,"play_id":"8bd6767f-db86-48b6-bc5f-b50a994e0fe5","local_time":"20190914113907","is_ascension_mode":true,"campfire_choices":[{"data":"Redo","floor":6,"key":"SMITH"},{"floor":15,"key":"REST"},{"floor":23,"key":"REST"}],"neow_cost":"NONE","seed_source_timestamp":2824914625733300,"circlet_count":0,"master_deck":["Strike_B","Strike_B","Strike_B","Defend_B","Defend_B","Defend_B","Defend_B","Zap+1","Dualcast","Redo+1","Melter","Beam Cell","Amplify","Undo","Beam Cell+1","Leap","Thunder Strike+1","Self Repair","Beam Cell+1","Turbo","Capacitor"],"relics":["Cracked Core","DataDisk","Molten Egg 2","Turnip","Shovel","Busted Crown"],"potions_floor_usage":[10,11,24,24],"damage_taken":[{"damage":5,"enemies":"Small Slimes","floor":1,"turns":3},{"damage":2,"enemies":"Jaw Worm","floor":2,"turns":4},{"damage":0,"enemies":"Cultist","floor":5,"turns":3},{"damage":10,"enemies":"Gremlin Nob","floor":7,"turns":3},{"damage":14,"enemies":"Large Slime","floor":8,"turns":4},{"damage":8,"enemies":"3 Sentries","floor":10,"turns":6},{"damage":9,"enemies":"Lots of Slimes","floor":11,"turns":4},{"damage":15,"enemies":"The Guardian","floor":16,"turns":11},{"damage":11,"enemies":"Shell Parasite","floor":18,"turns":4},{"damage":26,"enemies":"3 Byrds","floor":19,"turns":5},{"damage":25,"enemies":"Cultist and Chosen","floor":21,"turns":5},{"damage":28,"enemies":"Shelled Parasite and Fungi","floor":22,"turns":6},{"damage":41,"enemies":"Book of Stabbing","floor":24,"turns":5}],"seed_played":"-7685480991464040300","potions_obtained":[{"floor":5,"key":"Ancient Potion"},{"floor":7,"key":"EssenceOfSteel"},{"floor":10,"key":"Regen Potion"},{"floor":21,"key":"Poison Potion"},{"floor":22,"key":"EssenceOfSteel"}],"is_trial":false,"path_per_floor":["M","M","?","?","M","R","E","M","T","E","M","$","?","?","R","B",null,"M","M","?","M","M","R","E"],"character_chosen":"DEFECT","items_purchased":["Shovel"],"campfire_rested":2,"item_purchase_floors":[12],"current_hp_per_floor":[70,68,57,57,57,57,47,33,33,25,28,28,28,28,50,35,75,64,52,52,34,13,35,0],"gold":241,"neow_bonus":"UPGRADE_CARD","is_prod":false,"is_daily":false,"chose_seed":false,"campfire_upgraded":1,"win_rate":0,"timestamp":1568453947,"path_taken":["M","M","?","?","M","R","E","?","T","E","M","$","?","?","R","BOSS","M","?","?","?","M","R","E"],"build_version":"2019-07-17","purchased_purges":0,"victory":false,"max_hp_per_floor":[75,75,75,75,75,75,75,75,75,75,75,75,75,75,75,75,75,75,75,75,75,75,75,75],"card_choices":[{"not_picked":["Turbo","Melter"],"picked":"Redo","floor":1},{"not_picked":["Cold Snap","Consume"],"picked":"Melter","floor":2},{"not_picked":["Cold Snap","Hologram"],"picked":"Beam Cell","floor":5},{"not_picked":["Turbo","Barrage"],"picked":"Amplify","floor":7},{"not_picked":["Compile Driver","Coolheaded"],"picked":"Undo","floor":8},{"not_picked":["Compile Driver+1","Reinforced Body"],"picked":"Beam Cell+1","floor":10},{"not_picked":["Skim","Rebound+1"],"picked":"Leap","floor":11},{"not_picked":["Machine Learning","Reboot"],"picked":"Thunder Strike+1","floor":16},{"not_picked":[],"picked":"Self Repair","floor":18},{"not_picked":[],"picked":"Beam Cell+1","floor":19},{"not_picked":[],"picked":"Turbo","floor":21},{"not_picked":[],"picked":"Capacitor","floor":22}],"player_experience":191504,"relics_obtained":[{"floor":7,"key":"DataDisk"},{"floor":9,"key":"Molten Egg 2"},{"floor":10,"key":"Turnip"}],"event_choices":[{"damage_healed":0,"gold_gain":75,"player_choice":"Gather Gold","damage_taken":11,"max_hp_gain":0,"max_hp_loss":0,"event_name":"World of Goop","floor":3,"gold_loss":0},{"damage_healed":0,"gold_gain":0,"player_choice":"Bought 0 Potions","damage_taken":0,"max_hp_gain":0,"max_hp_loss":0,"event_name":"The Woman in Blue","floor":4,"gold_loss":0},{"damage_healed":0,"gold_gain":52,"player_choice":"Gained Gold","damage_taken":0,"max_hp_gain":0,"max_hp_loss":0,"event_name":"Golden Wing","floor":13,"gold_loss":0},{"cards_removed":["Strike_B"],"damage_healed":0,"gold_gain":0,"player_choice":"Purged","damage_taken":0,"max_hp_gain":0,"max_hp_loss":0,"event_name":"Purifier","floor":14,"gold_loss":0},{"damage_healed":0,"gold_gain":0,"player_choice":"Ignored","damage_taken":0,"max_hp_gain":0,"max_hp_loss":0,"event_name":"N\u0027loth","floor":20,"gold_loss":0}],"is_beta":false,"boss_relics":[{"not_picked":["Ectoplasm","Nuclear Battery"],"picked":"Busted Crown"}],"items_purged_floors":[],"is_endless":false,"potions_floor_spawned":[5,7,10,21,22],"killed_by":"Book of Stabbing","ascension_level":3}