{"gold_per_floor":[117,117,117,142,55,55,94,19,49,62,62,83,83,108,108,204,204,229,242,167,217,3,3],"floor_reached":23,"playtime":661,"items_purged":["Regret"],"score":374,"play_id":"df828b36-c4fb-4333-936a-34ef6c81b716","local_time":"20191009211237","is_ascension_mode":true,"campfire_choices":[{"data":"Loop","floor":6.0,"key":"SMITH"},{"floor":11.0,"key":"REST"},{"data":"Zap","floor":13.0,"key":"SMITH"},{"data":"Steam","floor":15.0,"key":"SMITH"}],"neow_cost":"TEN_PERCENT_HP_LOSS","seed_source_timestamp":947891430679700,"circlet_count":0,"master_deck":["AscendersBane","Strike_B","Strike_B","Strike_B","Defend_B","Defend_B","Defend_B","Defend_B","Zap+1","Dualcast","Loop+1","Core Surge","Gash","Melter","Steam+1","Echo Form","Scrape","Gash"],"special_seed":0,"relics":["Cracked Core","FossilizedHelix","Matryoshka","Golden Idol","Darkstone Periapt","Pen Nib","Cables","Kunai","Tiny Chest","Bottled Tornado","Cursed Key","Happy Flower"],"potions_floor_usage":[23],"damage_taken":[{"damage":0.0,"enemies":"2 Louse","floor":1.0,"turns":3.0},{"damage":30.0,"enemies":"Gremlin Nob","floor":7.0,"turns":4.0},{"damage":0.0,"enemies":"Jaw Worm","floor":10.0,"turns":2.0},{"damage":0.0,"enemies":"Cultist","floor":12.0,"turns":3.0},{"damage":0.0,"enemies":"Blue Slaver","floor":14.0,"turns":3.0},{"damage":8.0,"enemies":"Hexaghost","floor":16.0,"turns":8.0},{"damage":32,"enemies":"3 Byrds","floor":18,"turns":4},{"damage":16,"enemies":"Shell Parasite","floor":19,"turns":4},{"damage":14,"enemies":"Book of Stabbing","floor":23,"turns":2}],"seed_played":"5079619658901526471","potions_obtained":[{"floor":7.0,"key":"Block Potion"},{"floor":12.0,"key":"PowerPotion"},{"floor":19,"key":"SpeedPotion"}],"is_trial":false,"path_per_floor":["M","?","?","T","?","R","E","$","T","M","R","M","R","M","R","B",null,"M","M","?","?","$","E"],"character_chosen":"DEFECT","items_purchased":["Gash","Happy Flower"],"campfire_rested":1,"item_purchase_floors":[22,22],"current_hp_per_floor":[64,64,42,42,42,42,12,12,12,12,31,31,31,31,31,23,54,22,6,6,6,6,0],"gold":3,"neow_bonus":"ONE_RARE_RELIC","is_prod":false,"is_daily":false,"chose_seed":false,"campfire_upgraded":3,"win_rate":0,"timestamp":1570648357,"path_taken":["M","?","?","?","?","R","E","$","T","M","R","M","R","?","R","BOSS","M","M","?","?","?","E"],"build_version":"2019-07-17","purchased_purges":1,"victory":false,"max_hp_per_floor":[64,64,64,64,64,64,64,64,64,64,64,64,64,64,64,64,64,64,64,64,64,64,64],"card_choices":[{"not_picked":["Barrage","Doom and Gloom"],"picked":"Loop","floor":1.0},{"not_picked":["Rip and Tear","Hologram"],"picked":"Core Surge","floor":7.0},{"not_picked":["Force Field","Redo"],"picked":"Gash","floor":10.0},{"not_picked":["Fusion","Sweeping Beam"],"picked":"Melter","floor":12.0},{"not_picked":["Undo","Leap"],"picked":"Steam","floor":14.0},{"not_picked":["Multi-Cast","Amplify"],"picked":"Echo Form","floor":16.0},{"not_picked":["Steam Power","Aggregate","Turbo"],"picked":"SKIP","floor":18},{"not_picked":["Turbo","Compile Driver"],"picked":"Scrape","floor":19}],"player_experience":452400,"relics_obtained":[{"floor":4.0,"key":"Darkstone Periapt"},{"floor":4.0,"key":"Pen Nib"},{"floor":7.0,"key":"Kunai"},{"floor":9.0,"key":"Tiny Chest"},{"floor":9.0,"key":"Bottled Tornado"}],"event_choices":[{"damage_healed":0.0,"max_hp_gain":0.0,"max_hp_loss":0.0,"gold_gain":0.0,"event_name":"Big Fish","player_choice":"Box","floor":2.0,"gold_loss":0.0,"damage_taken":0.0,"relics_obtained":["Matryoshka"],"cards_obtained":["Regret"]},{"damage_healed":0.0,"max_hp_gain":0.0,"max_hp_loss":0.0,"gold_gain":0.0,"event_name":"Golden Idol","player_choice":"Take Damage","floor":3.0,"gold_loss":0.0,"damage_taken":22.0,"relics_obtained":["Golden Idol"]},{"damage_healed":0.0,"max_hp_gain":0.0,"max_hp_loss":0.0,"gold_gain":0.0,"event_name":"WeMeetAgain","player_choice":"Paid Gold","floor":5.0,"gold_loss":87.0,"damage_taken":0.0,"relics_obtained":["Cables"]},{"cards_removed":["Strike_B"],"damage_healed":0,"gold_gain":0,"player_choice":"Gave Gold","damage_taken":0,"max_hp_gain":0,"max_hp_loss":0,"event_name":"Beggar","floor":20,"gold_loss":75},{"damage_healed":0,"gold_gain":50,"player_choice":"Stole From Cult","damage_taken":0,"max_hp_gain":0,"max_hp_loss":0,"event_name":"Nest","floor":21,"gold_loss":0}],"is_beta":false,"boss_relics":[{"not_picked":["Empty Cage","Ectoplasm"],"picked":"Cursed Key"}],"items_purged_floors":[8],"is_endless":false,"potions_floor_spawned":[7,12,14,19],"killed_by":"Book of Stabbing","ascension_level":20}