{"gold_per_floor":[110,110,124,136,211,238,254,254,284,317,330,330,373,388,388,518,518,531,545,545,545],"floor_reached":21,"playtime":1035,"items_purged":[],"score":302,"play_id":"8482de1e-635b-4f79-bd15-1948c697ea82","local_time":"20190922112125","is_ascension_mode":true,"campfire_choices":[{"floor":12.0,"key":"REST"},{"floor":15.0,"key":"REST"}],"neow_cost":"NONE","seed_source_timestamp":3514681890685500,"circlet_count":0,"master_deck":["AscendersBane","Strike_B","Strike_B","Strike_B","Defend_B","Defend_B+1","Defend_B","Defend_B","Zap","Dualcast+1","Streamline","White Noise","Rip and Tear","Ball Lightning","Undo","Injury","Defragment","Coolheaded+1","Conserve Battery+1","Self Repair","Hello World","Stack+1","Thunder Strike","Aggregate+1","Hologram+1"],"special_seed":0,"relics":["Cracked Core","Dream Catcher","Golden Idol","Tiny Chest","Toxic Egg 2","War Paint","Fusion Hammer","FossilizedHelix"],"potions_floor_usage":[18],"damage_taken":[{"damage":8.0,"enemies":"2 Louse","floor":1.0,"turns":2.0},{"damage":1.0,"enemies":"Cultist","floor":3.0,"turns":3.0},{"damage":0.0,"enemies":"Small Slimes","floor":4.0,"turns":3.0},{"damage":10.0,"enemies":"Gremlin Nob","floor":6.0,"turns":3.0},{"damage":1.0,"enemies":"Looter","floor":7.0,"turns":3.0},{"damage":10.0,"enemies":"Lagavulin","floor":10.0,"turns":4.0},{"damage":16.0,"enemies":"2 Fungi Beasts","floor":11.0,"turns":3.0},{"damage":13.0,"enemies":"3 Sentries","floor":13.0,"turns":10.0},{"damage":13.0,"enemies":"Exordium Thugs","floor":14.0,"turns":5.0},{"damage":21.0,"enemies":"Slime Boss","floor":16.0,"turns":11.0},{"damage":26,"enemies":"2 Thieves","floor":18,"turns":4},{"damage":7,"enemies":"Chosen","floor":19,"turns":5},{"damage":56,"enemies":"3 Cultists","floor":21,"turns":6}],"seed_played":"-4366560743377411698","potions_obtained":[{"floor":3.0,"key":"Fire Potion"},{"floor":6.0,"key":"Block Potion"},{"floor":10.0,"key":"PowerPotion"},{"floor":11.0,"key":"SneckoOil"},{"floor":16.0,"key":"FearPotion"},{"floor":18,"key":"FocusPotion"}],"is_trial":false,"path_per_floor":["M","?","M","M","?","E","M","?","T","E","M","R","E","M","R","B",null,"M","M","?","M"],"character_chosen":"DEFECT","items_purchased":[],"campfire_rested":2,"item_purchase_floors":[],"current_hp_per_floor":[67,67,66,66,55,45,44,44,44,34,18,42,29,23,47,33,70,51,44,44,0],"gold":545,"neow_bonus":"TEN_PERCENT_HP_BONUS","is_prod":false,"is_daily":false,"chose_seed":false,"campfire_upgraded":0,"win_rate":0,"timestamp":1569144085,"path_taken":["M","?","M","?","?","E","M","?","T","E","M","R","E","M","R","BOSS","M","M","?","M"],"build_version":"2019-07-17","purchased_purges":0,"victory":false,"max_hp_per_floor":[82,82,82,82,82,82,82,82,82,82,82,82,82,82,82,82,82,82,82,82,82],"card_choices":[{"not_picked":["Sweeping Beam","Barrage"],"picked":"Streamline","floor":1.0},{"not_picked":["Heatsinks","Barrage"],"picked":"White Noise","floor":3.0},{"not_picked":["Recycle","Beam Cell"],"picked":"Rip and Tear","floor":4.0},{"not_picked":["Darkness","Fusion"],"picked":"Ball Lightning","floor":6.0},{"not_picked":["Rebound","Turbo"],"picked":"Undo","floor":7.0},{"not_picked":["All For One","Streamline"],"picked":"Defragment","floor":10.0},{"not_picked":["Chaos+1","Sunder"],"picked":"Coolheaded+1","floor":11.0},{"not_picked":["Rebound","Sunder"],"picked":"Conserve Battery+1","floor":12.0},{"not_picked":["Rebound","FTL"],"picked":"Self Repair","floor":13.0},{"not_picked":["Barrage","Beam Cell"],"picked":"Hello World","floor":14.0},{"not_picked":["Fusion+1","Tempest+1"],"picked":"Stack+1","floor":15.0},{"not_picked":["Machine Learning","All For One"],"picked":"Thunder Strike","floor":16.0},{"not_picked":["Barrage","Gash"],"picked":"Aggregate+1","floor":18},{"not_picked":["Beam Cell","Streamline"],"picked":"Hologram+1","floor":19}],"player_experience":296068,"relics_obtained":[{"floor":6.0,"key":"Dream Catcher"},{"floor":9.0,"key":"Tiny Chest"},{"floor":10.0,"key":"Toxic Egg 2"},{"floor":13.0,"key":"War Paint"}],"event_choices":[{"cards_removed":["Strike_B"],"damage_healed":0.0,"max_hp_gain":0.0,"max_hp_loss":0.0,"gold_gain":0.0,"event_name":"Purifier","player_choice":"Purged","floor":2.0,"gold_loss":0.0,"damage_taken":0.0},{"damage_healed":0.0,"max_hp_gain":0.0,"max_hp_loss":0.0,"gold_gain":75.0,"event_name":"World of Goop","player_choice":"Gather Gold","floor":5.0,"gold_loss":0.0,"damage_taken":11.0},{"damage_healed":0.0,"max_hp_gain":0.0,"max_hp_loss":0.0,"gold_gain":0.0,"event_name":"Golden Idol","player_choice":"Take Wound","floor":8.0,"gold_loss":0.0,"damage_taken":0.0,"relics_obtained":["Golden Idol"],"cards_obtained":["Injury"]},{"damage_healed":0,"gold_gain":0,"player_choice":"Opened","damage_taken":0,"relics_obtained":["FossilizedHelix"],"max_hp_gain":0,"max_hp_loss":0,"event_name":"The Mausoleum","floor":20,"gold_loss":0}],"is_beta":false,"boss_relics":[{"not_picked":["Busted Crown","Empty Cage"],"picked":"Fusion Hammer"}],"items_purged_floors":[],"is_endless":false,"potions_floor_spawned":[3,6,10,11,16,18],"killed_by":"3 Cultists","ascension_level":10}