{"gold_per_floor":[119,129,129,144,34,34,60,60,84,84,84],"floor_reached":11,"playtime":200,"items_purged":["Regret"],"score":80,"play_id":"124573ca-5677-424b-b068-a9d5e0b22225","local_time":"20180710040914","is_ascension_mode":true,"campfire_choices":[{"data":"Doom and Gloom","floor":6,"key":"SMITH"},{"data":"Zap","floor":8,"key":"SMITH"}],"neow_cost":"NONE","seed_source_timestamp":2038195376155354,"circlet_count":0,"master_deck":["Strike_B","Strike_B","Strike_B","Strike_B","Defend_B+1","Defend_B+1","Defend_B","Defend_B","Zap+1","Dualcast","Streamline","Doom and Gloom+1","Hologram","Lockon","Conserve Battery"],"relics":["Cracked Core","Anchor","Vajra","Art of War","War Paint"],"potions_floor_usage":[],"damage_taken":[{"damage":2,"enemies":"Jaw Worm","floor":1,"turns":2},{"damage":0,"enemies":"Small Slimes","floor":2,"turns":3},{"damage":8,"enemies":"Cultist","floor":4,"turns":3},{"damage":36,"enemies":"Lagavulin","floor":7,"turns":4},{"damage":0,"enemies":"Large Slime","floor":11,"turns":3}],"seed_played":"-5515828899785624737","potions_obtained":[{"floor":4,"key":"FocusPotion"}],"is_trial":false,"path_per_floor":["M","M","?","M","$","R","E","R","T","?"],"character_chosen":"DEFECT","items_purchased":["Doom and Gloom"],"campfire_rested":0,"item_purchase_floors":[5],"current_hp_per_floor":[73,73,73,65,65,65,29,29,29,29,29],"gold":84,"neow_bonus":"RANDOM_COMMON_RELIC","is_prod":false,"is_daily":false,"chose_seed":false,"campfire_upgraded":2,"win_rate":0,"timestamp":1531188554,"path_taken":["M","M","?","?","$","R","E","R","T","?","M"],"build_version":"2018-07-05","purchased_purges":1,"victory":false,"max_hp_per_floor":[75,75,75,75,75,75,75,75,75,75,75],"card_choices":[{"not_picked":["Go for the Eyes","Chill","Heatsinks"],"picked":"SKIP","floor":1},{"not_picked":["Barrage","Conserve Battery"],"picked":"FTL","floor":2},{"not_picked":["Melter","Ball Lightning"],"picked":"Streamline","floor":4},{"not_picked":["Biased Cognition","Heatsinks"],"picked":"Hologram","floor":7},{"not_picked":["Coolheaded","Barrage"],"picked":"Conserve Battery","floor":11}],"player_experience":62687,"relics_obtained":[{"floor":7,"key":"Art of War"},{"floor":9,"key":"War Paint"}],"event_choices":[{"event_name":"Big Fish","player_choice":"Box","floor":3,"damage_taken":0},{"event_name":"Transmorgrifier","player_choice":"Transform","floor":10,"damage_taken":0}],"boss_relics":[],"items_purged_floors":[5],"is_endless":false,"potions_floor_spawned":[4],"killed_by":"Large Slime","ascension_level":2}