{"gold_per_floor":[112,130,130,63,63,95,95,130,153,167,167,186,197,213,213,308,308,323,128,227,123,123,151,164,197,197,208,220,234,253,263,263,368,368,388,388,407,420,420,420,445,459,512,512,529,544,1,28,28,28],"floor_reached":50,"playtime":5768,"items_purged":["Defend_G","Defend_G"],"score":683,"play_id":"107c96dd-b165-4309-b740-49ecbd9823fb","local_time":"20190902231137","is_ascension_mode":false,"campfire_choices":[{"floor":7,"key":"REST"},{"floor":11,"key":"REST"},{"data":"Footwork","floor":15,"key":"SMITH"},{"floor":32,"key":"REST"},{"floor":40,"key":"REST"},{"floor":44,"key":"REST"},{"floor":49,"key":"REST"}],"neow_cost":"NONE","seed_source_timestamp":1824968340975800,"circlet_count":0,"master_deck":["Strike_G","Strike_G+1","Strike_G","Defend_G","Survivor","Neutralize","Bane","Quick Slash","Footwork+1","Flying Knee","Dagger Throw","Dash","PiercingWail","Backstab","Dagger Spray","After Image","Leg Sweep","Noxious Fumes","Backflip","Finisher","Blade Dance","Neutralize","Predator","Crippling Poison","Heel Hook+1","Escape Plan","Dagger Spray","Sucker Punch","Dagger Throw","Deadly Poison","Quick Slash","A Thousand Cuts","Flying Knee+1","Dagger Throw","Poisoned Stab+1","Venomology","Tools of the Trade+1","Masterful Stab+1","Terror+1","Prepared+1","Well Laid Plans","Dagger Spray","Poisoned Stab+1","Crippling Poison","Catalyst+1","Reflex+1","Blade Dance+1","Sucker Punch","Prepared","Envenom","Flying Knee+1","Backflip+1","Catalyst","Flying Knee+1"],"relics":["Ring of the Snake","Smiling Mask","Du-Vu Doll","Regal Pillow","Fusion Hammer","Tiny Chest","Vajra","Prayer Wheel","Matryoshka","Astrolabe","Peace Pipe","Gremlin Horn","Juzu Bracelet","Snake Skull","Ornamental Fan","Ginger"],"potions_floor_usage":[6,13,23,25,25,25,33,33,33,33,33,41,46,48,48,50,50,50,50],"damage_taken":[{"damage":2,"enemies":"Small Slimes","floor":1,"turns":4},{"damage":0,"enemies":"2 Louse","floor":2,"turns":3},{"damage":18,"enemies":"Gremlin Nob","floor":6,"turns":4},{"damage":12,"enemies":"Lagavulin","floor":8,"turns":8},{"damage":0,"enemies":"Jaw Worm","floor":10,"turns":3},{"damage":0,"enemies":"Looter","floor":12,"turns":3},{"damage":4,"enemies":"Gremlin Gang","floor":13,"turns":3},{"damage":0,"enemies":"Large Slime","floor":14,"turns":4},{"damage":39,"enemies":"The Guardian","floor":16,"turns":14},{"damage":0,"enemies":"3 Byrds","floor":18,"turns":4},{"damage":0,"enemies":"Gremlin Leader","floor":23,"turns":10},{"damage":0,"enemies":"Shell Parasite","floor":24,"turns":4},{"damage":22,"enemies":"Slavers","floor":25,"turns":4},{"damage":0,"enemies":"Snecko","floor":27,"turns":3},{"damage":18,"enemies":"Snake Plant","floor":28,"turns":4},{"damage":13,"enemies":"Centurion and Healer","floor":29,"turns":6},{"damage":1,"enemies":"3 Cultists","floor":30,"turns":3},{"damage":0,"enemies":"Snecko","floor":31,"turns":4},{"damage":11,"enemies":"Collector","floor":33,"turns":9},{"damage":27,"enemies":"3 Darklings","floor":35,"turns":4},{"damage":0,"enemies":"Orb Walker","floor":37,"turns":1},{"damage":5,"enemies":"4 Shapes","floor":38,"turns":3},{"damage":32,"enemies":"Reptomancer","floor":41,"turns":8},{"damage":33,"enemies":"Writhing Mass","floor":42,"turns":7},{"damage":9,"enemies":"Jaw Worm Horde","floor":45,"turns":4},{"damage":19,"enemies":"Transient","floor":46,"turns":5},{"damage":11,"enemies":"Nemesis","floor":48,"turns":7},{"damage":57,"enemies":"Donu and Deca","floor":50,"turns":6}],"seed_played":"4536660282279031913","potions_obtained":[{"floor":2,"key":"AttackPotion"},{"floor":6,"key":"Swift Potion"},{"floor":10,"key":"Explosive Potion"},{"floor":12,"key":"GhostInAJar"},{"floor":14,"key":"GamblersBrew"},{"floor":16,"key":"PowerPotion"},{"floor":23,"key":"EssenceOfSteel"},{"floor":24,"key":"Poison Potion"},{"floor":25,"key":"EntropicBrew"},{"floor":27,"key":"EssenceOfSteel"},{"floor":35,"key":"Fire Potion"},{"floor":41,"key":"Fire Potion"},{"floor":48,"key":"Swift Potion"}],"is_trial":false,"path_per_floor":["M","M","?","$","?","E","R","E","T","M","R","M","M","M","R","B",null,"M","$","?","$","?","E","M","E","T","M","M","M","M","M","R","B",null,"M","?","M","M","?","R","E","M","T","R","M","M","$","E","R","B"],"character_chosen":"THE_SILENT","items_purchased":["Footwork","Noxious Fumes","Tiny Chest","Backflip","Snake Skull","Ornamental Fan","Catalyst","Block Potion"],"campfire_rested":6,"item_purchase_floors":[4,19,19,21,47,47,47,47],"current_hp_per_floor":[75,75,60,60,53,35,58,46,46,46,77,77,73,73,73,34,77,77,77,77,77,77,77,77,55,55,55,37,24,23,23,61,50,77,50,50,50,45,45,77,45,12,12,50,41,22,22,11,49,0],"gold":28,"neow_bonus":"TEN_PERCENT_HP_BONUS","is_prod":false,"is_daily":false,"chose_seed":false,"campfire_upgraded":1,"win_rate":0.0,"timestamp":1567458697,"path_taken":["M","M","?","$","?","E","R","E","T","M","R","M","M","M","R","BOSS","M","$","?","$","?","E","M","E","T","M","M","M","?","M","R","BOSS","M","?","M","?","?","R","E","M","T","R","M","M","$","E","R","BOSS"],"build_version":"2019-07-17","purchased_purges":2,"victory":false,"max_hp_per_floor":[77,77,77,77,77,77,77,77,77,77,77,77,77,77,77,77,77,77,77,77,77,77,77,77,77,77,77,77,77,77,77,77,77,77,77,77,77,77,77,77,77,77,77,77,77,77,77,77,77,77],"card_choices":[{"not_picked":["Masterful Stab","Caltrops"],"picked":"Bane","floor":1},{"not_picked":["Outmaneuver","Predator"],"picked":"Quick Slash","floor":2},{"not_picked":["Catalyst","Finisher"],"picked":"Flying Knee","floor":6},{"not_picked":["Bane","Reflex"],"picked":"Dagger Throw","floor":8},{"not_picked":["Outmaneuver","Distraction"],"picked":"Dash","floor":10},{"not_picked":["Reflex","Acrobatics"],"picked":"PiercingWail","floor":12},{"not_picked":["Blade Dance","Sucker Punch"],"picked":"Backstab","floor":13},{"not_picked":["Deflect","Endless Agony"],"picked":"Dagger Spray","floor":14},{"not_picked":["Burst","Phantasmal Killer"],"picked":"After Image","floor":16},{"not_picked":["Dash","Masterful Stab"],"picked":"Leg Sweep","floor":18},{"not_picked":["Choke","Tools of the Trade"],"picked":"Predator","floor":23},{"not_picked":["Outmaneuver","Distraction"],"picked":"Crippling Poison","floor":24},{"not_picked":["Backflip+1","Acrobatics"],"picked":"Heel Hook+1","floor":25},{"not_picked":["Slice","Sucker Punch"],"picked":"Escape Plan","floor":27},{"not_picked":["Acrobatics+1","Dodge and Roll"],"picked":"Dagger Spray","floor":27},{"not_picked":["Dash","Heel Hook"],"picked":"Sucker Punch","floor":28},{"not_picked":["Choke","Backstab"],"picked":"Dagger Throw","floor":28},{"not_picked":["Underhanded Strike","Outmaneuver"],"picked":"Deadly Poison","floor":29},{"not_picked":["Riddle With Holes","PiercingWail"],"picked":"Quick Slash","floor":29},{"not_picked":["Finisher","Deflect"],"picked":"A Thousand Cuts","floor":30},{"not_picked":["Calculated Gamble","Deadly Poison"],"picked":"Flying Knee+1","floor":30},{"not_picked":["Bane","Bullet Time"],"picked":"Dagger Throw","floor":31},{"not_picked":["Dodge and Roll","Reflex"],"picked":"Poisoned Stab+1","floor":31},{"not_picked":["Tools of the Trade","Doppelganger"],"picked":"Venomology","floor":33},{"not_picked":["Backflip","Sucker Punch"],"picked":"Prepared+1","floor":35},{"not_picked":["Quick Slash+1","Deadly Poison+1"],"picked":"Well Laid Plans","floor":35},{"not_picked":["Backstab","Backflip"],"picked":"Dagger Spray","floor":37},{"not_picked":["Finisher","A Thousand Cuts"],"picked":"Poisoned Stab+1","floor":37},{"not_picked":["Outmaneuver","Dodge and Roll+1"],"picked":"Crippling Poison","floor":38},{"not_picked":["Crippling Poison","Terror+1"],"picked":"Catalyst+1","floor":38},{"not_picked":["Leg Sweep","Poisoned Stab"],"picked":"Reflex+1","floor":41},{"not_picked":["Dagger Throw+1","Slice+1"],"picked":"Blade Dance+1","floor":42},{"not_picked":["Dodge and Roll","All Out Attack"],"picked":"Sucker Punch","floor":42},{"not_picked":["Acrobatics","Dagger Spray"],"picked":"Prepared","floor":45},{"not_picked":["Backflip","Poisoned Stab+1"],"picked":"Envenom","floor":45},{"not_picked":["Expertise","Distraction"],"picked":"Flying Knee+1","floor":46},{"not_picked":["Deflect","Blade Dance"],"picked":"Backflip+1","floor":46},{"not_picked":["Skewer","Terror"],"picked":"Flying Knee+1","floor":48}],"player_experience":40743,"relics_obtained":[{"floor":6,"key":"Smiling Mask"},{"floor":8,"key":"Du-Vu Doll"},{"floor":9,"key":"Regal Pillow"},{"floor":23,"key":"Vajra"},{"floor":25,"key":"Prayer Wheel"},{"floor":26,"key":"Matryoshka"},{"floor":41,"key":"Peace Pipe"},{"floor":43,"key":"Gremlin Horn"},{"floor":43,"key":"Juzu Bracelet"},{"floor":48,"key":"Ginger"}],"event_choices":[{"damage_healed":0,"gold_gain":0,"player_choice":"Entered Light","damage_taken":15,"max_hp_gain":0,"max_hp_loss":0,"event_name":"Shining Light","floor":3,"gold_loss":0,"cards_upgraded":["Defend_G","Strike_G"]},{"cards_removed":["Defend_G"],"damage_healed":0,"gold_gain":0,"player_choice":"Card Removal","damage_taken":7,"max_hp_gain":0,"max_hp_loss":0,"event_name":"Golden Wing","floor":5,"gold_loss":0},{"damage_healed":0,"gold_gain":99,"player_choice":"Stole From Cult","damage_taken":0,"max_hp_gain":0,"max_hp_loss":0,"event_name":"Nest","floor":20,"gold_loss":0},{"damage_healed":0,"gold_gain":0,"player_choice":"3 cards matched","damage_taken":0,"max_hp_gain":0,"max_hp_loss":0,"event_name":"Match and Keep!","floor":22,"gold_loss":0,"cards_obtained":["Finisher","Blade Dance","Neutralize"]},{"damage_healed":0,"gold_gain":0,"player_choice":"Bought 0 Potions","damage_taken":0,"max_hp_gain":0,"max_hp_loss":0,"event_name":"The Woman in Blue","floor":36,"gold_loss":0},{"damage_healed":0,"gold_gain":0,"player_choice":"Ignored","damage_taken":0,"max_hp_gain":0,"max_hp_loss":0,"event_name":"Tomb of Lord Red Mask","floor":39,"gold_loss":0}],"is_beta":false,"boss_relics":[{"not_picked":["Orrery","Runic Pyramid"],"picked":"Fusion Hammer"},{"not_picked":["Eternal Feather","HoveringKite"],"picked":"Astrolabe"}],"items_purged_floors":[21,47],"is_endless":false,"potions_floor_spawned":[2,6,10,12,14,16,23,24,25,27,35,41,45,48],"killed_by":"Donu and Deca","ascension_level":0}