{"gold_per_floor":[114,114,114,114,133,171,171,209,209,247,247,23,23,61,61,186,186,205,224,224,243,243,281,281,319,319,319,319,319],"floor_reached":29,"playtime":1835,"items_purged":["Shockwave"],"score":285,"play_id":"e182c2cf-6e36-40d4-b8e3-f5bbdad175c5","local_time":"20190913054349","daily_mods":["Specialized","Green Cards","Elite Swarm"],"is_ascension_mode":false,"campfire_choices":[{"floor":7,"key":"REST"},{"floor":13,"key":"REST"},{"floor":15,"key":"REST"},{"floor":24,"key":"REST"},{"floor":27,"key":"REST"}],"neow_cost":"","seed_source_timestamp":0,"circlet_count":0,"master_deck":["Strike_R","Strike_R","Strike_R","Defend_R","Defend_R","Defend_R","Defend_R","Bash","Shockwave+1","Shockwave+1","Feel No Pain+1","Skewer","Demon Form+1","Berserk+1","Offering","Juggernaut+1","Demon Form+1","Tools of the Trade+1","Carnage+1","Flechettes+1","Carnage+1","Setup","Backflip","Disarm","Tools of the Trade+1","Envenom+1","Dark Embrace+1"],"special_seed":18152,"relics":["Burning Blood","Golden Idol","Frozen Egg 2","Juzu Bracelet","Incense Burner","Orichalcum","Pocketwatch","Astrolabe","Pantograph","Smiling Mask","Boot","SsserpentHead"],"potions_floor_usage":[10,10,14],"damage_taken":[{"damage":7,"enemies":"Jaw Worm","floor":1,"turns":6},{"damage":7,"enemies":"Small Slimes","floor":5,"turns":5},{"damage":38,"enemies":"Gremlin Nob","floor":6,"turns":6},{"damage":25,"enemies":"3 Sentries","floor":8,"turns":11},{"damage":13,"enemies":"Lagavulin","floor":10,"turns":8},{"damage":10,"enemies":"Gremlin Nob","floor":14,"turns":3},{"damage":26,"enemies":"Slime Boss","floor":16,"turns":7},{"damage":9,"enemies":"Shell Parasite","floor":18,"turns":3},{"damage":11,"enemies":"Spheric Guardian","floor":19,"turns":3},{"damage":15,"enemies":"Cultist and Chosen","floor":21,"turns":4},{"damage":31,"enemies":"Gremlin Leader","floor":23,"turns":5},{"damage":43,"enemies":"Slavers","floor":25,"turns":6},{"damage":54,"enemies":"Gremlin Leader","floor":29,"turns":5}],"seed_played":"5230052071374888403","potions_obtained":[{"floor":6,"key":"BloodPotion"},{"floor":8,"key":"EssenceOfSteel"},{"floor":10,"key":"SkillPotion"},{"floor":25,"key":"Ancient Potion"}],"is_trial":false,"path_per_floor":["M","?","?","?","M","E","R","E","T","E","?","$","R","E","R","B",null,"M","M","?","M","?","E","R","E","T","R","?","E"],"character_chosen":"IRONCLAD","items_purchased":["Juggernaut+1"],"campfire_rested":5,"item_purchase_floors":[12],"current_hp_per_floor":[79,59,43,43,42,10,34,15,15,28,21,21,45,41,65,45,80,77,72,72,63,63,38,62,25,25,49,49,0],"gold":319,"neow_bonus":"","is_prod":false,"is_daily":true,"chose_seed":false,"campfire_upgraded":0,"win_rate":0,"timestamp":1568346229,"path_taken":["M","?","?","?","M","E","R","E","T","E","?","$","R","E","R","BOSS","M","M","?","M","?","E","R","E","T","R","?","E"],"build_version":"2019-07-17","purchased_purges":1,"victory":false,"max_hp_per_floor":[80,80,80,80,80,80,80,80,80,80,80,80,80,80,80,80,80,80,80,80,80,80,80,80,80,80,80,80,80],"card_choices":[{"not_picked":["Clash","Carnage"],"picked":"Feel No Pain","floor":1},{"not_picked":["Dodge and Roll","Intimidate"],"picked":"Skewer","floor":5},{"not_picked":["Brutality","Limit Break"],"picked":"Demon Form","floor":6},{"not_picked":["Exhume","Phantasmal Killer"],"picked":"Berserk+1","floor":8},{"not_picked":["Fiend Fire","Doppelganger"],"picked":"Offering","floor":10},{"not_picked":["Immolate","Limit Break"],"picked":"Demon Form+1","floor":14},{"not_picked":["Glass Knife","Berserk+1"],"picked":"Tools of the Trade+1","floor":16},{"not_picked":["Battle Trance","Intimidate+1"],"picked":"Setup","floor":18},{"not_picked":["Dodge and Roll","Prepared"],"picked":"Backflip","floor":19},{"not_picked":["Wild Strike","Shockwave"],"picked":"Disarm","floor":21},{"not_picked":["Double Tap","Brutality+1"],"picked":"Envenom+1","floor":23},{"not_picked":["Doppelganger","Storm of Steel"],"picked":"Dark Embrace+1","floor":25}],"player_experience":156633,"relics_obtained":[{"floor":6,"key":"Frozen Egg 2"},{"floor":8,"key":"Juzu Bracelet"},{"floor":9,"key":"Incense Burner"},{"floor":10,"key":"Orichalcum"},{"floor":14,"key":"Pocketwatch"},{"floor":23,"key":"Pantograph"},{"floor":25,"key":"Smiling Mask"},{"floor":26,"key":"Boot"}],"event_choices":[{"damage_healed":0,"gold_gain":0,"player_choice":"Take Damage","damage_taken":20,"relics_obtained":["Golden Idol"],"max_hp_gain":0,"max_hp_loss":0,"event_name":"Golden Idol","floor":2,"gold_loss":0},{"damage_healed":0,"gold_gain":0,"player_choice":"Entered Light","damage_taken":16,"max_hp_gain":0,"max_hp_loss":0,"event_name":"Shining Light","floor":3,"gold_loss":0,"cards_upgraded":["Shockwave","Shockwave"]},{"damage_healed":0,"gold_gain":0,"player_choice":"Forge","damage_taken":0,"max_hp_gain":0,"max_hp_loss":0,"event_name":"Accursed Blacksmith","floor":4,"gold_loss":0,"cards_upgraded":["Feel No Pain"]},{"cards_removed":["Shockwave"],"damage_healed":0,"gold_gain":0,"player_choice":"Card Removal","damage_taken":7,"max_hp_gain":0,"max_hp_loss":0,"event_name":"Golden Wing","floor":11,"gold_loss":0},{"damage_healed":0,"gold_gain":0,"player_choice":"Ignored","damage_taken":0,"max_hp_gain":0,"max_hp_loss":0,"event_name":"N\u0027loth","floor":20,"gold_loss":0},{"damage_healed":0,"gold_gain":0,"player_choice":"Copied","damage_taken":0,"max_hp_gain":0,"max_hp_loss":0,"event_name":"Duplicator","floor":22,"gold_loss":0,"cards_obtained":["Tools of the Trade"]},{"damage_healed":0,"gold_gain":0,"player_choice":"Trade","damage_taken":0,"relics_obtained":["SsserpentHead"],"max_hp_gain":0,"max_hp_loss":0,"event_name":"FaceTrader","floor":28,"gold_loss":0}],"is_beta":false,"boss_relics":[{"not_picked":["Runic Cube","Calling Bell"],"picked":"Astrolabe"}],"items_purged_floors":[12],"is_endless":false,"potions_floor_spawned":[6,8,10,25],"killed_by":"Gremlin Leader","ascension_level":0}