{"gold_per_floor":[116,134,145,145,165,165,200,200,200,219,219,249,264,214,214,214],"floor_reached":16,"playtime":1886,"items_purged":[],"score":123,"play_id":"f0beb2bf-7993-4868-bf00-d674df01760c","local_time":"20191001213544","is_ascension_mode":true,"campfire_choices":[{"data":"Neutralize","floor":6.0,"key":"SMITH"},{"floor":8.0,"key":"REST"},{"data":"Poisoned Stab","floor":11.0,"key":"SMITH"},{"floor":15,"key":"REST"}],"neow_cost":"NONE","seed_source_timestamp":0,"circlet_count":0,"master_deck":["Strike_G","Strike_G","Strike_G","Strike_G","Strike_G","Defend_G","Defend_G","Defend_G","Defend_G","Survivor","Neutralize+1","Poisoned Stab+1","Deflect+1","PiercingWail+1"],"special_seed":0,"relics":["Ring of the Snake","Dodecahedron","Toxic Egg 2","Meat on the Bone"],"potions_floor_usage":[16],"damage_taken":[{"damage":0.0,"enemies":"Small Slimes","floor":1.0,"turns":4.0},{"damage":0.0,"enemies":"Jaw Worm","floor":2.0,"turns":6.0},{"damage":0.0,"enemies":"Cultist","floor":3.0,"turns":4.0},{"damage":2.0,"enemies":"2 Fungi Beasts","floor":5.0,"turns":3.0},{"damage":32.0,"enemies":"Gremlin Nob","floor":7.0,"turns":6.0},{"damage":14.0,"enemies":"Lots of Slimes","floor":10.0,"turns":5.0},{"damage":33.0,"enemies":"3 Sentries","floor":12.0,"turns":11.0},{"damage":1,"enemies":"Red Slaver","floor":13,"turns":4},{"damage":65,"enemies":"Slime Boss","floor":16,"turns":10}],"seed_played":"-4000748709794015298","potions_obtained":[{"floor":1.0,"key":"SkillPotion"},{"floor":10.0,"key":"Fire Potion"},{"floor":13,"key":"AttackPotion"}],"is_trial":false,"path_per_floor":["M","M","M","?","M","R","E","R","T","M","R","E","M","?","R","B"],"character_chosen":"THE_SILENT","items_purchased":[],"campfire_rested":2,"item_purchase_floors":[],"current_hp_per_floor":[77,77,77,77,75,75,43,66,66,52,52,19,30,30,53,0],"gold":214,"neow_bonus":"TEN_PERCENT_HP_BONUS","is_prod":false,"is_daily":false,"chose_seed":false,"campfire_upgraded":2,"win_rate":0,"timestamp":1569983744,"path_taken":["M","M","M","?","M","R","E","R","T","M","R","E","M","?","R","BOSS"],"build_version":"2019-07-17","purchased_purges":0,"victory":false,"max_hp_per_floor":[77,77,77,77,77,77,77,77,77,77,77,77,77,77,77,77],"card_choices":[{"not_picked":["Expertise","Bane","Dagger Throw"],"picked":"SKIP","floor":1.0},{"not_picked":["Underhanded Strike","Escape Plan"],"picked":"Poisoned Stab","floor":2.0},{"not_picked":["Expertise","Prepared","Terror"],"picked":"SKIP","floor":3.0},{"not_picked":["Flying Knee","Flechettes","Deadly Poison"],"picked":"SKIP","floor":5.0},{"not_picked":["All Out Attack","Tactician","Deadly Poison"],"picked":"SKIP","floor":7.0},{"not_picked":["Dagger Throw","Eviscerate","Underhanded Strike"],"picked":"SKIP","floor":10.0},{"not_picked":["Tactician+1","Quick Slash"],"picked":"Deflect+1","floor":12},{"not_picked":["Acrobatics+1","Dagger Spray"],"picked":"PiercingWail+1","floor":13}],"player_experience":100699,"relics_obtained":[{"floor":7.0,"key":"Dodecahedron"},{"floor":9.0,"key":"Toxic Egg 2"},{"floor":12,"key":"Meat on the Bone"}],"event_choices":[{"damage_healed":0.0,"max_hp_gain":0.0,"max_hp_loss":0.0,"gold_gain":0.0,"event_name":"Liars Game","player_choice":"Ignored","floor":4.0,"gold_loss":0.0,"damage_taken":0.0},{"cards_removed":["Defend_G"],"damage_healed":0,"gold_gain":0,"player_choice":"Card Removal","damage_taken":0,"max_hp_gain":0,"max_hp_loss":0,"event_name":"The Cleric","floor":14,"gold_loss":50}],"is_beta":false,"boss_relics":[],"items_purged_floors":[],"is_endless":false,"potions_floor_spawned":[1,10,13],"killed_by":"Slime Boss","ascension_level":2}