{"gold_per_floor":[113,127,146,160,125,158,158,158,185,204,204],"floor_reached":11,"playtime":1960,"items_purged":[],"score":75,"play_id":"aa4c7385-4dbf-4e60-a9a0-e2d782c581d4","local_time":"20190917174010","is_ascension_mode":false,"campfire_choices":[{"floor":8.0,"key":"REST"}],"neow_cost":"PERCENT_DAMAGE","seed_source_timestamp":37646438152800,"circlet_count":0,"master_deck":["Strike_P","Strike_P","Strike_P","Strike_P","Defend_P","Eruption","Vigilance","Halt","MentalFortress","EmptyMind","Worship","Metaphysics","TalkToTheHand"],"special_seed":0,"relics":["PureWater","PreservedInsect","MealTicket"],"potions_floor_usage":[],"damage_taken":[{"damage":0.0,"enemies":"Cultist","floor":1.0,"turns":2.0},{"damage":0.0,"enemies":"Small Slimes","floor":2.0,"turns":2.0},{"damage":0.0,"enemies":"Jaw Worm","floor":3.0,"turns":5.0},{"damage":13.0,"enemies":"Exordium Thugs","floor":4.0,"turns":7.0},{"damage":33.0,"enemies":"Lagavulin","floor":6.0,"turns":8.0},{"damage":11.0,"enemies":"Looter","floor":10.0,"turns":3.0},{"damage":4,"enemies":"2 Fungi Beasts","floor":11,"turns":2}],"seed_played":"8137617312169215890","potions_obtained":[{"floor":2.0,"key":"LiquidBronze"},{"floor":3.0,"key":"Energy Potion"}],"is_trial":false,"path_per_floor":["M","M","M","M","?","E","?","R","T","M","M"],"character_chosen":"WATCHER","items_purchased":[],"campfire_rested":1,"item_purchase_floors":[],"current_hp_per_floor":[47,47,47,34,50,17,17,36,36,25,21],"gold":204,"neow_bonus":"REMOVE_TWO","is_prod":false,"is_daily":false,"chose_seed":false,"campfire_upgraded":0,"win_rate":0.0,"timestamp":1568767210,"path_taken":["M","M","M","?","?","E","?","R","T","M","?"],"build_version":"2019-09-17","purchased_purges":0,"victory":false,"max_hp_per_floor":[65,65,65,65,65,65,65,65,65,65,65],"card_choices":[{"not_picked":["EmptyFist","JustLucky"],"picked":"Halt","floor":1.0},{"not_picked":["JustLucky","Adaptation"],"picked":"MentalFortress","floor":2.0},{"not_picked":["Weave","Prostrate"],"picked":"EmptyMind","floor":3.0},{"not_picked":["WaveOfTheHand","EmptyFist"],"picked":"Worship","floor":4.0},{"not_picked":["EmptyMind","Vengeance"],"picked":"Metaphysics","floor":6.0},{"not_picked":["Devotion","EmptyFist"],"picked":"TalkToTheHand","floor":10.0}],"player_experience":244204,"relics_obtained":[{"floor":6.0,"key":"PreservedInsect"},{"floor":9.0,"key":"MealTicket"}],"event_choices":[{"damage_healed":16.0,"max_hp_gain":0.0,"max_hp_loss":0.0,"gold_gain":0.0,"event_name":"The Cleric","player_choice":"Healed","floor":5.0,"gold_loss":35.0,"damage_taken":0.0},{"cards_removed":["Defend_P"],"damage_healed":0.0,"max_hp_gain":0.0,"max_hp_loss":0.0,"gold_gain":0.0,"event_name":"Purifier","player_choice":"Purged","floor":7.0,"gold_loss":0.0,"damage_taken":0.0}],"is_beta":true,"boss_relics":[],"items_purged_floors":[],"is_endless":false,"potions_floor_spawned":[2,3],"killed_by":"2 Fungi Beasts","ascension_level":0}