{"gold_per_floor":[112,131,81,101,114,145,145,176,202,213,238,238,4,23,23,121,121,137,157,157,157,157,184,184,219,242,261,277,295,322,522,522,627,627,644,658,676,689,67,92,92,104,104,104,116,116,416,446,446,446],"floor_reached":50,"playtime":3661,"items_purged":["Concentrate"],"score":931,"play_id":"eae957c3-ead2-4bd4-a642-f1386b722576","local_time":"20190920204850","is_ascension_mode":true,"campfire_choices":[{"floor":7.0,"key":"REST"},{"floor":15.0,"key":"REST"},{"data":"Noxious Fumes","floor":24.0,"key":"SMITH"},{"data":"RitualDagger","floor":32.0,"key":"SMITH"},{"floor":41.0,"key":"REST"},{"floor":46.0,"key":"REST"},{"floor":49.0,"key":"REST"}],"neow_cost":"NONE","seed_source_timestamp":3373026897307200,"circlet_count":0,"master_deck":["Strike_G+1","Strike_G+1","Defend_G","Defend_G","Defend_G","Defend_G","Defend_G","Survivor","Neutralize+1","Backflip","Noxious Fumes+1","Flying Knee","Terror","Bouncing Flask","Adrenaline","Distraction+1","Well Laid Plans","Footwork","A Thousand Cuts","Dodge and Roll","Dagger Spray","RitualDagger+1","Dodge and Roll","Dagger Spray+1","Dodge and Roll","Backstab+1","Dodge and Roll","PiercingWail","Footwork+1","Burst","Flechettes","Noxious Fumes+1","Infinite Blades+1","Cloak And Dagger+1","Leg Sweep","Infinite Blades","Skewer","Dodge and Roll","Catalyst+1"],"special_seed":0,"relics":["Ring of the Snake","Boot","Bag of Preparation","Pen Nib","Bag of Marbles","Whetstone","Sozu","Strawberry","Orichalcum","Anchor","Pocketwatch","Fusion Hammer","Frozen Eye","Mummified Hand","StoneCalendar","Smiling Mask","Vajra"],"potions_floor_usage":[],"damage_taken":[{"damage":0.0,"enemies":"Cultist","floor":1.0,"turns":4.0},{"damage":2.0,"enemies":"2 Louse","floor":2.0,"turns":5.0},{"damage":0.0,"enemies":"Small Slimes","floor":4.0,"turns":6.0},{"damage":1.0,"enemies":"Looter","floor":5.0,"turns":4.0},{"damage":19.0,"enemies":"3 Sentries","floor":6.0,"turns":12.0},{"damage":33.0,"enemies":"Gremlin Nob","floor":8.0,"turns":5.0},{"damage":0.0,"enemies":"Large Slime","floor":10.0,"turns":5.0},{"damage":17.0,"enemies":"Lagavulin","floor":11.0,"turns":4.0},{"damage":0.0,"enemies":"2 Fungi Beasts","floor":14.0,"turns":2.0},{"damage":5.0,"enemies":"The Guardian","floor":16.0,"turns":9.0},{"damage":10.0,"enemies":"2 Thieves","floor":18.0,"turns":4.0},{"damage":7.0,"enemies":"Spheric Guardian","floor":19.0,"turns":4.0},{"damage":3.0,"enemies":"Slavers","floor":23.0,"turns":6.0},{"damage":3.0,"enemies":"Book of Stabbing","floor":25.0,"turns":5.0},{"damage":4.0,"enemies":"Centurion and Healer","floor":27.0,"turns":5.0},{"damage":7.0,"enemies":"Snecko","floor":28.0,"turns":6.0},{"damage":0.0,"enemies":"3 Cultists","floor":29.0,"turns":4.0},{"damage":0.0,"enemies":"Gremlin Leader","floor":30.0,"turns":2.0},{"damage":2.0,"enemies":"Automaton","floor":33.0,"turns":10.0},{"damage":0.0,"enemies":"3 Darklings","floor":35.0,"turns":4.0},{"damage":0.0,"enemies":"Orb Walker","floor":36.0,"turns":3.0},{"damage":28.0,"enemies":"Maw","floor":37.0,"turns":9.0},{"damage":0.0,"enemies":"Sphere and 2 Shapes","floor":38.0,"turns":3.0},{"damage":26.0,"enemies":"Reptomancer","floor":40.0,"turns":5.0},{"damage":8.0,"enemies":"3 Darklings","floor":42.0,"turns":4.0},{"damage":8.0,"enemies":"Writhing Mass","floor":45.0,"turns":7.0},{"damage":15.0,"enemies":"Nemesis","floor":48.0,"turns":5.0},{"damage":76,"enemies":"Awakened One","floor":50,"turns":6}],"seed_played":"3136191618797185421","potions_obtained":[{"floor":1.0,"key":"PowerPotion"},{"floor":5.0,"key":"Dexterity Potion"},{"floor":6.0,"key":"Strength Potion"},{"floor":10.0,"key":"Fire Potion"},{"floor":14.0,"key":"Block Potion"},{"floor":16.0,"key":"Block Potion"}],"is_trial":false,"path_per_floor":["M","M","?","M","M","E","R","E","T","M","E","?","$","M","R","B",null,"M","M","?","?","?","E","R","E","T","M","M","M","E","?","R","B",null,"M","M","M","M","$","E","R","M","T","?","M","R","?","E","R","B"],"character_chosen":"THE_SILENT","items_purchased":["Whetstone","Well Laid Plans","Weak Potion","Frozen Eye","Mummified Hand","Leg Sweep","Infinite Blades"],"campfire_rested":5,"item_purchase_floors":[13,13,13,39,39,39,39],"current_hp_per_floor":[70,68,68,68,67,48,71,38,38,38,21,6,6,6,29,24,64,54,47,72,66,66,70,70,67,67,63,56,56,56,56,56,54,77,77,77,49,49,49,23,48,40,40,40,32,57,57,42,67,0],"gold":446,"neow_bonus":"TEN_PERCENT_HP_BONUS","is_prod":false,"is_daily":false,"chose_seed":false,"campfire_upgraded":2,"win_rate":0,"timestamp":1569005330,"path_taken":["M","?","?","M","M","E","R","E","T","M","E","?","$","M","R","BOSS","M","M","?","?","?","E","R","E","T","M","M","M","E","?","R","BOSS","M","M","M","M","$","E","R","M","T","?","M","R","?","E","R","BOSS"],"build_version":"2019-07-17","purchased_purges":1,"victory":false,"max_hp_per_floor":[77,77,77,77,77,77,77,77,77,77,77,77,77,77,77,77,77,77,77,77,77,77,84,84,84,84,84,84,84,84,84,84,84,84,84,84,84,84,84,84,84,84,84,84,84,84,84,84,84,84],"card_choices":[{"not_picked":["Reflex","Deflect"],"picked":"Concentrate","floor":1.0},{"not_picked":["Cloak And Dagger","Escape Plan"],"picked":"Backflip","floor":2.0},{"not_picked":["Prepared","Setup"],"picked":"Noxious Fumes","floor":4.0},{"not_picked":["Cloak And Dagger","Choke"],"picked":"Flying Knee","floor":5.0},{"not_picked":["Deflect","PiercingWail"],"picked":"Terror","floor":6.0},{"not_picked":["Acrobatics","Dagger Spray"],"picked":"Bouncing Flask","floor":8.0},{"not_picked":["Quick Slash","Outmaneuver"],"picked":"Adrenaline","floor":10.0},{"not_picked":["Dodge and Roll","Flying Knee"],"picked":"Distraction","floor":11.0},{"not_picked":["Deadly Poison","Well Laid Plans"],"picked":"Footwork","floor":14.0},{"not_picked":["Glass Knife","Wraith Form v2"],"picked":"A Thousand Cuts","floor":16.0},{"not_picked":["Outmaneuver","Endless Agony"],"picked":"Dodge and Roll","floor":18.0},{"not_picked":["Flying Knee","Underhanded Strike"],"picked":"Dagger Spray","floor":19.0},{"not_picked":["Escape Plan+1","Dagger Throw"],"picked":"Dagger Spray+1","floor":23.0},{"not_picked":["Acrobatics","Dagger Spray"],"picked":"Dodge and Roll","floor":25.0},{"not_picked":["Heel Hook","Blur"],"picked":"Backstab+1","floor":27.0},{"not_picked":["Deflect","Acrobatics+1"],"picked":"Dodge and Roll","floor":28.0},{"not_picked":["Outmaneuver","Eviscerate"],"picked":"PiercingWail","floor":29.0},{"not_picked":["Tactician","Distraction"],"picked":"Footwork+1","floor":30.0},{"not_picked":["Night Terror","Wraith Form v2"],"picked":"Burst","floor":33.0},{"not_picked":["Calculated Gamble","Predator+1"],"picked":"Flechettes","floor":35.0},{"not_picked":["Reflex+1","Cloak And Dagger"],"picked":"Noxious Fumes+1","floor":36.0},{"not_picked":["Deflect","Outmaneuver"],"picked":"Infinite Blades+1","floor":37.0},{"not_picked":["Acrobatics","Prepared+1"],"picked":"Cloak And Dagger+1","floor":38.0},{"not_picked":["Reflex","PiercingWail+1"],"picked":"Skewer","floor":40.0},{"not_picked":["Underhanded Strike","Blade Dance"],"picked":"Dodge and Roll","floor":42.0},{"not_picked":["Endless Agony","Grand Finale","Riddle With Holes"],"picked":"SKIP","floor":45.0},{"not_picked":["Leg Sweep","Well Laid Plans+1"],"picked":"Catalyst+1","floor":48.0}],"player_experience":266711,"relics_obtained":[{"floor":6.0,"key":"Boot"},{"floor":8.0,"key":"Bag of Preparation"},{"floor":9.0,"key":"Pen Nib"},{"floor":11.0,"key":"Bag of Marbles"},{"floor":23.0,"key":"Strawberry"},{"floor":25.0,"key":"Orichalcum"},{"floor":26.0,"key":"Anchor"},{"floor":30.0,"key":"Pocketwatch"},{"floor":40.0,"key":"StoneCalendar"},{"floor":43.0,"key":"Smiling Mask"},{"floor":48.0,"key":"Vajra"}],"event_choices":[{"cards_removed":["Strike_G"],"damage_healed":0.0,"max_hp_gain":0.0,"max_hp_loss":0.0,"gold_gain":0.0,"event_name":"The Cleric","player_choice":"Card Removal","floor":3.0,"gold_loss":50.0,"damage_taken":0.0},{"damage_healed":0.0,"max_hp_gain":0.0,"max_hp_loss":0.0,"gold_gain":0.0,"event_name":"Shining Light","player_choice":"Entered Light","floor":12.0,"gold_loss":0.0,"damage_taken":15.0,"cards_upgraded":["Strike_G","Distraction"]},{"damage_healed":25.0,"max_hp_gain":0.0,"max_hp_loss":0.0,"gold_gain":0.0,"event_name":"The Library","player_choice":"Heal","floor":20.0,"gold_loss":0.0,"damage_taken":0.0},{"damage_healed":0.0,"max_hp_gain":0.0,"max_hp_loss":0.0,"gold_gain":0.0,"event_name":"Nest","player_choice":"Joined the Cult","floor":21.0,"gold_loss":0.0,"damage_taken":6.0,"cards_obtained":["RitualDagger"]},{"damage_healed":0.0,"max_hp_gain":0.0,"max_hp_loss":0.0,"gold_gain":0.0,"cards_transformed":["Strike_G","Strike_G"],"event_name":"Drug Dealer","player_choice":"Became Test Subject","floor":22.0,"gold_loss":0.0,"damage_taken":0.0,"cards_obtained":["Deflect","Dodge and Roll"]},{"damage_healed":0.0,"max_hp_gain":0.0,"max_hp_loss":0.0,"gold_gain":200.0,"event_name":"Wheel of Change","player_choice":"Gold","floor":31.0,"gold_loss":0.0,"damage_taken":0.0},{"cards_removed":["Deflect"],"damage_healed":0.0,"max_hp_gain":0.0,"max_hp_loss":0.0,"gold_gain":0.0,"event_name":"Falling","player_choice":"Removed Skill","floor":44.0,"gold_loss":0.0,"damage_taken":0.0},{"damage_healed":0.0,"max_hp_gain":0.0,"max_hp_loss":0.0,"gold_gain":300.0,"event_name":"Wheel of Change","player_choice":"Gold","floor":47.0,"gold_loss":0.0,"damage_taken":0.0}],"is_beta":false,"boss_relics":[{"not_picked":["Orrery","Ring of the Serpent"],"picked":"Sozu"},{"not_picked":["Astrolabe","Velvet Choker"],"picked":"Fusion Hammer"}],"items_purged_floors":[39],"is_endless":false,"potions_floor_spawned":[1,5,6,10,14,16,19,27,28,29,35,37,42,45,48],"killed_by":"Awakened One","ascension_level":7}