{"gold_per_floor":[109,122,133,146,161,194,194,228,228,256,221,221,237,13,13,132,132,156,169,94,107,20,60,60,84,84,122,147,186,186,221,221,221],"floor_reached":33,"playtime":2041,"items_purged":["Decay"],"score":451,"play_id":"67ea4cdb-cb39-4022-9024-a3cab99b3d53","local_time":"20190917070037","is_ascension_mode":true,"campfire_choices":[{"floor":7,"key":"REST"},{"data":"Jack Of All Trades","floor":15,"key":"SMITH"},{"floor":24,"key":"REST"},{"floor":32,"key":"REST"}],"neow_cost":"CURSE","seed_source_timestamp":0,"circlet_count":0,"master_deck":["Strike_R","Strike_R","Strike_R","Strike_R","Defend_R","Defend_R","Defend_R","Defend_R","Bash","Purity","Jack Of All Trades+1","Flame Barrier","Iron Wave","Twin Strike","Cleave","Searing Blow","Sword Boomerang","Reaper","Iron Wave","Injury","Thunderclap","Fire Breathing","Double Tap","Clash","Armaments","Sword Boomerang","Feed","Seeing Red","Flex+1","Armaments","Havoc+1","Fire Breathing","Whirlwind+1"],"special_seed":0,"relics":["Burning Blood","Strawberry","The Courier","FossilizedHelix","Shuriken","Bloody Idol","Membership Card","Sozu","Bronze Scales","Nunchaku","Blood Vial","Self Forming Clay","Darkstone Periapt","Molten Egg 2"],"potions_floor_usage":[5,8,10,19,27],"damage_taken":[{"damage":0.0,"enemies":"Small Slimes","floor":1.0,"turns":4.0},{"damage":0.0,"enemies":"2 Louse","floor":2.0,"turns":4.0},{"damage":10,"enemies":"Jaw Worm","floor":3,"turns":7},{"damage":8,"enemies":"2 Fungi Beasts","floor":4,"turns":4},{"damage":24,"enemies":"Exordium Wildlife","floor":5,"turns":6},{"damage":31,"enemies":"Gremlin Nob","floor":6,"turns":5},{"damage":39,"enemies":"Lagavulin","floor":8,"turns":10},{"damage":22,"enemies":"3 Sentries","floor":10,"turns":7},{"damage":0,"enemies":"Red Slaver","floor":13,"turns":4},{"damage":15,"enemies":"Slime Boss","floor":16,"turns":12},{"damage":28,"enemies":"2 Thieves","floor":18,"turns":4},{"damage":13,"enemies":"3 Byrds","floor":19,"turns":4},{"damage":19,"enemies":"Cultist and Chosen","floor":21,"turns":6},{"damage":41,"enemies":"Book of Stabbing","floor":23,"turns":5},{"damage":9,"enemies":"Chosen and Byrds","floor":25,"turns":4},{"damage":33,"enemies":"Slavers","floor":27,"turns":5},{"damage":16,"enemies":"Snake Plant","floor":28,"turns":3},{"damage":20,"enemies":"Gremlin Leader","floor":29,"turns":7},{"damage":36,"enemies":"Slavers","floor":31,"turns":5},{"damage":84,"enemies":"Collector","floor":33,"turns":6}],"seed_played":"7929727018215694204","potions_obtained":[{"floor":2,"key":"SpeedPotion"},{"floor":6,"key":"GamblersBrew"},{"floor":8,"key":"Explosive Potion"},{"floor":10,"key":"EssenceOfSteel"},{"floor":13,"key":"EssenceOfSteel"}],"is_trial":false,"path_per_floor":["M","M","M","M","M","E","R","E","T","E","?","?","M","$","R","B",null,"M","M","?","M","$","E","R","M","T","E","M","E","?","E","R","B"],"character_chosen":"IRONCLAD","items_purchased":["Membership Card","Fire Breathing","Bronze Scales","Feed"],"campfire_rested":3,"item_purchase_floors":[14,14,22,22],"current_hp_per_floor":[78,80,76,74,56,38,64,31,31,20,41,41,52,52,52,43,76,54,58,58,49,49,14,40,44,44,34,34,43,43,43,70,0],"gold":221,"neow_bonus":"RANDOM_COLORLESS_2","is_prod":false,"is_daily":false,"chose_seed":false,"campfire_upgraded":1,"win_rate":0,"timestamp":1568696437,"path_taken":["M","M","M","M","M","E","R","E","T","E","?","?","M","$","R","BOSS","M","M","?","M","$","E","R","M","T","E","M","E","?","E","R","BOSS"],"build_version":"2019-07-17","purchased_purges":1,"victory":false,"max_hp_per_floor":[80,80,80,80,80,87,87,87,87,87,87,87,87,87,87,87,87,87,87,87,87,87,87,87,87,87,90,90,90,90,93,93,93],"card_choices":[{"not_picked":["Shrug It Off","Anger"],"picked":"Flame Barrier","floor":1.0},{"not_picked":["Combust","Seeing Red"],"picked":"Iron Wave","floor":2},{"not_picked":["Reckless Charge","Evolve"],"picked":"Twin Strike","floor":3},{"not_picked":["Second Wind","Sentinel"],"picked":"Cleave","floor":4},{"not_picked":["Cleave","Whirlwind"],"picked":"Searing Blow","floor":5},{"not_picked":["True Grit","Evolve"],"picked":"Sword Boomerang","floor":6},{"not_picked":["Clothesline","Body Slam"],"picked":"Reaper","floor":8},{"not_picked":["Clash","Anger"],"picked":"Iron Wave","floor":10},{"not_picked":["Twin Strike","Blood for Blood"],"picked":"Thunderclap","floor":13},{"not_picked":["Juggernaut","Reaper"],"picked":"Double Tap","floor":16},{"not_picked":["Whirlwind","Clothesline+1"],"picked":"Clash","floor":18},{"not_picked":["Bloodletting+1","Shrug It Off+1"],"picked":"Armaments","floor":19},{"not_picked":["Searing Blow","Clothesline"],"picked":"Sword Boomerang","floor":21},{"not_picked":["Pommel Strike","Carnage"],"picked":"Seeing Red","floor":23},{"not_picked":["Perfected Strike+1","Shrug It Off"],"picked":"Flex+1","floor":25},{"not_picked":["True Grit","Clash"],"picked":"Armaments","floor":27},{"not_picked":["Dark Embrace","Pummel"],"picked":"Havoc+1","floor":28},{"not_picked":["Berserk","Flex"],"picked":"Fire Breathing","floor":29},{"not_picked":["Anger","Exhume"],"picked":"Whirlwind+1","floor":31}],"player_experience":229678,"relics_obtained":[{"floor":6,"key":"Strawberry"},{"floor":8,"key":"The Courier"},{"floor":9,"key":"FossilizedHelix"},{"floor":10,"key":"Shuriken"},{"floor":23,"key":"Nunchaku"},{"floor":26,"key":"Blood Vial"},{"floor":27,"key":"Self Forming Clay"},{"floor":29,"key":"Darkstone Periapt"},{"floor":31,"key":"Molten Egg 2"}],"event_choices":[{"damage_healed":21,"gold_gain":0,"player_choice":"Healed","damage_taken":0,"max_hp_gain":0,"max_hp_loss":0,"event_name":"The Cleric","floor":11,"gold_loss":35},{"damage_healed":0,"gold_gain":0,"player_choice":"Take Wound","damage_taken":0,"relics_obtained":["Golden Idol"],"max_hp_gain":0,"max_hp_loss":0,"event_name":"Golden Idol","floor":12,"gold_loss":0,"cards_obtained":["Injury"]},{"cards_removed":["Strike_R"],"damage_healed":0,"gold_gain":0,"player_choice":"Gave Gold","damage_taken":0,"max_hp_gain":0,"max_hp_loss":0,"event_name":"Beggar","floor":20,"gold_loss":75},{"damage_healed":0,"gold_gain":0,"player_choice":"Gave Idol","damage_taken":0,"relics_obtained":["Bloody Idol"],"max_hp_gain":0,"max_hp_loss":0,"event_name":"Forgotten Altar","floor":30,"relics_lost":["Golden Idol"],"gold_loss":0}],"is_beta":false,"boss_relics":[{"not_picked":["Orrery","Runic Cube"],"picked":"Sozu"}],"items_purged_floors":[14],"is_endless":false,"potions_floor_spawned":[2,6,8,10,13,18,21,31],"killed_by":"Collector","ascension_level":6}