{"gold_per_floor":[112,187,203,281,300,328,328,328,328,343,374,404,442,442,442,565,565,535,559,15,33,33,33],"floor_reached":23,"playtime":1381,"items_purged":[],"score":301,"play_id":"5bc84f8f-cad0-4258-b1f4-342b0a957edc","local_time":"20190909195227","is_ascension_mode":true,"campfire_choices":[{"floor":8,"key":"REST"},{"floor":15,"key":"REST"}],"neow_cost":"PERCENT_DAMAGE","seed_source_timestamp":2422209961043500,"circlet_count":0,"master_deck":["Strike_R","Strike_R","Strike_R","Strike_R","Defend_R","Defend_R","Defend_R","Defend_R","Bash","Feed","Thunderclap","Rage","Havoc","Armaments","Injury","Cleave","Ghostly Armor","True Grit","Pommel Strike","Reaper","Headbutt","Flash of Steel","Searing Blow"],"relics":["Burning Blood","Letter Opener","Matryoshka","Golden Idol","Lantern","Sundial","Pear","Tiny Chest","Regal Pillow","Busted Crown","Dead Branch","Red Skull","Nilry\u0027s Codex"],"potions_floor_usage":[6,11,21],"damage_taken":[{"damage":11,"enemies":"Small Slimes","floor":1,"turns":4},{"damage":7,"enemies":"Jaw Worm","floor":3,"turns":3},{"damage":0,"enemies":"Cultist","floor":5,"turns":2},{"damage":30,"enemies":"3 Sentries","floor":6,"turns":8},{"damage":7,"enemies":"Large Slime","floor":10,"turns":6},{"damage":33,"enemies":"Gremlin Nob","floor":11,"turns":5},{"damage":25,"enemies":"Lagavulin","floor":13,"turns":6},{"damage":57,"enemies":"The Guardian","floor":16,"turns":14},{"damage":20,"enemies":"2 Thieves","floor":18,"turns":5},{"damage":13,"enemies":"Shell Parasite","floor":19,"turns":6},{"damage":24,"enemies":"Snecko","floor":21,"turns":6},{"damage":84,"enemies":"Book of Stabbing","floor":23,"turns":7}],"seed_played":"5585098014530551983","potions_obtained":[{"floor":1,"key":"LiquidBronze"},{"floor":6,"key":"Weak Potion"},{"floor":18,"key":"Ancient Potion"},{"floor":21,"key":"LiquidBronze"}],"is_trial":false,"path_per_floor":["M","?","M","T","M","E","?","R","T","M","E","?","E","?","R","B",null,"M","M","$","M","?","E"],"character_chosen":"IRONCLAD","items_purchased":["Dead Branch","Red Skull","Flash of Steel"],"campfire_rested":2,"item_purchase_floors":[20,20,20],"current_hp_per_floor":[54,43,45,45,54,33,33,60,60,62,45,33,17,17,64,13,108,103,96,96,84,68,0],"gold":33,"neow_bonus":"THREE_RARE_CARDS","is_prod":false,"is_daily":false,"chose_seed":false,"campfire_upgraded":0,"win_rate":0,"timestamp":1568051547,"path_taken":["M","?","M","?","?","E","?","R","T","M","E","?","E","?","R","BOSS","M","M","$","?","?","E"],"build_version":"2019-07-17","purchased_purges":0,"victory":false,"max_hp_per_floor":[83,83,86,86,89,92,92,92,92,95,105,105,108,108,108,108,108,111,111,111,111,111,111],"card_choices":[{"not_picked":["Dark Embrace","Barricade"],"picked":"Feed","floor":0},{"not_picked":["Feel No Pain","Corruption"],"picked":"Thunderclap","floor":1},{"not_picked":["Warcry","Reckless Charge"],"picked":"Rage","floor":3},{"not_picked":["True Grit","Warcry"],"picked":"Havoc","floor":5},{"not_picked":["Heavy Blade","Cleave"],"picked":"Armaments","floor":6},{"not_picked":["Disarm","Anger"],"picked":"Cleave","floor":10},{"not_picked":["Evolve","Sword Boomerang"],"picked":"Ghostly Armor","floor":11},{"not_picked":["Uppercut","Body Slam"],"picked":"True Grit","floor":13},{"not_picked":["Limit Break","Impervious"],"picked":"Reaper","floor":16},{"not_picked":["True Grit"],"picked":"SKIP","floor":18},{"not_picked":[],"picked":"Headbutt","floor":19},{"not_picked":[],"picked":"Searing Blow","floor":21}],"player_experience":105149,"relics_obtained":[{"floor":4,"key":"Letter Opener"},{"floor":6,"key":"Matryoshka"},{"floor":9,"key":"Lantern"},{"floor":9,"key":"Sundial"},{"floor":11,"key":"Pear"},{"floor":13,"key":"Regal Pillow"},{"floor":22,"key":"Nilry\u0027s Codex"}],"event_choices":[{"damage_healed":0,"gold_gain":75,"player_choice":"Gather Gold","damage_taken":11,"max_hp_gain":0,"max_hp_loss":0,"event_name":"World of Goop","floor":2,"gold_loss":0},{"damage_healed":0,"gold_gain":0,"player_choice":"Take Wound","damage_taken":0,"relics_obtained":["Golden Idol"],"max_hp_gain":0,"max_hp_loss":0,"event_name":"Golden Idol","floor":7,"gold_loss":0,"cards_obtained":["Injury"]},{"damage_healed":0,"gold_gain":0,"player_choice":"Success","damage_taken":12,"relics_obtained":["Tiny Chest"],"max_hp_gain":0,"max_hp_loss":0,"event_name":"Scrap Ooze","floor":12,"gold_loss":0},{"damage_healed":0,"gold_gain":0,"cards_transformed":["Strike_R"],"player_choice":"Transformed","damage_taken":0,"max_hp_gain":0,"max_hp_loss":0,"event_name":"Transmorgrifier","floor":14,"gold_loss":0,"cards_obtained":["Pommel Strike"]},{"damage_healed":0,"gold_gain":0,"player_choice":"Obtained Book","damage_taken":16,"max_hp_gain":0,"max_hp_loss":0,"event_name":"Cursed Tome","floor":22,"gold_loss":0}],"is_beta":false,"boss_relics":[{"not_picked":["Black Blood","White Beast Statue"],"picked":"Busted Crown"}],"items_purged_floors":[],"is_endless":false,"potions_floor_spawned":[1,6,18,21],"killed_by":"Book of Stabbing","ascension_level":4}