{"gold_per_floor":[119,131,131,148,204,230,230,261,341,341,361,361,19,19,19,92,92,102,115,128,141,2,29,29,29,56,75,89,89,100,135,135,207,207,221,272,272,291,302,302,315,342,342,342],"floor_reached":44,"playtime":2919,"items_purged":[],"score":1051,"play_id":"260fef93-846f-49a3-9cbf-768418ee218b","local_time":"20191008064932","is_ascension_mode":true,"campfire_choices":[{"data":"Glacier","floor":7.0,"key":"SMITH"},{"floor":10.0,"key":"REST"},{"data":"Sunder","floor":12.0,"key":"SMITH"},{"data":"Stack","floor":15.0,"key":"SMITH"},{"data":"Stack","floor":24.0,"key":"SMITH"},{"floor":29.0,"key":"REST"},{"floor":32.0,"key":"REST"},{"floor":40,"key":"REST"}],"neow_cost":"NONE","seed_source_timestamp":806869258240700,"circlet_count":0,"master_deck":["AscendersBane","Defend_B","Defend_B+1","Defend_B","Defend_B","Zap+1","Dualcast","Sunder+1","Ball Lightning","Glacier+1","Stack+1","Auto Shields","Hologram","Ball Lightning","Core Surge","Sunder+1","Ball Lightning+1","Steam Power+1","Steam","Stack+1","FTL","Hologram","Coolheaded","Go for the Eyes+1","Genetic Algorithm","Core Surge","Coolheaded","Aggregate","Leap","Hologram+1","Steam+1","Cold Snap+1","Leap","Electrodynamics","Turbo","Leap","Leap","Undo","Zap","Tempest","Parasite","Turbo","Hologram","Buffer","Go for the Eyes+1","Pain"],"special_seed":0,"relics":["Cracked Core","Ice Cream","Dream Catcher","Ornamental Fan","Odd Mushroom","Dead Branch","Astrolabe","Bottled Lightning","Centennial Puzzle","Nunchaku","Cursed Key","Du-Vu Doll","Symbiotic Virus","Molten Egg 2"],"potions_floor_usage":[39],"damage_taken":[{"damage":1.0,"enemies":"Small Slimes","floor":1.0,"turns":3.0},{"damage":1.0,"enemies":"2 Louse","floor":2.0,"turns":2.0},{"damage":1.0,"enemies":"Cultist","floor":4.0,"turns":3.0},{"damage":4.0,"enemies":"Lagavulin","floor":6.0,"turns":8.0},{"damage":11.0,"enemies":"Gremlin Nob","floor":8.0,"turns":4.0},{"damage":5.0,"enemies":"The Mushroom Lair","floor":11.0,"turns":4.0},{"damage":13.0,"enemies":"The Guardian","floor":16.0,"turns":12.0},{"damage":23.0,"enemies":"2 Thieves","floor":18.0,"turns":4.0},{"damage":0.0,"enemies":"Chosen","floor":19.0,"turns":5.0},{"damage":14.0,"enemies":"Shelled Parasite and Fungi","floor":20.0,"turns":5.0},{"damage":4.0,"enemies":"Chosen and Byrds","floor":21.0,"turns":5.0},{"damage":18.0,"enemies":"Gremlin Leader","floor":23.0,"turns":8.0},{"damage":2.0,"enemies":"Sentry and Sphere","floor":27.0,"turns":5.0},{"damage":4.0,"enemies":"Snake Plant","floor":28.0,"turns":4.0},{"damage":3.0,"enemies":"3 Cultists","floor":30.0,"turns":5.0},{"damage":18.0,"enemies":"Slavers","floor":31.0,"turns":4.0},{"damage":1.0,"enemies":"Collector","floor":33.0,"turns":11.0},{"damage":4.0,"enemies":"3 Darklings","floor":35.0,"turns":5.0},{"damage":44.0,"enemies":"2 Orb Walkers","floor":36.0,"turns":5.0},{"damage":0.0,"enemies":"Orb Walker","floor":38.0,"turns":4.0},{"damage":2,"enemies":"Writhing Mass","floor":39,"turns":6},{"damage":22,"enemies":"Jaw Worm Horde","floor":41,"turns":5},{"damage":19,"enemies":"Nemesis","floor":42,"turns":11},{"damage":1,"enemies":"4 Shapes","floor":44,"turns":3}],"seed_played":"-310509500571701039","potions_obtained":[{"floor":2.0,"key":"Ancient Potion"},{"floor":4.0,"key":"FocusPotion"},{"floor":20.0,"key":"Ancient Potion"},{"floor":23.0,"key":"FocusPotion"},{"floor":28.0,"key":"SpeedPotion"},{"floor":36.0,"key":"Poison Potion"},{"floor":39,"key":"GamblersBrew"}],"is_trial":false,"path_per_floor":["M","M","?","M","?","E","R","E","T","R","?","R","$","?","R","B",null,"M","M","M","M","$","E","R","?","T","M","M","R","M","E","R","B",null,"M","?","?","M","M","R","M","E","T","M"],"character_chosen":"DEFECT","items_purchased":["Dead Branch","Regen Potion","Coolheaded"],"campfire_rested":4,"item_purchase_floors":[13,22,22],"current_hp_per_floor":[70,69,46,45,45,41,41,30,30,53,48,48,48,48,48,35,67,44,44,30,26,26,23,23,23,23,21,17,40,37,19,42,41,69,65,21,21,21,19,42,20,1,1,0],"gold":342,"neow_bonus":"TEN_PERCENT_HP_BONUS","is_prod":false,"is_daily":false,"chose_seed":false,"campfire_upgraded":4,"win_rate":0,"timestamp":1570510172,"path_taken":["M","M","?","M","?","E","R","E","T","R","?","R","$","?","R","BOSS","M","M","M","M","$","E","R","?","T","M","M","R","?","E","R","BOSS","M","?","?","M","M","R","M","E","T","M"],"build_version":"2019-07-17","purchased_purges":0,"victory":false,"max_hp_per_floor":[78,78,78,78,78,78,78,78,78,78,78,78,78,78,78,78,78,78,78,78,78,78,78,78,78,78,78,78,78,78,78,78,78,78,78,78,78,78,78,78,78,78,78,78],"card_choices":[{"not_picked":["Compile Driver","Leap"],"picked":"Sunder","floor":1.0},{"not_picked":["Turbo","Rip and Tear"],"picked":"Ball Lightning","floor":2.0},{"not_picked":["Leap","Chill"],"picked":"Glacier","floor":4.0},{"not_picked":["Compile Driver","Rebound"],"picked":"Stack","floor":6.0},{"not_picked":["Turbo","Thunder Strike"],"picked":"Auto Shields","floor":8.0},{"not_picked":["Barrage","Fusion"],"picked":"Hologram","floor":10.0},{"not_picked":["FTL","Conserve Battery"],"picked":"Ball Lightning","floor":11.0},{"not_picked":["Fission","Thunder Strike"],"picked":"Core Surge","floor":16.0},{"not_picked":["Barrage+1","Auto Shields"],"picked":"Steam","floor":18.0},{"not_picked":["Darkness+1","Compile Driver"],"picked":"Stack","floor":19.0},{"not_picked":["Redo","Undo"],"picked":"FTL","floor":20.0},{"not_picked":["Redo","Coolheaded"],"picked":"Hologram","floor":21.0},{"not_picked":["Conserve Battery","Amplify"],"picked":"Go for the Eyes+1","floor":23.0},{"not_picked":["Lockon","Cold Snap"],"picked":"Aggregate","floor":27.0},{"not_picked":["Streamline","Beam Cell"],"picked":"Leap","floor":28.0},{"not_picked":["Reprogram","Loop"],"picked":"Hologram+1","floor":29.0},{"not_picked":["Consume","Coolheaded"],"picked":"Steam+1","floor":30.0},{"not_picked":["Consume","Undo"],"picked":"Cold Snap+1","floor":31.0},{"not_picked":["Skim","Amplify"],"picked":"Leap","floor":32.0},{"not_picked":["Multi-Cast","All For One"],"picked":"Electrodynamics","floor":33.0},{"not_picked":["Hello World","Static Discharge"],"picked":"Turbo","floor":35.0},{"not_picked":["Sweeping Beam+1","Scrape"],"picked":"Leap","floor":36.0},{"not_picked":["Gash","Go for the Eyes"],"picked":"Tempest","floor":38.0},{"not_picked":["Leap","BootSequence"],"picked":"Turbo","floor":39},{"not_picked":["Chaos+1","Barrage"],"picked":"Hologram","floor":40},{"not_picked":["Barrage","Beam Cell"],"picked":"Buffer","floor":41},{"not_picked":["Leap","Rebound"],"picked":"Go for the Eyes+1","floor":42}],"player_experience":438527,"relics_obtained":[{"floor":6.0,"key":"Ice Cream"},{"floor":8.0,"key":"Dream Catcher"},{"floor":9.0,"key":"Ornamental Fan"},{"floor":11.0,"key":"Odd Mushroom"},{"floor":23.0,"key":"Bottled Lightning"},{"floor":26.0,"key":"Centennial Puzzle"},{"floor":31.0,"key":"Nunchaku"},{"floor":36.0,"key":"Du-Vu Doll"},{"floor":42,"key":"Symbiotic Virus"},{"floor":43,"key":"Molten Egg 2"}],"event_choices":[{"damage_healed":0.0,"max_hp_gain":0.0,"max_hp_loss":0.0,"gold_gain":0.0,"event_name":"Shining Light","player_choice":"Entered Light","floor":3.0,"gold_loss":0.0,"damage_taken":23.0,"cards_upgraded":["Defend_B","Zap"]},{"damage_healed":0.0,"max_hp_gain":0.0,"max_hp_loss":0.0,"gold_gain":56.0,"event_name":"Golden Wing","player_choice":"Gained Gold","floor":5.0,"gold_loss":0.0,"damage_taken":0.0},{"damage_healed":0.0,"max_hp_gain":0.0,"max_hp_loss":0.0,"gold_gain":0.0,"event_name":"Mushrooms","player_choice":"Fought Mushrooms","floor":11.0,"gold_loss":0.0,"damage_taken":0.0},{"cards_removed":["Strike_B"],"damage_healed":0.0,"max_hp_gain":0.0,"max_hp_loss":0.0,"gold_gain":0.0,"event_name":"Living Wall","player_choice":"Forget","floor":14.0,"gold_loss":0.0,"damage_taken":0.0},{"damage_healed":0.0,"max_hp_gain":0.0,"max_hp_loss":0.0,"gold_gain":0.0,"event_name":"Match and Keep!","player_choice":"3 cards matched","floor":25.0,"gold_loss":0.0,"damage_taken":0.0,"cards_obtained":["Genetic Algorithm","Core Surge","Coolheaded"]},{"damage_healed":0.0,"max_hp_gain":0.0,"max_hp_loss":0.0,"gold_gain":0.0,"event_name":"Mysterious Sphere","player_choice":"Fight","floor":36.0,"gold_loss":0.0,"damage_taken":0.0},{"damage_healed":0.0,"max_hp_gain":0.0,"max_hp_loss":0.0,"gold_gain":0.0,"event_name":"Match and Keep!","player_choice":"3 cards matched","floor":37.0,"gold_loss":0.0,"damage_taken":0.0,"cards_obtained":["Leap","Undo","Zap"]}],"is_beta":false,"boss_relics":[{"not_picked":["White Beast Statue","Empty Cage"],"picked":"Astrolabe"},{"not_picked":["Coffee Dripper","FrozenCore"],"picked":"Cursed Key"}],"items_purged_floors":[],"is_endless":false,"potions_floor_spawned":[2,4,20,23,28,36,39],"killed_by":"4 Shapes","ascension_level":20}