{"gold_per_floor":[119,119,139,38,38,69,69,103,103,129,146,157,157,174,174,278,278,295,295,276,293,304,304],"floor_reached":23,"playtime":1254,"items_purged":["Regret"],"score":245,"play_id":"a48ff789-f20c-44bc-b76c-40b5b4f2c90d","local_time":"20190914130940","is_ascension_mode":true,"campfire_choices":[{"data":"Loop","floor":7,"key":"SMITH"},{"floor":13,"key":"REST"},{"data":"Buffer","floor":15,"key":"SMITH"}],"neow_cost":"NONE","seed_source_timestamp":2830168279157000,"circlet_count":0,"master_deck":["Strike_B","Strike_B","Strike_B","Strike_B","Defend_B","Defend_B","Defend_B","Defend_B","Zap","Dualcast","Turbo","Loop+1","Beam Cell","FTL","Conserve Battery","Auto Shields","Conserve Battery","Buffer+1","Capacitor","Amplify","White Noise","White Noise","Gash+1","Coolheaded","Gash"],"relics":["Cracked Core","Ornamental Fan","Smiling Mask","Darkstone Periapt","Blue Candle","Pen Nib","Fusion Hammer"],"potions_floor_usage":[6,6,10,16,20,21,23],"damage_taken":[{"damage":0,"enemies":"Small Slimes","floor":1,"turns":3},{"damage":0,"enemies":"2 Louse","floor":3,"turns":2},{"damage":36,"enemies":"3 Sentries","floor":6,"turns":7},{"damage":21,"enemies":"Lagavulin","floor":8,"turns":5},{"damage":29,"enemies":"Gremlin Nob","floor":10,"turns":5},{"damage":0,"enemies":"Cultist","floor":11,"turns":3},{"damage":1,"enemies":"Looter","floor":12,"turns":3},{"damage":0,"enemies":"Red Slaver","floor":14,"turns":3},{"damage":27,"enemies":"Hexaghost","floor":16,"turns":12},{"damage":11,"enemies":"Spheric Guardian","floor":18,"turns":5},{"damage":11,"enemies":"2 Thieves","floor":20,"turns":4},{"damage":20,"enemies":"Centurion and Healer","floor":21,"turns":7},{"damage":36,"enemies":"Shelled Parasite and Fungi","floor":22,"turns":6},{"damage":7,"enemies":"Book of Stabbing","floor":23,"turns":2}],"seed_played":"4941554209870241302","potions_obtained":[{"floor":5,"key":"SkillPotion"},{"floor":5,"key":"Ancient Potion"},{"floor":5,"key":"Regen Potion"},{"floor":6,"key":"SteroidPotion"},{"floor":8,"key":"Regen Potion"},{"floor":12,"key":"SteroidPotion"},{"floor":14,"key":"Swift Potion"},{"floor":20,"key":"AttackPotion"},{"floor":22,"key":"FocusPotion"}],"is_trial":false,"path_per_floor":["M","?","M","$","?","E","R","E","T","E","M","M","R","M","R","B",null,"M","?","M","M","M","E"],"character_chosen":"DEFECT","items_purchased":["Beam Cell"],"campfire_rested":1,"item_purchase_floors":[4],"current_hp_per_floor":[82,82,82,82,82,61,61,40,40,25,25,24,48,48,48,21,82,71,71,60,40,4,0],"gold":304,"neow_bonus":"TEN_PERCENT_HP_BONUS","is_prod":false,"is_daily":false,"chose_seed":false,"campfire_upgraded":2,"win_rate":0,"timestamp":1568459380,"path_taken":["M","?","M","$","?","E","R","E","T","E","M","?","R","M","R","BOSS","M","?","M","M","M","E"],"build_version":"2019-07-17","purchased_purges":1,"victory":false,"max_hp_per_floor":[82,82,82,82,82,82,82,82,82,82,82,82,82,82,82,82,82,82,82,82,82,82,82],"card_choices":[{"not_picked":["Scrape","Barrage"],"picked":"Turbo","floor":1},{"not_picked":["Reprogram","Blizzard"],"picked":"Loop","floor":3},{"not_picked":["Steam Power","Force Field"],"picked":"FTL","floor":6},{"not_picked":["Gash","Leap"],"picked":"Conserve Battery","floor":8},{"not_picked":["Steam Power","Leap"],"picked":"Auto Shields","floor":10},{"not_picked":["Sweeping Beam","Barrage"],"picked":"Conserve Battery","floor":11},{"not_picked":["Stack","Melter"],"picked":"Buffer","floor":12},{"not_picked":["Cold Snap","Darkness"],"picked":"Capacitor","floor":14},{"not_picked":["Thunder Strike","Machine Learning"],"picked":"Amplify","floor":16},{"not_picked":["Fusion","Stack"],"picked":"White Noise","floor":18},{"not_picked":["Streamline+1","Barrage"],"picked":"Gash+1","floor":20},{"not_picked":["Compile Driver+1","Skim"],"picked":"Coolheaded","floor":21},{"not_picked":["Coolheaded","Hologram"],"picked":"Gash","floor":22}],"player_experience":193593,"relics_obtained":[{"floor":6,"key":"Smiling Mask"},{"floor":8,"key":"Darkstone Periapt"},{"floor":9,"key":"Blue Candle"},{"floor":10,"key":"Pen Nib"}],"event_choices":[{"damage_healed":0,"gold_gain":0,"player_choice":"Box","damage_taken":0,"relics_obtained":["Ornamental Fan"],"max_hp_gain":0,"max_hp_loss":0,"event_name":"Big Fish","floor":2,"gold_loss":0,"cards_obtained":["Regret"]},{"damage_healed":0,"gold_gain":0,"player_choice":"Got Potions","damage_taken":0,"max_hp_gain":0,"max_hp_loss":0,"event_name":"Lab","floor":5,"gold_loss":0},{"damage_healed":0,"gold_gain":0,"player_choice":"Copied","damage_taken":0,"max_hp_gain":0,"max_hp_loss":0,"event_name":"Duplicator","floor":19,"gold_loss":0,"cards_obtained":["White Noise"]}],"is_beta":false,"boss_relics":[{"not_picked":["Nuclear Battery","Coffee Dripper"],"picked":"Fusion Hammer"}],"items_purged_floors":[4],"is_endless":false,"potions_floor_spawned":[6,8,12,14,20,22],"killed_by":"Book of Stabbing","ascension_level":3}