{"gold_per_floor":[111,127,143,143,318,353,353,378,452,491,491,18,63,97,97,97],"floor_reached":16,"playtime":870,"items_purged":["Doubt"],"score":146,"play_id":"4a26bf20-96f4-4997-a208-bd7136b13e05","local_time":"20190919064707","is_ascension_mode":true,"campfire_choices":[{"floor":15,"key":"REST"}],"neow_cost":"TEN_PERCENT_HP_LOSS","seed_source_timestamp":3239539133771800,"circlet_count":0,"master_deck":["Strike_R","Strike_R","Strike_R","Strike_R","Strike_R","Defend_R","Defend_R","Defend_R","Defend_R","Bash","Cleave","Disarm","Headbutt","Dropkick","Fire Breathing","Twin Strike","HandOfGreed","Shrug It Off+1"],"relics":["Burning Blood","Pocketwatch","Turnip","Smiling Mask","Golden Idol","Mummified Hand","Bag of Marbles","Toxic Egg 2"],"potions_floor_usage":[6,6],"damage_taken":[{"damage":3,"enemies":"Jaw Worm","floor":1,"turns":5},{"damage":0,"enemies":"Small Slimes","floor":2,"turns":2},{"damage":3,"enemies":"2 Louse","floor":3,"turns":2},{"damage":16,"enemies":"3 Sentries","floor":6,"turns":8},{"damage":8,"enemies":"Blue Slaver","floor":8,"turns":6},{"damage":26,"enemies":"Lagavulin","floor":10,"turns":6},{"damage":0,"enemies":"Lots of Slimes","floor":13,"turns":3},{"damage":17,"enemies":"Exordium Thugs","floor":14,"turns":5},{"damage":60,"enemies":"Hexaghost","floor":16,"turns":11}],"seed_played":"5421946910293692262","potions_obtained":[{"floor":1,"key":"EssenceOfSteel"},{"floor":2,"key":"SteroidPotion"},{"floor":14,"key":"Swift Potion"}],"is_trial":false,"path_per_floor":["M","M","M","?","?","E","?","M","T","E","?","$","M","M","R","B"],"character_chosen":"IRONCLAD","items_purchased":["Toxic Egg 2","HandOfGreed"],"campfire_rested":1,"item_purchase_floors":[12,12],"current_hp_per_floor":[72,72,72,65,65,55,37,35,35,15,39,39,45,34,55,0],"gold":97,"neow_bonus":"ONE_RARE_RELIC","is_prod":false,"is_daily":false,"chose_seed":false,"campfire_upgraded":0,"win_rate":0,"timestamp":1568868427,"path_taken":["M","M","M","?","?","E","?","M","T","E","?","$","?","M","R","BOSS"],"build_version":"2019-07-17","purchased_purges":1,"victory":false,"max_hp_per_floor":[72,72,72,72,72,72,72,72,72,72,72,72,72,72,72,72],"card_choices":[{"not_picked":["Blood for Blood","Feel No Pain"],"picked":"Cleave","floor":1},{"not_picked":["Perfected Strike","Warcry"],"picked":"Disarm","floor":2},{"not_picked":["Heavy Blade","Clothesline"],"picked":"Headbutt","floor":3},{"not_picked":["Carnage","Wild Strike"],"picked":"Dropkick","floor":6},{"not_picked":["Pummel","Heavy Blade"],"picked":"Fire Breathing","floor":8},{"not_picked":["Corruption","Havoc"],"picked":"Twin Strike","floor":10},{"not_picked":["Thunderclap","Dual Wield+1"],"picked":"Shrug It Off+1","floor":13},{"not_picked":["Dual Wield+1","Offering+1","Reckless Charge"],"picked":"SKIP","floor":14}],"player_experience":251683,"relics_obtained":[{"floor":6,"key":"Smiling Mask"},{"floor":9,"key":"Mummified Hand"},{"floor":10,"key":"Bag of Marbles"}],"event_choices":[{"damage_healed":0,"gold_gain":0,"player_choice":"Success","damage_taken":7,"relics_obtained":["Turnip"],"max_hp_gain":0,"max_hp_loss":0,"event_name":"Scrap Ooze","floor":4,"gold_loss":0},{"damage_healed":0,"gold_gain":175,"player_choice":"AGREE","damage_taken":0,"max_hp_gain":0,"max_hp_loss":0,"event_name":"Liars Game","floor":5,"gold_loss":0,"cards_obtained":["Doubt"]},{"damage_healed":0,"gold_gain":0,"player_choice":"Take Damage","damage_taken":18,"relics_obtained":["Golden Idol"],"max_hp_gain":0,"max_hp_loss":0,"event_name":"Golden Idol","floor":7,"gold_loss":0},{"damage_healed":24,"gold_gain":0,"player_choice":"Banana","damage_taken":0,"max_hp_gain":0,"max_hp_loss":0,"event_name":"Big Fish","floor":11,"gold_loss":0}],"is_beta":false,"boss_relics":[],"items_purged_floors":[12],"is_endless":false,"potions_floor_spawned":[1,2,14],"killed_by":"Hexaghost","ascension_level":6}