{"gold_per_floor":[169,169,183,203,203,203,230,230,282,301,313,326,326,341,341,436,436],"floor_reached":17,"playtime":538,"items_purged":[],"score":159,"play_id":"400d0322-4bcf-403c-8410-2dcea321204c","local_time":"20191009210020","is_ascension_mode":false,"campfire_choices":[{"data":"Streamline","floor":6.0,"key":"SMITH"},{"data":"Go for the Eyes","floor":8.0,"key":"SMITH"},{"floor":13,"key":"REST"},{"data":"Gash","floor":15,"key":"SMITH"}],"neow_cost":"NONE","seed_source_timestamp":947317757191700,"circlet_count":0,"master_deck":["Strike_B","Strike_B","Strike_B+1","Strike_B","Defend_B","Defend_B","Defend_B","Defend_B","Zap","Dualcast","FTL","Auto Shields+1","Streamline+1","Go for the Eyes+1","Stack","Static Discharge","Ball Lightning","Cold Snap","Stack","White Noise","Gash+1","Seek"],"special_seed":0,"relics":["Tiny House","Smiling Mask","Happy Flower","Nuclear Battery"],"potions_floor_usage":[14,16],"damage_taken":[{"damage":6.0,"enemies":"Jaw Worm","floor":1.0,"turns":3.0},{"damage":1.0,"enemies":"Cultist","floor":3.0,"turns":3.0},{"damage":5.0,"enemies":"Small Slimes","floor":4.0,"turns":3.0},{"damage":27.0,"enemies":"3 Sentries","floor":7.0,"turns":7.0},{"damage":5,"enemies":"3 Louse","floor":10,"turns":3},{"damage":14,"enemies":"Large Slime","floor":11,"turns":5},{"damage":2,"enemies":"Looter","floor":12,"turns":3},{"damage":0,"enemies":"Gremlin Gang","floor":14,"turns":2},{"damage":23,"enemies":"The Guardian","floor":16,"turns":11}],"seed_played":"2835702694883684216","potions_obtained":[{"floor":0.0,"key":"Strength Potion"},{"floor":1.0,"key":"Strength Potion"},{"floor":7.0,"key":"Explosive Potion"},{"floor":12,"key":"Poison Potion"},{"floor":16,"key":"Strength Potion"}],"is_trial":false,"path_per_floor":["M","?","M","M","?","R","E","R","T","M","M","M","R","M","R","B",null],"character_chosen":"DEFECT","items_purchased":[],"campfire_rested":1,"item_purchase_floors":[],"current_hp_per_floor":[74,74,73,68,68,68,41,41,41,36,22,20,44,44,44,21,80],"gold":436,"neow_bonus":"BOSS_RELIC","is_prod":false,"is_daily":false,"chose_seed":false,"campfire_upgraded":3,"win_rate":0,"timestamp":1570647620,"path_taken":["M","?","M","M","?","R","E","R","T","M","?","M","R","M","R","BOSS"],"build_version":"2019-07-17","purchased_purges":0,"victory":false,"max_hp_per_floor":[80,80,80,80,80,80,80,80,80,80,80,80,80,80,80,80,80],"card_choices":[{"not_picked":["Sweeping Beam","Beam Cell"],"picked":"FTL","floor":0.0},{"not_picked":["Loop","Steam"],"picked":"Auto Shields","floor":1.0},{"not_picked":["Fission","Heatsinks"],"picked":"Streamline","floor":3.0},{"not_picked":["Leap","Stack"],"picked":"Go for the Eyes","floor":4.0},{"not_picked":["Recycle","Reprogram"],"picked":"Ball Lightning","floor":7.0},{"not_picked":["Undo","Coolheaded"],"picked":"Cold Snap","floor":10},{"not_picked":["Leap","Reboot"],"picked":"Stack","floor":11},{"not_picked":["Rebound","Streamline"],"picked":"White Noise","floor":12},{"not_picked":["Glacier","Reprogram"],"picked":"Gash","floor":14},{"not_picked":["Hyperbeam","All For One"],"picked":"Seek","floor":16}],"player_experience":451862,"relics_obtained":[{"floor":7.0,"key":"Smiling Mask"},{"floor":9.0,"key":"Happy Flower"}],"event_choices":[{"damage_healed":0.0,"max_hp_gain":0.0,"max_hp_loss":0.0,"gold_gain":0.0,"event_name":"Living Wall","player_choice":"Grow","floor":2.0,"gold_loss":0.0,"damage_taken":0.0,"cards_upgraded":["Auto Shields"]},{"damage_healed":0.0,"max_hp_gain":0.0,"max_hp_loss":0.0,"gold_gain":0.0,"event_name":"Match and Keep!","player_choice":"2 cards matched","floor":5.0,"gold_loss":0.0,"damage_taken":0.0,"cards_obtained":["Stack","Static Discharge"]}],"is_beta":false,"boss_relics":[{"not_picked":["White Beast Statue","Ectoplasm"],"picked":"Nuclear Battery"}],"items_purged_floors":[],"is_endless":false,"potions_floor_spawned":[1,7,12,16],"ascension_level":0}