{"gold_per_floor":[113,113,134,134,134,177,177,197,197,197,210,224,267,282,282,405,405,425,425,445,5,43,43,43,43,69,69,104,128,128,128],"floor_reached":31,"playtime":7791,"items_purged":[],"score":288,"play_id":"4e5b7598-577a-4617-8896-bb48039fc778","local_time":"20190918231241","is_ascension_mode":false,"campfire_choices":[{"data":"Eruption","floor":7.0,"key":"SMITH"},{"data":"Wireheading","floor":15.0,"key":"SMITH"},{"floor":23.0,"key":"REST"},{"floor":25.0,"key":"REST"},{"data":"Collect","floor":27.0,"key":"SMITH"},{"floor":30,"key":"REST"}],"neow_cost":"NONE","seed_source_timestamp":138708753604400,"circlet_count":0,"master_deck":["Strike_P","Strike_P","Strike_P","Strike_P","Defend_P","Defend_P","Eruption+1","Vigilance","FearNoEvil","DeceiveReality","SpiritShield","InnerPeace","Collect+1","Establishment","CutThroughFate","Wireheading+1","Sanctity+1","ReachHeaven","FlowState+1","Consecrate","Transmutation+1","ThirdEye+1","CleanseEvil+1","Establishment"],"special_seed":0,"relics":["PureWater","NeowsBlessing","Golden Idol","Pocketwatch","Toxic Egg 2","Bag of Marbles","Empty Cage","Eternal Feather","Red Mask","Nilry\u0027s Codex","HornCleat"],"potions_floor_usage":[29,31,31],"damage_taken":[{"damage":0.0,"enemies":"Cultist","floor":1.0,"turns":1.0},{"damage":0.0,"enemies":"Small Slimes","floor":3.0,"turns":1.0},{"damage":0.0,"enemies":"Lagavulin","floor":6.0,"turns":1.0},{"damage":0.0,"enemies":"2 Louse","floor":8.0,"turns":2.0},{"damage":0.0,"enemies":"Large Slime","floor":11.0,"turns":4.0},{"damage":14.0,"enemies":"3 Louse","floor":12.0,"turns":4.0},{"damage":9.0,"enemies":"Gremlin Nob","floor":13.0,"turns":4.0},{"damage":0.0,"enemies":"Looter","floor":14.0,"turns":4.0},{"damage":7.0,"enemies":"Hexaghost","floor":16.0,"turns":12.0},{"damage":10.0,"enemies":"2 Thieves","floor":18.0,"turns":4.0},{"damage":10.0,"enemies":"Spheric Guardian","floor":20.0,"turns":3.0},{"damage":41.0,"enemies":"Masked Bandits","floor":22.0,"turns":5.0},{"damage":55,"enemies":"Gremlin Leader","floor":28,"turns":7},{"damage":0,"enemies":"Centurion and Healer","floor":29,"turns":3},{"damage":35,"enemies":"3 Cultists","floor":31,"turns":5}],"seed_played":"4289407956251141841","potions_obtained":[{"floor":1.0,"key":"PowerPotion"},{"floor":3.0,"key":"Ancient Potion"},{"floor":12.0,"key":"Explosive Potion"},{"floor":18.0,"key":"Strength Potion"},{"floor":28,"key":"Energy Potion"},{"floor":29,"key":"Weak Potion"}],"is_trial":false,"path_per_floor":["M","?","M","?","?","E","R","M","T","?","M","M","E","M","R","B",null,"M","?","M","$","?","R","?","R","T","R","E","M","R","M"],"character_chosen":"WATCHER","items_purchased":["Transmutation+1","Eternal Feather"],"campfire_rested":3,"item_purchase_floors":[21,21],"current_hp_per_floor":[65,65,65,65,58,58,58,58,58,65,65,51,42,42,42,35,62,52,52,42,42,1,31,15,45,45,57,2,2,32,0],"gold":128,"neow_bonus":"THREE_ENEMY_KILL","is_prod":false,"is_daily":false,"chose_seed":false,"campfire_upgraded":3,"win_rate":0,"timestamp":1568873561,"path_taken":["M","?","M","?","?","E","R","M","T","?","M","M","E","M","R","BOSS","M","?","M","$","?","R","?","R","T","R","E","M","R","M"],"build_version":"2019-09-18","purchased_purges":0,"victory":false,"max_hp_per_floor":[65,65,65,65,65,65,65,65,65,65,65,65,65,65,65,65,62,62,62,62,62,62,62,62,62,62,62,62,62,62,62],"card_choices":[{"not_picked":["FollowUp","DeceiveReality"],"picked":"FearNoEvil","floor":1.0},{"not_picked":["Weave","EmptyMind"],"picked":"DeceiveReality","floor":3.0},{"not_picked":["FlyingSleeves","Devotion"],"picked":"InnerPeace","floor":6.0},{"not_picked":["ThirdEye","Sanctity"],"picked":"Collect","floor":8.0},{"not_picked":["Conclude","WreathOfFlame+1"],"picked":"Establishment","floor":11.0},{"not_picked":["ClearTheMind+1","FlowState+1"],"picked":"CutThroughFate","floor":12.0},{"not_picked":["Perseverance+1","FollowUp"],"picked":"Wireheading","floor":13.0},{"not_picked":["FlyingSleeves","EmptyBody+1"],"picked":"Sanctity+1","floor":14.0},{"not_picked":["Alpha+1","MasterReality"],"picked":"ReachHeaven","floor":16.0},{"not_picked":["BowlingBash+1","FlyingSleeves"],"picked":"FlowState+1","floor":18.0},{"not_picked":["EmptyFist","Devotion"],"picked":"Consecrate","floor":20.0},{"not_picked":["Consecrate","EmptyFist"],"picked":"ThirdEye+1","floor":22.0},{"not_picked":["EmptyFist","DevaForm"],"picked":"CleanseEvil+1","floor":28},{"not_picked":["CrushJoints","MentalFortress"],"picked":"Establishment","floor":29}],"player_experience":263552,"relics_obtained":[{"floor":6.0,"key":"Pocketwatch"},{"floor":9.0,"key":"Toxic Egg 2"},{"floor":13.0,"key":"Bag of Marbles"},{"floor":22.0,"key":"Red Mask"},{"floor":24.0,"key":"Nilry\u0027s Codex"},{"floor":28,"key":"HornCleat"}],"event_choices":[{"damage_healed":0.0,"max_hp_gain":0.0,"max_hp_loss":0.0,"gold_gain":0.0,"event_name":"Golden Idol","player_choice":"Take Wound","floor":2.0,"gold_loss":0.0,"damage_taken":0.0,"relics_obtained":["Golden Idol"],"cards_obtained":["Injury"]},{"damage_healed":0.0,"max_hp_gain":0.0,"max_hp_loss":0.0,"gold_gain":0.0,"cards_transformed":["Defend_P"],"event_name":"Living Wall","player_choice":"Change","floor":4.0,"gold_loss":0.0,"damage_taken":0.0,"cards_obtained":["SpiritShield"]},{"cards_removed":["Injury"],"damage_healed":0.0,"max_hp_gain":0.0,"max_hp_loss":0.0,"gold_gain":0.0,"event_name":"Golden Wing","player_choice":"Card Removal","floor":5.0,"gold_loss":0.0,"damage_taken":7.0},{"damage_healed":16.0,"max_hp_gain":0.0,"max_hp_loss":0.0,"gold_gain":0.0,"event_name":"Mushrooms","player_choice":"Healed and dodged fight","floor":10.0,"gold_loss":0.0,"damage_taken":0.0,"cards_obtained":["Parasite"]},{"damage_healed":0.0,"max_hp_gain":0.0,"max_hp_loss":0.0,"gold_gain":0.0,"event_name":"Ghosts","player_choice":"Ignored","floor":19.0,"gold_loss":0.0,"damage_taken":0.0},{"damage_healed":0.0,"max_hp_gain":0.0,"max_hp_loss":0.0,"gold_gain":0.0,"event_name":"Masked Bandits","player_choice":"Fought Bandits","floor":22.0,"gold_loss":0.0,"damage_taken":0.0},{"damage_healed":0.0,"max_hp_gain":0.0,"max_hp_loss":0.0,"gold_gain":0.0,"event_name":"Cursed Tome","player_choice":"Obtained Book","floor":24.0,"gold_loss":0.0,"damage_taken":16.0}],"is_beta":true,"boss_relics":[{"not_picked":["Sozu","Snecko Eye"],"picked":"Empty Cage"}],"items_purged_floors":[],"is_endless":false,"potions_floor_spawned":[1,3,12,14,18,28,29],"killed_by":"3 Cultists","ascension_level":0}