{"gold_per_floor":[115,131,151,164,164,189,201,239,251,287,313,357,384,407,419,530,542,569,581,593,208,221,250,264,264,289,317,327,337,337,372,372,467,467,487,1486,1836,1376,1451,1451,1480,1480,1480,1491,889,902,914,930,930,930],"floor_reached":51,"playtime":3097,"items_purged":["Normality","Darkness"],"score":1389,"play_id":"a4e78f77-c7b1-4a69-889a-e8488c03f3c1","local_time":"20190922145042","is_ascension_mode":true,"campfire_choices":[{"floor":7.0,"key":"REST"},{"floor":15,"key":"REST"},{"floor":25,"key":"REST"},{"data":"Storm","floor":32,"key":"SMITH"},{"floor":40,"key":"REST"},{"data":"Seek","floor":42,"key":"SMITH"},{"data":"Defragment","floor":49,"key":"SMITH"}],"neow_cost":"NONE","seed_source_timestamp":3525528671270900,"circlet_count":0,"master_deck":["AscendersBane","Strike_B+1","Defend_B+1","Defend_B+1","Defend_B+1","Defend_B+1","Zap","Dualcast","Cold Snap","Auto Shields","Defragment+1","Conserve Battery","Coolheaded","Storm+1","BootSequence","Seek+1","Hello World+1","Rainbow","Go for the Eyes+1","Heatsinks+1","Buffer+1","Force Field","Storm+1","Self Repair+1","FTL","Barrage+1","Capacitor+1","Creative AI+1","Steam","Hello World+1","Storm+1","Buffer+1","Blizzard","Conserve Battery+1","Capacitor+1","FTL+1","Buffer+1","Secret Weapon","Steam","Force Field+1","BootSequence+1","Hello World+1","Blizzard","Violence+1","Force Field+1","Conserve Battery+1","Forethought+1","Chill+1","Go for the Eyes+1","Go for the Eyes+1"],"special_seed":0,"relics":["Cracked Core","MawBank","Frozen Egg 2","Gremlin Horn","Omamori","Blue Candle","Philosopher\u0027s Stone","Membership Card","Bag of Marbles","Happy Flower","Bronze Scales","PreservedInsect","Centennial Puzzle","Pen Nib","Regal Pillow","Sozu","Old Coin","Lantern","Bag of Preparation","DollysMirror","Toxic Egg 2","DataDisk","Bottled Tornado","Question Card","ClockworkSouvenir","Whetstone"],"potions_floor_usage":[12,12,27,31],"damage_taken":[{"damage":1.0,"enemies":"Cultist","floor":1.0,"turns":3.0},{"damage":0.0,"enemies":"Jaw Worm","floor":2.0,"turns":3.0},{"damage":6.0,"enemies":"Small Slimes","floor":3.0,"turns":3.0},{"damage":4.0,"enemies":"Exordium Wildlife","floor":4.0,"turns":4.0},{"damage":51.0,"enemies":"Gremlin Nob","floor":6.0,"turns":6.0},{"damage":12.0,"enemies":"Lagavulin","floor":8.0,"turns":9.0},{"damage":0,"enemies":"3 Louse","floor":11,"turns":4},{"damage":15,"enemies":"3 Sentries","floor":12,"turns":6},{"damage":0,"enemies":"2 Fungi Beasts","floor":13,"turns":4},{"damage":1,"enemies":"Looter","floor":14,"turns":3},{"damage":36,"enemies":"Slime Boss","floor":16,"turns":9},{"damage":5,"enemies":"Shell Parasite","floor":18,"turns":8},{"damage":3,"enemies":"2 Thieves","floor":22,"turns":4},{"damage":12,"enemies":"Book of Stabbing","floor":23,"turns":5},{"damage":15,"enemies":"Snake Plant","floor":24,"turns":3},{"damage":7,"enemies":"Slavers","floor":27,"turns":5},{"damage":0,"enemies":"Sentry and Sphere","floor":28,"turns":4},{"damage":14,"enemies":"3 Cultists","floor":29,"turns":4},{"damage":0,"enemies":"Gremlin Leader","floor":31,"turns":5},{"damage":26,"enemies":"Champ","floor":33,"turns":6},{"damage":2,"enemies":"3 Shapes","floor":35,"turns":2},{"damage":34,"enemies":"2 Orb Walkers","floor":37,"turns":4},{"damage":0,"enemies":"Nemesis","floor":41,"turns":4},{"damage":0,"enemies":"3 Darklings","floor":44,"turns":3},{"damage":0,"enemies":"Writhing Mass","floor":46,"turns":4},{"damage":0,"enemies":"Transient","floor":47,"turns":5},{"damage":0,"enemies":"Sphere and 2 Shapes","floor":48,"turns":2},{"damage":0,"enemies":"Awakened One","floor":50,"turns":5}],"seed_played":"-1937378132104514125","potions_obtained":[{"floor":1.0,"key":"SmokeBomb"},{"floor":2.0,"key":"Block Potion"},{"floor":4.0,"key":"Explosive Potion"},{"floor":8.0,"key":"Regen Potion"},{"floor":12,"key":"SpeedPotion"},{"floor":23,"key":"SteroidPotion"},{"floor":28,"key":"Energy Potion"},{"floor":29,"key":"Energy Potion"},{"floor":33,"key":"Block Potion"}],"is_trial":false,"path_per_floor":["M","M","M","M","?","E","R","E","T","T","M","E","M","M","R","B",null,"M","?","?","$","M","E","M","R","T","E","M","M","?","E","R","B",null,"M","?","?","$","T","R","E","R","T","M","$","M","M","M","R","B",null],"character_chosen":"DEFECT","items_purchased":["Membership Card","Self Repair+1","Bag of Marbles","Happy Flower","Lantern","Bag of Preparation","Capacitor+1","FTL","DollysMirror","Secret Weapon","Steam","Question Card","ClockworkSouvenir","Hello World+1","Whetstone","Blizzard","Violence+1","Force Field+1","Conserve Battery+1","Forethought+1"],"campfire_rested":4,"item_purchase_floors":[21,21,21,21,38,38,38,38,38,38,38,45,45,45,45,45,45,45,45,45],"current_hp_per_floor":[67,67,61,57,57,6,28,16,16,16,16,16,16,15,37,1,57,52,52,52,52,59,57,42,64,64,67,75,71,71,75,75,59,71,69,69,45,45,45,75,75,75,75,75,75,75,75,75,75,75],"gold":930,"neow_bonus":"THREE_CARDS","is_prod":false,"is_daily":false,"chose_seed":false,"campfire_upgraded":3,"win_rate":0,"timestamp":1569156642,"path_taken":["M","M","M","M","?","E","R","E","T","?","M","E","M","M","R","BOSS","M","?","?","$","M","E","M","R","T","E","M","M","?","E","R","BOSS","M","?","?","$","?","R","E","R","T","M","$","M","M","M","R","BOSS"],"build_version":"2019-07-17","purchased_purges":2,"victory":true,"max_hp_per_floor":[75,75,75,75,75,75,75,75,75,75,75,75,75,75,75,75,75,75,75,75,75,75,75,75,75,75,75,75,75,75,75,75,75,75,75,75,75,75,75,75,75,75,75,75,75,75,75,75,75,75],"card_choices":[{"not_picked":["Conserve Battery","Coolheaded"],"picked":"Cold Snap","floor":0.0},{"not_picked":["Conserve Battery","Darkness"],"picked":"Auto Shields","floor":1.0},{"not_picked":["Double Energy","Loop"],"picked":"Defragment","floor":2.0},{"not_picked":["Leap","Lockon"],"picked":"Conserve Battery","floor":3.0},{"not_picked":["Doom and Gloom","Leap"],"picked":"Coolheaded","floor":4.0},{"not_picked":["Heatsinks","Consume"],"picked":"BootSequence","floor":6.0},{"not_picked":["Aggregate","Rebound"],"picked":"Seek","floor":8.0},{"not_picked":["Skim","Darkness"],"picked":"Hello World+1","floor":11},{"not_picked":["Rebound","Hyperbeam"],"picked":"Rainbow","floor":12},{"not_picked":["Lockon","Leap"],"picked":"Go for the Eyes","floor":13},{"not_picked":["Cold Snap","Aggregate"],"picked":"Heatsinks+1","floor":14},{"not_picked":["Seek","Rainbow"],"picked":"Buffer+1","floor":16},{"not_picked":["Beam Cell","Leap"],"picked":"Force Field","floor":18},{"not_picked":["Beam Cell","Turbo"],"picked":"FTL","floor":22},{"not_picked":["Hyperbeam","Redo"],"picked":"Barrage+1","floor":23},{"not_picked":["Force Field","Cold Snap"],"picked":"Capacitor+1","floor":24},{"not_picked":["White Noise","Double Energy"],"picked":"Creative AI+1","floor":27},{"not_picked":["Reprogram","Compile Driver"],"picked":"Steam","floor":28},{"not_picked":["Gash","Undo"],"picked":"Hello World+1","floor":29},{"not_picked":["Stack","Recycle"],"picked":"Storm+1","floor":31},{"not_picked":["All For One","Meteor Strike"],"picked":"Buffer+1","floor":33},{"not_picked":["Genetic Algorithm+1","Chaos+1"],"picked":"Blizzard","floor":35},{"not_picked":["Glacier+1","Go for the Eyes+1"],"picked":"Conserve Battery+1","floor":37},{"not_picked":["Beam Cell+1","Conserve Battery+1"],"picked":"Force Field+1","floor":41},{"not_picked":["Conserve Battery+1","Rebound"],"picked":"BootSequence+1","floor":44},{"not_picked":["Aggregate+1","Steam+1","Ball Lightning+1"],"picked":"Chill+1","floor":46},{"not_picked":["Machine Learning+1","Sweeping Beam+1","Auto Shields+1"],"picked":"Go for the Eyes+1","floor":47},{"not_picked":["Rip and Tear+1","Recycle+1","Gash"],"picked":"Go for the Eyes+1","floor":48}],"player_experience":300283,"relics_obtained":[{"floor":6.0,"key":"MawBank"},{"floor":8.0,"key":"Frozen Egg 2"},{"floor":9.0,"key":"Gremlin Horn"},{"floor":10.0,"key":"Omamori"},{"floor":12,"key":"Blue Candle"},{"floor":23,"key":"Bronze Scales"},{"floor":26,"key":"PreservedInsect"},{"floor":27,"key":"Centennial Puzzle"},{"floor":31,"key":"Regal Pillow"},{"floor":37,"key":"Old Coin"},{"floor":39,"key":"Toxic Egg 2"},{"floor":41,"key":"DataDisk"},{"floor":43,"key":"Bottled Tornado"}],"event_choices":[{"damage_healed":0.0,"max_hp_gain":0.0,"max_hp_loss":0.0,"gold_gain":0.0,"cards_transformed":["Strike_B"],"event_name":"Living Wall","player_choice":"Change","floor":5.0,"gold_loss":0.0,"damage_taken":0.0,"cards_obtained":["Storm"]},{"damage_healed":0,"gold_gain":0,"cards_transformed":["Strike_B","Strike_B"],"player_choice":"Became Test Subject","damage_taken":0,"max_hp_gain":0,"max_hp_loss":0,"event_name":"Drug Dealer","floor":19,"gold_loss":0,"cards_obtained":["Darkness","Storm"]},{"damage_healed":0,"gold_gain":0,"player_choice":"Simplicity","damage_taken":0,"max_hp_gain":0,"max_hp_loss":0,"event_name":"Back to Basics","floor":20,"gold_loss":0,"cards_upgraded":["Strike_B","Defend_B","Defend_B","Defend_B","Defend_B"]},{"damage_healed":0,"gold_gain":0,"player_choice":"Opened","damage_taken":0,"relics_obtained":["Pen Nib"],"max_hp_gain":0,"max_hp_loss":0,"event_name":"The Mausoleum","floor":30,"gold_loss":0,"cards_obtained":["Writhe"]},{"damage_healed":0,"gold_gain":999,"player_choice":"Gold","damage_taken":0,"max_hp_gain":0,"max_hp_loss":0,"event_name":"MindBloom","floor":36,"gold_loss":0,"cards_obtained":["Normality","Normality"]},{"damage_healed":0,"gold_gain":0,"player_choice":"Fight","damage_taken":0,"max_hp_gain":0,"max_hp_loss":0,"event_name":"Mysterious Sphere","floor":37,"gold_loss":0}],"is_beta":false,"boss_relics":[{"not_picked":["Ectoplasm","Astrolabe"],"picked":"Philosopher\u0027s Stone"},{"not_picked":["White Beast Statue","Tiny House"],"picked":"Sozu"}],"items_purged_floors":[38,45],"is_endless":false,"potions_floor_spawned":[1,2,4,8,12,23,28,29,33,37,44,48],"ascension_level":10}