{"gold_per_floor":[363,383,32,32,52,83,100,0,0,25,25],"floor_reached":11,"playtime":660,"items_purged":[],"score":100,"play_id":"6ff15839-05db-47fc-aab8-c4f4c65b2ee9","local_time":"20190909130653","is_ascension_mode":true,"campfire_choices":[],"neow_cost":"PERCENT_DAMAGE","seed_source_timestamp":2398596874144800,"circlet_count":0,"master_deck":["Strike_R","Strike_R","Strike_R","Strike_R","Strike_R","Defend_R","Defend_R","Defend_R","Defend_R","Bash","Pommel Strike","Havoc","Shrug It Off","Thunderclap","Armaments","Blood for Blood+1"],"relics":["Burning Blood","Toolbox","Strawberry","Bird Faced Urn","Ginger","Dead Branch","Molten Egg 2"],"potions_floor_usage":[10,10,11],"damage_taken":[{"damage":4,"enemies":"Jaw Worm","floor":1,"turns":4},{"damage":1,"enemies":"Cultist","floor":2,"turns":3},{"damage":7,"enemies":"Small Slimes","floor":5,"turns":3},{"damage":61,"enemies":"Lagavulin","floor":6,"turns":7},{"damage":13,"enemies":"Blue Slaver","floor":7,"turns":3},{"damage":5,"enemies":"3 Sentries","floor":10,"turns":7},{"damage":10,"enemies":"2 Fungi Beasts","floor":11,"turns":2}],"seed_played":"-306884209732957974","potions_obtained":[{"floor":7,"key":"Swift Potion"},{"floor":10,"key":"GamblersBrew"}],"is_trial":false,"path_per_floor":["M","M","$","?","M","E","M","$","T","E","M"],"character_chosen":"IRONCLAD","items_purchased":["Toolbox","Strawberry","Block Potion","Armaments"],"campfire_rested":0,"item_purchase_floors":[3,3,8,8],"current_hp_per_floor":[58,63,70,70,69,14,7,7,7,10,0],"gold":25,"neow_bonus":"TWO_FIFTY_GOLD","is_prod":false,"is_daily":false,"chose_seed":false,"campfire_upgraded":0,"win_rate":0,"timestamp":1568027213,"path_taken":["M","M","$","?","M","E","M","$","T","E","M"],"build_version":"2019-07-17","purchased_purges":0,"victory":false,"max_hp_per_floor":[80,80,87,87,87,87,87,87,87,87,87],"card_choices":[{"not_picked":["Searing Blow","Combust"],"picked":"Pommel Strike","floor":1},{"not_picked":["Pommel Strike","Clash"],"picked":"Fire Breathing","floor":2},{"not_picked":["Warcry","Burning Pact"],"picked":"Havoc","floor":5},{"not_picked":["Uppercut","Feel No Pain"],"picked":"Shrug It Off","floor":6},{"not_picked":["Perfected Strike","Flame Barrier"],"picked":"Thunderclap","floor":7},{"not_picked":["Berserk","Burning Pact"],"picked":"Blood for Blood","floor":10}],"player_experience":102877,"relics_obtained":[{"floor":6,"key":"Ginger"},{"floor":9,"key":"Dead Branch"},{"floor":10,"key":"Molten Egg 2"}],"event_choices":[{"cards_removed":["Fire Breathing"],"damage_healed":0,"gold_gain":0,"player_choice":"Gave Card","damage_taken":0,"relics_obtained":["Bird Faced Urn"],"max_hp_gain":0,"max_hp_loss":0,"event_name":"WeMeetAgain","floor":4,"gold_loss":0}],"is_beta":false,"boss_relics":[],"items_purged_floors":[],"is_endless":false,"potions_floor_spawned":[7,10],"killed_by":"2 Fungi Beasts","ascension_level":4}