{"gold_per_floor":[112,287,287,298,248,282,282,282,337,351,351,416,429,19,19,119,119,129,44,44,44,58,58,85,85,112,132,132,157,1,1,1,1],"floor_reached":33,"playtime":1653,"items_purged":["Regret"],"score":357,"play_id":"831b37d3-6b5a-4349-804e-53e258e8da00","local_time":"20190914094653","is_ascension_mode":true,"campfire_choices":[{"floor":8,"key":"REST"},{"data":"Self Repair","floor":11,"key":"SMITH"},{"data":"Zap","floor":15,"key":"SMITH"},{"data":"Hello World","floor":23,"key":"SMITH"},{"data":"Amplify","floor":25,"key":"SMITH"},{"floor":28,"key":"REST"},{"floor":32,"key":"REST"}],"neow_cost":"NONE","seed_source_timestamp":2817602565710800,"circlet_count":0,"master_deck":["Strike_B+1","Strike_B","Strike_B+1","Strike_B","Defend_B","Defend_B","Defend_B","Defend_B","Zap+1","Dualcast","Double Energy","Stack","Self Repair+1","BootSequence","Beam Cell","Ball Lightning","Heatsinks","Stack","All For One","Redo+1","Hello World+1","Amplify+1","Storm","Gash"],"relics":["Cracked Core","Bottled Lightning","Blue Candle","Bag of Preparation","Tiny Chest","Membership Card","Strawberry","Lizard Tail","PreservedInsect","Pear","Gambling Chip","Ancient Tea Set","Pen Nib","Thread and Needle","Darkstone Periapt"],"potions_floor_usage":[6,16,16,16,33],"damage_taken":[{"damage":7,"enemies":"Small Slimes","floor":1,"turns":3},{"damage":0,"enemies":"2 Louse","floor":4,"turns":2},{"damage":30,"enemies":"Lagavulin","floor":6,"turns":7},{"damage":3,"enemies":"Jaw Worm","floor":10,"turns":4},{"damage":15,"enemies":"3 Sentries","floor":12,"turns":8},{"damage":1,"enemies":"2 Fungi Beasts","floor":13,"turns":3},{"damage":24,"enemies":"Hexaghost","floor":16,"turns":9},{"damage":6,"enemies":"3 Byrds","floor":18,"turns":5},{"damage":35,"enemies":"Shell Parasite","floor":22,"turns":6},{"damage":82,"enemies":"Slavers","floor":24,"turns":7},{"damage":35,"enemies":"Snake Plant","floor":27,"turns":5},{"damage":34,"enemies":"Gremlin Leader","floor":29,"turns":4},{"damage":73,"enemies":"Collector","floor":33,"turns":11}],"seed_played":"4313841709328553400","potions_obtained":[{"floor":1,"key":"LiquidBronze"},{"floor":6,"key":"Strength Potion"},{"floor":10,"key":"Strength Potion"},{"floor":29,"key":"Block Potion"}],"is_trial":false,"path_per_floor":["M","?","?","M","?","E","?","R","T","M","R","E","M","$","R","B",null,"M","?","?","T","M","R","E","R","T","M","R","E","$","T","R","B"],"character_chosen":"DEFECT","items_purchased":["Membership Card","Strawberry","Heatsinks","PowerPotion","Stack","Thread and Needle"],"campfire_rested":3,"item_purchase_floors":[14,14,14,14,14,30],"current_hp_per_floor":[75,75,59,59,59,29,29,53,53,57,57,52,61,68,68,54,89,89,89,89,99,74,74,59,59,59,34,63,39,39,39,68,0],"gold":1,"neow_bonus":"TEN_PERCENT_HP_BONUS","is_prod":false,"is_daily":false,"chose_seed":false,"campfire_upgraded":4,"win_rate":0,"timestamp":1568447213,"path_taken":["M","?","?","M","?","E","?","R","T","M","R","E","?","$","R","BOSS","M","?","?","?","?","R","E","R","T","M","R","E","$","?","R","BOSS"],"build_version":"2019-07-17","purchased_purges":1,"victory":false,"max_hp_per_floor":[82,82,82,82,82,82,82,82,82,82,82,82,82,89,89,89,89,89,89,89,99,99,99,99,99,99,99,99,99,99,99,99,99],"card_choices":[{"not_picked":["Chill","Undo"],"picked":"Double Energy","floor":1},{"not_picked":["Streamline","Redo"],"picked":"Stack","floor":4},{"not_picked":["Glacier","Conserve Battery"],"picked":"Self Repair","floor":6},{"not_picked":["Ball Lightning","Turbo"],"picked":"BootSequence","floor":10},{"not_picked":["Compile Driver","Barrage"],"picked":"Beam Cell","floor":12},{"not_picked":["Compile Driver","Go for the Eyes"],"picked":"Ball Lightning","floor":13},{"not_picked":["Multi-Cast","Hyperbeam"],"picked":"All For One","floor":16},{"not_picked":["Stack","Storm"],"picked":"Redo+1","floor":18},{"not_picked":["Force Field","Glacier+1"],"picked":"Hello World","floor":22},{"not_picked":["Beam Cell","Capacitor+1"],"picked":"Amplify","floor":24},{"not_picked":["Coolheaded","Turbo"],"picked":"Storm","floor":27},{"not_picked":["Fusion+1","Steam+1"],"picked":"Gash","floor":29}],"player_experience":185288,"relics_obtained":[{"floor":6,"key":"Bottled Lightning"},{"floor":9,"key":"Bag of Preparation"},{"floor":12,"key":"Tiny Chest"},{"floor":21,"key":"Pear"},{"floor":24,"key":"Gambling Chip"},{"floor":26,"key":"Ancient Tea Set"},{"floor":29,"key":"Pen Nib"},{"floor":31,"key":"Darkstone Periapt"}],"event_choices":[{"damage_healed":0,"gold_gain":175,"player_choice":"AGREE","damage_taken":0,"max_hp_gain":0,"max_hp_loss":0,"event_name":"Liars Game","floor":2,"gold_loss":0,"cards_obtained":["Doubt"]},{"damage_healed":0,"gold_gain":0,"player_choice":"Entered Light","damage_taken":16,"max_hp_gain":0,"max_hp_loss":0,"event_name":"Shining Light","floor":3,"gold_loss":0,"cards_upgraded":["Strike_B","Strike_B"]},{"cards_removed":["Doubt"],"damage_healed":0,"gold_gain":0,"player_choice":"Card Removal","damage_taken":0,"max_hp_gain":0,"max_hp_loss":0,"event_name":"The Cleric","floor":5,"gold_loss":50},{"damage_healed":0,"gold_gain":0,"player_choice":"Box","damage_taken":0,"relics_obtained":["Blue Candle"],"max_hp_gain":0,"max_hp_loss":0,"event_name":"Big Fish","floor":7,"gold_loss":0,"cards_obtained":["Regret"]},{"damage_healed":0,"gold_gain":0,"player_choice":"Obtained Relic","damage_taken":0,"relics_obtained":["PreservedInsect"],"max_hp_gain":0,"max_hp_loss":0,"event_name":"Addict","floor":19,"gold_loss":85},{"damage_healed":0,"gold_gain":0,"player_choice":"Ignored","damage_taken":0,"max_hp_gain":0,"max_hp_loss":0,"event_name":"Vampires","floor":20,"gold_loss":0}],"is_beta":false,"boss_relics":[{"not_picked":["Eternal Feather","Orrery"],"picked":"Lizard Tail"}],"items_purged_floors":[14],"is_endless":false,"potions_floor_spawned":[1,6,10,29],"killed_by":"Collector","ascension_level":3}