{"gold_per_floor":[118,133,83,53,69,79,79,94,118,134,134,149,160,195,195,298,298,311,236,253,43,43,77,77,87,134,134,148,148,167,198,198,198],"floor_reached":33,"playtime":2592,"items_purged":["Strike_B"],"score":379,"play_id":"96f3d1ec-9799-4cb1-b726-202b34dbbf59","local_time":"20191010162410","is_ascension_mode":true,"campfire_choices":[{"data":"Electrodynamics","floor":7,"key":"SMITH"},{"data":"Zap","floor":11,"key":"SMITH"},{"data":"Defragment","floor":15,"key":"SMITH"},{"data":"Reboot","floor":24,"key":"SMITH"},{"data":"Glacier","floor":29,"key":"SMITH"},{"data":"Cold Snap","floor":32,"key":"SMITH"}],"neow_cost":"NONE","seed_source_timestamp":45164804731300,"circlet_count":0,"master_deck":["Strike_B","Strike_B","Strike_B","Defend_B+1","Defend_B+1","Defend_B","Defend_B","Zap+1","Dualcast","Electrodynamics+1","Glacier+1","Leap","Cold Snap+1","Steam","Self Repair","Capacitor","Core Surge","Defragment+1","Reboot+1","Force Field+1","Streamline+1","Clothesline+1"],"relics":["Cracked Core","Bag of Marbles","Happy Flower","Snecko Eye","PrismaticShard","MutagenicStrength","Blood Vial","Art of War","War Paint"],"potions_floor_usage":[16,23,23,31,31,31,31,33,33],"damage_taken":[{"damage":0,"enemies":"2 Louse","floor":1,"turns":1},{"damage":1,"enemies":"Cultist","floor":2,"turns":3},{"damage":0,"enemies":"Small Slimes","floor":5,"turns":3},{"damage":0,"enemies":"Red Slaver","floor":6,"turns":4},{"damage":6,"enemies":"Looter","floor":8,"turns":2},{"damage":7,"enemies":"Exordium Thugs","floor":10,"turns":3},{"damage":0,"enemies":"2 Fungi Beasts","floor":12,"turns":1},{"damage":0,"enemies":"Red Slaver","floor":13,"turns":3},{"damage":5,"enemies":"3 Sentries","floor":14,"turns":5},{"damage":10,"enemies":"The Guardian","floor":16,"turns":11},{"damage":24,"enemies":"Spheric Guardian","floor":18,"turns":4},{"damage":7,"enemies":"2 Thieves","floor":20,"turns":3},{"damage":18,"enemies":"Gremlin Leader","floor":23,"turns":5},{"damage":0,"enemies":"Snecko","floor":25,"turns":4},{"damage":0,"enemies":"Centurion and Healer","floor":28,"turns":4},{"damage":0,"enemies":"Cultist and Chosen","floor":30,"turns":4},{"damage":0,"enemies":"Slavers","floor":31,"turns":4},{"damage":75,"enemies":"Champ","floor":33,"turns":16}],"seed_played":"3472351237267007716","potions_obtained":[{"floor":4,"key":"EntropicBrew"},{"floor":4,"key":"PowerPotion"},{"floor":16,"key":"EntropicBrew"},{"floor":23,"key":"Regen Potion"},{"floor":30,"key":"Explosive Potion"}],"is_trial":false,"path_per_floor":["M","M","$","?","M","M","R","M","T","M","R","M","M","E","R","B",null,"M","$","M","$","?","E","R","M","T","?","M","R","M","E","R","B"],"character_chosen":"DEFECT","items_purchased":["Explosive Potion","PrismaticShard"],"campfire_rested":0,"item_purchase_floors":[3,21],"current_hp_per_floor":[75,74,74,74,74,74,74,68,68,68,68,68,75,70,70,67,75,58,58,58,58,58,47,47,56,56,56,65,65,67,75,75,0],"gold":198,"neow_bonus":"ONE_RANDOM_RARE_CARD","is_prod":false,"is_daily":false,"chose_seed":false,"campfire_upgraded":6,"win_rate":0,"timestamp":1570742650,"path_taken":["M","M","$","?","M","M","R","?","T","M","R","?","M","E","R","BOSS","M","$","M","$","?","E","R","M","T","?","M","R","?","E","R","BOSS"],"build_version":"2019-07-17","purchased_purges":1,"victory":false,"max_hp_per_floor":[75,75,75,75,75,75,75,75,75,75,75,75,75,75,75,75,75,75,75,75,75,75,75,75,75,75,75,75,75,75,75,75,75],"card_choices":[{"not_picked":["Rebound","Sunder"],"picked":"Glacier","floor":1},{"not_picked":["FTL","Go for the Eyes"],"picked":"Leap","floor":2},{"not_picked":["Conserve Battery","Beam Cell"],"picked":"Cold Snap","floor":5},{"not_picked":["Redo","Meteor Strike"],"picked":"Steam","floor":6},{"not_picked":["Turbo","Steam Power"],"picked":"Self Repair","floor":8},{"not_picked":["Barrage","Compile Driver"],"picked":"Capacitor","floor":10},{"not_picked":["Sweeping Beam","Skim"],"picked":"Core Surge","floor":12},{"not_picked":["Go for the Eyes","Sweeping Beam","Barrage"],"picked":"SKIP","floor":13},{"not_picked":["Compile Driver","Streamline"],"picked":"Defragment","floor":14},{"not_picked":["Multi-Cast","Amplify"],"picked":"Reboot","floor":16},{"not_picked":["Cold Snap","Steam+1"],"picked":"Force Field+1","floor":18},{"not_picked":["Aggregate","Compile Driver"],"picked":"Streamline+1","floor":20},{"not_picked":["Cloak And Dagger","Streamline"],"picked":"Clothesline","floor":23},{"not_picked":["Rampage","Darkness","Panacea+1"],"picked":"SKIP","floor":25},{"not_picked":["Blade Dance","Bane","Dual Wield"],"picked":"SKIP","floor":28},{"not_picked":["Blizzard","Deflect","Perfected Strike"],"picked":"SKIP","floor":30},{"not_picked":["Flash of Steel","Conserve Battery","Escape Plan"],"picked":"SKIP","floor":31}],"player_experience":227095,"relics_obtained":[{"floor":9,"key":"Bag of Marbles"},{"floor":14,"key":"Happy Flower"},{"floor":23,"key":"Blood Vial"},{"floor":26,"key":"Art of War"},{"floor":31,"key":"War Paint"}],"event_choices":[{"damage_healed":0,"gold_gain":0,"player_choice":"Bought 2 Potions","damage_taken":0,"max_hp_gain":0,"max_hp_loss":0,"event_name":"The Woman in Blue","floor":4,"gold_loss":0},{"damage_healed":0,"gold_gain":0,"player_choice":"Inject Mutagens","damage_taken":0,"relics_obtained":["MutagenicStrength"],"max_hp_gain":0,"max_hp_loss":0,"event_name":"Drug Dealer","floor":22,"gold_loss":0},{"damage_healed":0,"gold_gain":0,"player_choice":"Upgraded","damage_taken":0,"max_hp_gain":0,"max_hp_loss":0,"event_name":"Upgrade Shrine","floor":27,"gold_loss":0,"cards_upgraded":["Clothesline"]}],"is_beta":false,"boss_relics":[{"not_picked":["Sozu","Pandora\u0027s Box"],"picked":"Snecko Eye"}],"items_purged_floors":[19],"is_endless":false,"potions_floor_spawned":[5,12,13,16,23,25,30],"killed_by":"Champ","ascension_level":4}