{"gold_per_floor":[145,145,165,165,184,212,228,256,256,256,274,292,304,4,4,107,107,122,141,66,84,35,65,84,84],"floor_reached":25,"playtime":2332,"items_purged":[],"score":237,"play_id":"188cd6f5-0b15-400f-a5d7-d5870196fd0f","local_time":"20190903184730","is_ascension_mode":false,"campfire_choices":[{"floor":10,"key":"REST"},{"floor":15,"key":"REST"}],"neow_cost":"NONE","seed_source_timestamp":1898958368356400,"circlet_count":0,"master_deck":["Strike_B","Strike_B","Strike_B","Defend_B","Defend_B","Defend_B","Defend_B","Zap","Dualcast","Gash","Heatsinks","Iron Wave","Leap","Aggregate","Hello World","Darkness","All For One","Defragment+1","Gash","Redo","Machine Learning+1","Coolheaded","Coolheaded+1","Self Repair+1","Gash+1","Fusion","Conserve Battery"],"relics":["Cracked Core","Tiny Chest","Sundial","PreservedInsect","Frozen Egg 2","Ornamental Fan","Bottled Lightning","Inserter","Happy Flower"],"potions_floor_usage":[6,6,16,23,24,25],"damage_taken":[{"damage":1,"enemies":"Cultist","floor":1,"turns":3},{"damage":1,"enemies":"Jaw Worm","floor":3,"turns":3},{"damage":2,"enemies":"Small Slimes","floor":5,"turns":4},{"damage":12,"enemies":"3 Sentries","floor":6,"turns":7},{"damage":9,"enemies":"3 Louse","floor":7,"turns":4},{"damage":15,"enemies":"Gremlin Nob","floor":8,"turns":4},{"damage":7,"enemies":"Looter","floor":11,"turns":5},{"damage":8,"enemies":"Exordium Wildlife","floor":12,"turns":5},{"damage":4,"enemies":"Blue Slaver","floor":13,"turns":3},{"damage":56,"enemies":"The Guardian","floor":16,"turns":10},{"damage":15,"enemies":"Chosen","floor":18,"turns":5},{"damage":21,"enemies":"Spheric Guardian","floor":19,"turns":6},{"damage":18,"enemies":"Snecko","floor":21,"turns":6},{"damage":28,"enemies":"Gremlin Leader","floor":23,"turns":6},{"damage":12,"enemies":"Sentry and Sphere","floor":24,"turns":5},{"damage":14,"enemies":"Centurion and Healer","floor":25,"turns":2}],"seed_played":"-4311993174609366901","potions_obtained":[{"floor":1,"key":"AttackPotion"},{"floor":5,"key":"Swift Potion"},{"floor":12,"key":"FocusPotion"},{"floor":13,"key":"SteroidPotion"},{"floor":23,"key":"SkillPotion"},{"floor":24,"key":"Strength Potion"}],"is_trial":false,"path_per_floor":["M","T","M","?","M","E","M","E","T","R","M","M","M","$","R","B",null,"M","M","$","M","$","E","M","M"],"character_chosen":"DEFECT","items_purchased":["Bottled Lightning","Redo","Self Repair+1","Block Potion"],"campfire_rested":2,"item_purchase_floors":[14,14,20,22],"current_hp_per_floor":[74,74,73,73,71,59,50,35,35,57,50,42,38,38,60,4,75,60,39,39,31,31,13,11,0],"gold":84,"neow_bonus":"RANDOM_COMMON_RELIC","is_prod":false,"is_daily":false,"chose_seed":false,"campfire_upgraded":0,"win_rate":0.0,"timestamp":1567529250,"path_taken":["M","?","M","?","M","E","M","E","T","R","M","?","M","$","R","BOSS","M","M","$","M","$","E","M","M"],"build_version":"2019-07-17","purchased_purges":0,"victory":false,"max_hp_per_floor":[75,75,75,75,75,75,75,75,75,75,75,75,75,75,75,75,75,75,75,75,75,75,75,75,75],"card_choices":[{"not_picked":["Ball Lightning","Redo"],"picked":"Gash","floor":1},{"not_picked":["Go for the Eyes","Leap"],"picked":"Heatsinks","floor":3},{"not_picked":["Double Energy","Rebound"],"picked":"Leap","floor":5},{"not_picked":["Rebound","Undo"],"picked":"Aggregate","floor":6},{"not_picked":["Stack","Coolheaded"],"picked":"Hello World","floor":7},{"not_picked":["Ball Lightning","Consume"],"picked":"Darkness","floor":8},{"not_picked":["Sweeping Beam","Darkness"],"picked":"All For One","floor":11},{"not_picked":["Consume","Gash"],"picked":"Defragment+1","floor":12},{"not_picked":["Leap","Sweeping Beam"],"picked":"Gash","floor":13},{"not_picked":["All For One","Rainbow"],"picked":"Machine Learning+1","floor":16},{"not_picked":["Barrage","Ball Lightning"],"picked":"Coolheaded","floor":18},{"not_picked":["Compile Driver","Stack"],"picked":"Coolheaded+1","floor":19},{"not_picked":["Chaos","Hologram"],"picked":"Gash+1","floor":21},{"not_picked":["Leap+1","Cold Snap"],"picked":"Fusion","floor":23},{"not_picked":["Coolheaded","Rebound+1"],"picked":"Conserve Battery","floor":24}],"player_experience":56710,"relics_obtained":[{"floor":2,"key":"Sundial"},{"floor":6,"key":"PreservedInsect"},{"floor":8,"key":"Frozen Egg 2"},{"floor":9,"key":"Ornamental Fan"},{"floor":23,"key":"Happy Flower"}],"event_choices":[{"cards_removed":["Strike_B"],"damage_healed":0,"gold_gain":0,"player_choice":"Took Card","damage_taken":0,"max_hp_gain":0,"max_hp_loss":0,"event_name":"NoteForYourself","floor":4,"gold_loss":0,"cards_obtained":["Iron Wave"]}],"is_beta":false,"boss_relics":[{"not_picked":["Runic Pyramid","Busted Crown"],"picked":"Inserter"}],"items_purged_floors":[],"is_endless":false,"potions_floor_spawned":[1,5,12,13,23,24],"killed_by":"Centurion and Healer","ascension_level":0}