{"gold_per_floor":[119,119,129,1,11,11,43,43,43,43,69,99,99,99,99,196,196,206,218,21,35,51,51,51],"floor_reached":24,"playtime":2099,"items_purged":["Strike_G"],"score":265,"play_id":"9088d303-670d-4237-85b1-dfbf3261fd06","local_time":"20191012161339","is_ascension_mode":true,"campfire_choices":[{"data":"Skewer","floor":6,"key":"SMITH"},{"data":"Neutralize","floor":8,"key":"SMITH"},{"data":"Dagger Spray","floor":10,"key":"SMITH"},{"data":"Flechettes","floor":13,"key":"SMITH"},{"floor":15,"key":"REST"},{"floor":23,"key":"REST"}],"neow_cost":"NONE","seed_source_timestamp":217828960952800,"circlet_count":0,"master_deck":["Survivor","Neutralize+1","Flechettes+1","Skewer+1","Dagger Spray+1","Dagger Throw","Dagger Throw+1","Die Die Die","Adrenaline","Caltrops","Escape Plan","Envenom","Glass Knife+1","Caltrops","Bouncing Flask","Cloak And Dagger","Footwork","Footwork","Blade Dance","Backstab","Cloak And Dagger","Leg Sweep"],"relics":["Ring of the Snake","Paper Crane","The Courier","Kunai","Odd Mushroom","Pandora\u0027s Box","Whetstone"],"potions_floor_usage":[7,12,24],"damage_taken":[{"damage":0,"enemies":"Small Slimes","floor":1,"turns":4},{"damage":2,"enemies":"Jaw Worm","floor":3,"turns":3},{"damage":0,"enemies":"Cultist","floor":5,"turns":3},{"damage":19,"enemies":"3 Sentries","floor":7,"turns":9},{"damage":23,"enemies":"Lagavulin","floor":11,"turns":6},{"damage":4,"enemies":"The Mushroom Lair","floor":12,"turns":3},{"damage":9,"enemies":"The Guardian","floor":16,"turns":15},{"damage":0,"enemies":"Chosen","floor":18,"turns":5},{"damage":13,"enemies":"Shell Parasite","floor":19,"turns":4},{"damage":16,"enemies":"Snake Plant","floor":21,"turns":4},{"damage":27,"enemies":"Chosen and Byrds","floor":22,"turns":4},{"damage":38,"enemies":"Gremlin Leader","floor":24,"turns":5}],"seed_played":"-5240250760912183918","potions_obtained":[{"floor":1,"key":"Weak Potion"},{"floor":11,"key":"SteroidPotion"},{"floor":19,"key":"Dexterity Potion"},{"floor":22,"key":"Energy Potion"}],"is_trial":false,"path_per_floor":["M","?","M","$","M","R","E","R","T","R","E","?","R","?","R","B",null,"M","M","$","M","M","R","E"],"character_chosen":"THE_SILENT","items_purchased":["Dagger Throw","Whetstone","Backstab","Cloak And Dagger"],"campfire_rested":2,"item_purchase_floors":[4,20,20,20],"current_hp_per_floor":[63,68,66,66,66,66,47,47,47,47,24,20,20,13,35,26,63,63,50,50,34,7,29,0],"gold":51,"neow_bonus":"TRANSFORM_CARD","is_prod":false,"is_daily":false,"chose_seed":false,"campfire_upgraded":4,"win_rate":0,"timestamp":1570914819,"path_taken":["M","?","M","$","M","R","E","R","T","R","E","?","R","?","R","BOSS","M","M","$","M","M","R","E"],"build_version":"2019-07-17","purchased_purges":1,"victory":false,"max_hp_per_floor":[70,75,75,75,75,75,75,75,75,75,75,75,75,75,75,75,75,75,75,75,75,75,75,75],"card_choices":[{"not_picked":["Dodge and Roll","Acrobatics"],"picked":"Skewer","floor":1},{"not_picked":["Slice","Bane"],"picked":"Dagger Spray","floor":3},{"not_picked":["Bane","Unload"],"picked":"Dagger Throw","floor":5},{"not_picked":["Accuracy","Terror","Masterful Stab"],"picked":"SKIP","floor":7},{"not_picked":["PiercingWail","Distraction"],"picked":"Die Die Die","floor":11},{"not_picked":["Corpse Explosion","Storm of Steel"],"picked":"Adrenaline","floor":16},{"not_picked":["Skewer","Blade Dance"],"picked":"Footwork","floor":18},{"not_picked":["Bane","Skewer"],"picked":"Blade Dance","floor":19},{"not_picked":["Reflex+1","Dagger Throw","Poisoned Stab"],"picked":"SKIP","floor":21},{"not_picked":["Outmaneuver","Masterful Stab"],"picked":"Leg Sweep","floor":22}],"player_experience":270613,"relics_obtained":[{"floor":7,"key":"Paper Crane"},{"floor":9,"key":"The Courier"},{"floor":11,"key":"Kunai"},{"floor":12,"key":"Odd Mushroom"}],"event_choices":[{"damage_healed":0,"gold_gain":0,"player_choice":"Donut","damage_taken":0,"max_hp_gain":5,"max_hp_loss":0,"event_name":"Big Fish","floor":2,"gold_loss":0},{"damage_healed":0,"gold_gain":0,"player_choice":"Fought Mushrooms","damage_taken":0,"max_hp_gain":0,"max_hp_loss":0,"event_name":"Mushrooms","floor":12,"gold_loss":0},{"damage_healed":0,"gold_gain":0,"player_choice":"Damaged","damage_taken":7,"max_hp_gain":0,"max_hp_loss":0,"event_name":"Wheel of Change","floor":14,"gold_loss":0}],"is_beta":false,"boss_relics":[{"not_picked":["Eternal Feather","Fusion Hammer"],"picked":"Pandora\u0027s Box"}],"items_purged_floors":[4],"is_endless":false,"potions_floor_spawned":[1,11,19,22],"killed_by":"Gremlin Leader","ascension_level":6}