{"gold_per_floor":[114,128,128,140,140,171,189,189,189,26,62,62,86,130,130,130],"floor_reached":16,"playtime":936,"items_purged":["Strike_G"],"score":196,"play_id":"0b96bf6a-a5b2-4fdd-bd05-2138f23de6b6","local_time":"20190921075923","is_ascension_mode":true,"campfire_choices":[{"floor":8.0,"key":"REST"},{"data":"Noxious Fumes","floor":12.0,"key":"SMITH"},{"data":"Noxious Fumes","floor":15.0,"key":"SMITH"}],"neow_cost":"NONE","seed_source_timestamp":3416556525956600,"circlet_count":0,"master_deck":["Strike_G","Strike_G","Strike_G","Strike_G","Defend_G","Defend_G","Defend_G","Defend_G","Defend_G","Survivor","Neutralize","Storm of Steel","Dash","Underhanded Strike","PiercingWail","Deflect","Cloak And Dagger","Noxious Fumes+1","Backflip","Dodge and Roll","Noxious Fumes+1"],"special_seed":0,"relics":["Ring of the Snake","GremlinMask","Golden Idol","Matryoshka","Bag of Preparation","Mummified Hand","Bird Faced Urn","Bronze Scales"],"potions_floor_usage":[16],"damage_taken":[{"damage":0.0,"enemies":"Small Slimes","floor":1.0,"turns":4.0},{"damage":0.0,"enemies":"Cultist","floor":2.0,"turns":4.0},{"damage":0.0,"enemies":"2 Louse","floor":4.0,"turns":3.0},{"damage":33.0,"enemies":"Lagavulin","floor":6.0,"turns":10.0},{"damage":1.0,"enemies":"Blue Slaver","floor":7.0,"turns":5.0},{"damage":0.0,"enemies":"3 Sentries","floor":11.0,"turns":8.0},{"damage":0.0,"enemies":"Red Slaver","floor":13.0,"turns":4.0},{"damage":8.0,"enemies":"Lagavulin","floor":14.0,"turns":8.0},{"damage":33,"enemies":"Slime Boss","floor":16,"turns":8}],"seed_played":"-8681342046221440484","potions_obtained":[{"floor":1.0,"key":"Dexterity Potion"},{"floor":11.0,"key":"Fire Potion"}],"is_trial":false,"path_per_floor":["M","M","?","M","?","E","M","R","T","$","E","R","M","E","R","B"],"character_chosen":"THE_SILENT","items_purchased":["Noxious Fumes","Backflip"],"campfire_rested":1,"item_purchase_floors":[10,10],"current_hp_per_floor":[63,63,63,63,46,13,12,33,33,33,33,33,35,29,29,0],"gold":130,"neow_bonus":"ONE_RANDOM_RARE_CARD","is_prod":false,"is_daily":false,"chose_seed":false,"campfire_upgraded":2,"win_rate":0,"timestamp":1569045563,"path_taken":["M","M","?","?","?","E","M","R","T","$","E","R","M","E","R","BOSS"],"build_version":"2019-07-17","purchased_purges":1,"victory":false,"max_hp_per_floor":[70,70,70,70,70,70,70,70,70,70,70,70,70,70,70,70],"card_choices":[{"not_picked":["Expertise","Dagger Spray"],"picked":"Dash","floor":1.0},{"not_picked":["Concentrate","Endless Agony"],"picked":"Underhanded Strike","floor":2.0},{"not_picked":["Outmaneuver","Dagger Spray"],"picked":"PiercingWail","floor":4.0},{"not_picked":["Prepared","Quick Slash"],"picked":"Deflect","floor":6.0},{"not_picked":["Sucker Punch","Concentrate"],"picked":"Cloak And Dagger","floor":7.0},{"not_picked":["Acrobatics","Riddle With Holes","Masterful Stab"],"picked":"SKIP","floor":11.0},{"not_picked":["Slice","Blade Dance"],"picked":"Dodge and Roll","floor":13.0},{"not_picked":["Grand Finale","Skewer"],"picked":"Noxious Fumes","floor":14.0}],"player_experience":272160,"relics_obtained":[{"floor":6.0,"key":"Matryoshka"},{"floor":9.0,"key":"Bag of Preparation"},{"floor":9.0,"key":"Mummified Hand"},{"floor":11.0,"key":"Bird Faced Urn"},{"floor":14.0,"key":"Bronze Scales"}],"event_choices":[{"damage_healed":0.0,"max_hp_gain":0.0,"max_hp_loss":0.0,"gold_gain":0.0,"event_name":"FaceTrader","player_choice":"Trade","floor":3.0,"gold_loss":0.0,"damage_taken":0.0,"relics_obtained":["GremlinMask"]},{"damage_healed":0.0,"max_hp_gain":0.0,"max_hp_loss":0.0,"gold_gain":0.0,"event_name":"Golden Idol","player_choice":"Take Damage","floor":5.0,"gold_loss":0.0,"damage_taken":17.0,"relics_obtained":["Golden Idol"]}],"is_beta":false,"boss_relics":[],"items_purged_floors":[10],"is_endless":false,"potions_floor_spawned":[1,11],"killed_by":"Slime Boss","ascension_level":7}