{"gold_per_floor":[19,33,33,50,69,69,96,115,115,115],"floor_reached":10,"playtime":414,"items_purged":[],"score":81,"play_id":"9e050c30-00c7-4b8f-baad-405050380e96","local_time":"20190914123806","is_ascension_mode":true,"campfire_choices":[{"floor":6,"key":"DIG"}],"neow_cost":"NO_GOLD","seed_source_timestamp":2829114874415700,"circlet_count":0,"master_deck":["Strike_B","Strike_B","Strike_B","Defend_B","Defend_B","Defend_B","Defend_B","Zap","Dualcast","FTL","Coolheaded","Storm","Loop","Thunder Strike","Hello World"],"relics":["Cracked Core","Shovel","Matryoshka","Peace Pipe","Vajra","FossilizedHelix"],"potions_floor_usage":[7,10],"damage_taken":[{"damage":1,"enemies":"Cultist","floor":1,"turns":3},{"damage":8,"enemies":"Small Slimes","floor":2,"turns":3},{"damage":0,"enemies":"2 Louse","floor":4,"turns":3},{"damage":7,"enemies":"Looter","floor":5,"turns":4},{"damage":35,"enemies":"Gremlin Nob","floor":7,"turns":4},{"damage":28,"enemies":"Lots of Slimes","floor":8,"turns":4},{"damage":13,"enemies":"3 Sentries","floor":10,"turns":2}],"seed_played":"-8243082417450386811","potions_obtained":[{"floor":2,"key":"Regen Potion"},{"floor":8,"key":"Strength Potion"}],"is_trial":false,"path_per_floor":["M","M","?","M","M","R","E","M","T","E"],"character_chosen":"DEFECT","items_purchased":[],"campfire_rested":0,"item_purchase_floors":[],"current_hp_per_floor":[74,66,66,66,59,59,33,5,5,0],"gold":115,"neow_bonus":"ONE_RARE_RELIC","is_prod":false,"is_daily":false,"chose_seed":false,"campfire_upgraded":0,"win_rate":0,"timestamp":1568457486,"path_taken":["M","M","?","?","M","R","E","M","T","E"],"build_version":"2019-07-17","purchased_purges":0,"victory":false,"max_hp_per_floor":[75,75,75,75,75,75,75,75,75,75],"card_choices":[{"not_picked":["Compile Driver","Hologram"],"picked":"FTL","floor":1},{"not_picked":["Streamline","Go for the Eyes"],"picked":"Coolheaded","floor":2},{"not_picked":["FTL","Leap"],"picked":"Storm","floor":4},{"not_picked":["Tempest","Genetic Algorithm"],"picked":"Loop","floor":5},{"not_picked":["Melter","Auto Shields"],"picked":"Thunder Strike","floor":7},{"not_picked":["Reprogram","Steam"],"picked":"Hello World","floor":8}],"player_experience":192580,"relics_obtained":[{"floor":6,"key":"Matryoshka"},{"floor":7,"key":"Peace Pipe"},{"floor":9,"key":"Vajra"},{"floor":9,"key":"FossilizedHelix"}],"event_choices":[{"cards_removed":["Strike_B"],"damage_healed":0,"gold_gain":0,"player_choice":"Offered Basic","damage_taken":0,"max_hp_gain":0,"max_hp_loss":0,"event_name":"Bonfire Elementals","floor":3,"gold_loss":0}],"is_beta":false,"boss_relics":[],"items_purged_floors":[],"is_endless":false,"potions_floor_spawned":[2,8],"killed_by":"3 Sentries","ascension_level":3}