{"gold_per_floor":[112,130,144,144,43,72,72,72,99,125,136,38,38,70,70,149,149,159,175,175,175,191,247,247,275,302,24,56,56,76,90,90,168,168,183,33,33,33,53,86,156,182,228,238,238,238,238,198,198,198],"floor_reached":51,"playtime":4030,"items_purged":["Regret"],"score":1307,"play_id":"f82609d8-0bf9-4c8a-8009-5991a45fe48c","local_time":"20190928060416","is_ascension_mode":true,"campfire_choices":[{"floor":7.0,"key":"REST"},{"data":"Consume","floor":15.0,"key":"SMITH"},{"floor":24.0,"key":"REST"},{"floor":29.0,"key":"REST"},{"data":"Chill","floor":32.0,"key":"SMITH"},{"floor":45.0,"key":"REST"},{"floor":47.0,"key":"REST"},{"data":"Seek","floor":49.0,"key":"SMITH"}],"neow_cost":"NONE","seed_source_timestamp":4010642338885300,"circlet_count":0,"master_deck":["AscendersBane","Strike_B+1","Strike_B+1","Strike_B+1","Strike_B+1","Defend_B+1","Defend_B+1","Defend_B+1","Defend_B+1","Zap","Dualcast","Glacier+1","Chill+1","Conserve Battery","Gash","Consume+1","Auto Shields","White Noise","Streamline+1","Conserve Battery","Machine Learning","Coolheaded+1","Reprogram","Sunder","Gash+1","BootSequence+1","Echo Form","Static Discharge+1","Stack","Seek+1","Aggregate","Dark Shackles","Coolheaded+1","Aggregate","Storm+1","Electrodynamics","Madness","Madness"],"special_seed":0,"relics":["Cracked Core","Juzu Bracelet","Regal Pillow","Blood Vial","Art of War","Kunai","Ornamental Fan","Inserter","Tiny Chest","Ancient Tea Set","Oddly Smooth Stone","Membership Card","Lantern","Vajra","Nuclear Battery","DataDisk","Anchor","Bag of Preparation","Bottled Flame","Centennial Puzzle","Whetstone"],"potions_floor_usage":[],"damage_taken":[{"damage":0.0,"enemies":"2 Louse","floor":1.0,"turns":2.0},{"damage":2.0,"enemies":"Jaw Worm","floor":2.0,"turns":3.0},{"damage":0.0,"enemies":"Cultist","floor":3.0,"turns":3.0},{"damage":35.0,"enemies":"Gremlin Nob","floor":6.0,"turns":5.0},{"damage":15.0,"enemies":"Lagavulin","floor":10.0,"turns":12.0},{"damage":10.0,"enemies":"2 Fungi Beasts","floor":11.0,"turns":4.0},{"damage":16.0,"enemies":"Gremlin Nob","floor":14.0,"turns":6.0},{"damage":8.0,"enemies":"Slime Boss","floor":16.0,"turns":13.0},{"damage":0.0,"enemies":"Chosen","floor":18.0,"turns":6.0},{"damage":6.0,"enemies":"Shell Parasite","floor":19.0,"turns":9.0},{"damage":10.0,"enemies":"Cultist and Chosen","floor":22.0,"turns":8.0},{"damage":13.0,"enemies":"Book of Stabbing","floor":23.0,"turns":8.0},{"damage":17.0,"enemies":"Gremlin Leader","floor":25.0,"turns":9.0},{"damage":14.0,"enemies":"Slavers","floor":28.0,"turns":11.0},{"damage":25.0,"enemies":"Centurion and Healer","floor":30.0,"turns":7.0},{"damage":1.0,"enemies":"Shelled Parasite and Fungi","floor":31.0,"turns":6.0},{"damage":6.0,"enemies":"Automaton","floor":33.0,"turns":12.0},{"damage":24.0,"enemies":"3 Darklings","floor":35.0,"turns":9.0},{"damage":0.0,"enemies":"Orb Walker","floor":39.0,"turns":5.0},{"damage":0.0,"enemies":"Giant Head","floor":40.0,"turns":14.0},{"damage":43.0,"enemies":"Reptomancer","floor":42.0,"turns":8.0},{"damage":6.0,"enemies":"3 Darklings","floor":44.0,"turns":7.0},{"damage":69,"enemies":"Time Eater","floor":50,"turns":10}],"seed_played":"8266933784333365600","potions_obtained":[{"floor":1.0,"key":"Strength Potion"},{"floor":3.0,"key":"Energy Potion"},{"floor":10.0,"key":"EntropicBrew"},{"floor":14.0,"key":"PowerPotion"},{"floor":19.0,"key":"Block Potion"},{"floor":23.0,"key":"Dexterity Potion"},{"floor":25.0,"key":"FocusPotion"},{"floor":33.0,"key":"LiquidBronze"},{"floor":39.0,"key":"EntropicBrew"}],"is_trial":false,"path_per_floor":["M","M","M","?","$","E","R","?","T","E","M","$","?","E","R","B",null,"M","M","?","?","M","E","R","E","T","$","E","R","M","M","R","B",null,"M","$","?","?","M","E","T","E","T","M","R","?","R","?","R","B",null],"character_chosen":"DEFECT","items_purchased":["Gash","White Noise","Streamline","Membership Card","Lantern","DataDisk","Anchor"],"campfire_rested":5,"item_purchase_floors":[5,12,12,27,27,36,36],"current_hp_per_floor":[64,62,62,62,62,27,63,63,63,50,42,42,71,55,55,49,66,68,64,64,64,56,45,71,54,54,54,42,71,46,47,47,43,64,42,42,42,42,44,46,46,5,5,1,37,28,64,64,64,7],"gold":198,"neow_bonus":"RANDOM_COMMON_RELIC","is_prod":false,"is_daily":false,"chose_seed":false,"campfire_upgraded":3,"win_rate":0,"timestamp":1569643456,"path_taken":["M","M","M","?","$","E","R","?","T","E","M","?","?","E","R","BOSS","M","M","?","?","M","E","R","E","T","$","E","R","M","M","R","BOSS","M","$","?","?","M","E","?","E","T","M","R","?","R","?","R","BOSS"],"build_version":"2019-07-17","purchased_purges":1,"victory":true,"max_hp_per_floor":[71,71,71,71,71,71,71,71,71,71,71,71,71,71,71,71,71,71,71,71,71,71,71,71,71,71,71,71,71,71,71,71,71,71,71,71,71,71,71,71,71,71,71,71,71,71,71,71,71,71],"card_choices":[{"not_picked":["Ball Lightning","Coolheaded"],"picked":"Glacier","floor":1.0},{"not_picked":["Hologram","Skim"],"picked":"Chill","floor":2.0},{"not_picked":["Steam","Darkness"],"picked":"Conserve Battery","floor":3.0},{"not_picked":["Double Energy","Redo"],"picked":"Force Field","floor":6.0},{"not_picked":["Chill","Steam Power"],"picked":"Consume","floor":10.0},{"not_picked":["Multi-Cast","Gash"],"picked":"Auto Shields","floor":11.0},{"not_picked":["All For One","Leap"],"picked":"Conserve Battery","floor":14.0},{"not_picked":["All For One","Amplify"],"picked":"Machine Learning","floor":16.0},{"not_picked":["Cold Snap","Compile Driver"],"picked":"Coolheaded+1","floor":18.0},{"not_picked":["Steam","Sweeping Beam"],"picked":"Reprogram","floor":19.0},{"not_picked":["Consume","Steam Power"],"picked":"Sunder","floor":22.0},{"not_picked":["Sweeping Beam","Leap"],"picked":"Gash","floor":23.0},{"not_picked":["Turbo","Gash+1"],"picked":"BootSequence+1","floor":25.0},{"not_picked":["Leap","Stack"],"picked":"Echo Form","floor":28.0},{"not_picked":["Streamline","Hologram"],"picked":"Static Discharge","floor":30.0},{"not_picked":["Turbo","Capacitor"],"picked":"Stack","floor":31.0},{"not_picked":["Reboot","Rainbow"],"picked":"Seek","floor":33.0},{"not_picked":["Leap+1","Self Repair"],"picked":"Aggregate","floor":35.0},{"not_picked":["Discovery","Impatience"],"picked":"Dark Shackles","floor":38.0},{"not_picked":["Cold Snap","Rebound+1"],"picked":"Coolheaded+1","floor":39.0},{"not_picked":["Barrage","Beam Cell"],"picked":"Aggregate","floor":40.0},{"not_picked":["Barrage","Compile Driver+1"],"picked":"Storm+1","floor":42.0},{"not_picked":["Redo","Hologram"],"picked":"Electrodynamics","floor":44.0}],"player_experience":360782,"relics_obtained":[{"floor":6.0,"key":"Blood Vial"},{"floor":9.0,"key":"Art of War"},{"floor":10.0,"key":"Kunai"},{"floor":14.0,"key":"Ornamental Fan"},{"floor":23.0,"key":"Tiny Chest"},{"floor":25.0,"key":"Ancient Tea Set"},{"floor":26.0,"key":"Oddly Smooth Stone"},{"floor":28.0,"key":"Vajra"},{"floor":40.0,"key":"Bag of Preparation"},{"floor":41.0,"key":"Bottled Flame"},{"floor":42.0,"key":"Centennial Puzzle"},{"floor":43.0,"key":"Whetstone"}],"event_choices":[{"damage_healed":0.0,"max_hp_gain":0.0,"max_hp_loss":0.0,"gold_gain":0.0,"event_name":"Big Fish","player_choice":"Box","floor":4.0,"gold_loss":0.0,"damage_taken":0.0,"relics_obtained":["Regal Pillow"],"cards_obtained":["Regret"]},{"damage_healed":0.0,"max_hp_gain":0.0,"max_hp_loss":0.0,"gold_gain":0.0,"event_name":"Dead Adventurer","player_choice":"Searched \u00270\u0027 times","floor":8.0,"gold_loss":0.0,"damage_taken":0.0},{"cards_removed":["Force Field"],"damage_healed":29.0,"max_hp_gain":0.0,"max_hp_loss":0.0,"gold_gain":0.0,"event_name":"Bonfire Elementals","player_choice":"Offered Uncommon","floor":13.0,"gold_loss":0.0,"damage_taken":0.0},{"damage_healed":0.0,"max_hp_gain":0.0,"max_hp_loss":0.0,"gold_gain":0.0,"event_name":"Back to Basics","player_choice":"Simplicity","floor":20.0,"gold_loss":0.0,"damage_taken":0.0,"cards_upgraded":["Strike_B","Strike_B","Strike_B","Strike_B","Defend_B","Defend_B","Defend_B","Defend_B"]},{"damage_healed":0.0,"max_hp_gain":0.0,"max_hp_loss":0.0,"gold_gain":0.0,"event_name":"Beggar","player_choice":"Ignored","floor":21.0,"gold_loss":0.0,"damage_taken":0.0},{"damage_healed":0.0,"max_hp_gain":0.0,"max_hp_loss":0.0,"gold_gain":0.0,"event_name":"Mysterious Sphere","player_choice":"Ignored","floor":37.0,"gold_loss":0.0,"damage_taken":0.0},{"damage_healed":0.0,"max_hp_gain":0.0,"max_hp_loss":0.0,"gold_gain":0.0,"event_name":"SensoryStone","player_choice":"Memory 1","floor":38.0,"gold_loss":0.0,"damage_taken":0.0},{"damage_healed":0.0,"max_hp_gain":0.0,"max_hp_loss":0.0,"gold_gain":0.0,"event_name":"Winding Halls","player_choice":"Embrace Madness","floor":46.0,"gold_loss":0.0,"damage_taken":9.0,"cards_obtained":["Madness","Madness"]},{"damage_healed":0.0,"max_hp_gain":0.0,"max_hp_loss":0.0,"gold_gain":0.0,"event_name":"Designer","player_choice":"Upgraded Two","floor":48.0,"gold_loss":40.0,"damage_taken":0.0,"cards_upgraded":["Static Discharge","Glacier"]}],"is_beta":false,"boss_relics":[{"not_picked":["Calling Bell","Sozu"],"picked":"Inserter"},{"not_picked":["Eternal Feather","Empty Cage"],"picked":"Nuclear Battery"}],"items_purged_floors":[5],"is_endless":false,"potions_floor_spawned":[1,3,10,11,14,19,23,25,33,39,40],"ascension_level":14}