{"gold_per_floor":[15,28,39,56,156,156,182,196,196,213,138,138,166,178,178,250,250,267,267,267,278,291,291,326,338,420,13,13,13,13,13],"floor_reached":31,"playtime":1422,"items_purged":[],"score":559,"play_id":"e839b4ab-7be2-45f0-a426-d3801f622b58","local_time":"20191008200208","is_ascension_mode":true,"campfire_choices":[{"data":"Defragment","floor":6.0,"key":"SMITH"},{"floor":12.0,"key":"REST"},{"data":"Sunder","floor":15.0,"key":"SMITH"},{"floor":23.0,"key":"REST"},{"data":"Coolheaded","floor":30.0,"key":"SMITH"}],"neow_cost":"NO_GOLD","seed_source_timestamp":855618425622600,"circlet_count":0,"master_deck":["AscendersBane","Strike_B","Strike_B","Strike_B","Defend_B","Defend_B","Defend_B","Defend_B","Zap","Dualcast","Lockon","Steam","Defragment+1","BootSequence","Sunder+1","Gash","Coolheaded+1","Defragment","Static Discharge","All For One","Rebound+1","Stack","Reinforced Body","Rip and Tear+1","Force Field","Streamline","Aggregate","Self Repair+1"],"special_seed":0,"relics":["Cracked Core","Dead Branch","Meat on the Bone","Dream Catcher","Sozu","Frozen Egg 2","Bottled Lightning","Cables"],"potions_floor_usage":[],"damage_taken":[{"damage":4.0,"enemies":"Small Slimes","floor":1.0,"turns":3.0},{"damage":0.0,"enemies":"Cultist","floor":2.0,"turns":2.0},{"damage":7.0,"enemies":"Jaw Worm","floor":3.0,"turns":2.0},{"damage":6.0,"enemies":"Looter","floor":4.0,"turns":3.0},{"damage":32.0,"enemies":"Gremlin Nob","floor":7.0,"turns":4.0},{"damage":4.0,"enemies":"Exordium Wildlife","floor":8.0,"turns":3.0},{"damage":4.0,"enemies":"Blue Slaver","floor":10.0,"turns":3.0},{"damage":8.0,"enemies":"3 Sentries","floor":13.0,"turns":7.0},{"damage":7.0,"enemies":"Exordium Thugs","floor":14.0,"turns":6.0},{"damage":31.0,"enemies":"Slime Boss","floor":16.0,"turns":7.0},{"damage":7.0,"enemies":"2 Thieves","floor":18.0,"turns":3.0},{"damage":25.0,"enemies":"3 Byrds","floor":21.0,"turns":3.0},{"damage":21.0,"enemies":"Snecko","floor":22.0,"turns":7.0},{"damage":26.0,"enemies":"Slavers","floor":24.0,"turns":5.0},{"damage":3.0,"enemies":"Cultist and Chosen","floor":25.0,"turns":7.0},{"damage":14.0,"enemies":"Colosseum Slavers","floor":28.0,"turns":4.0},{"damage":54,"enemies":"Gremlin Leader","floor":31,"turns":6}],"seed_played":"-5093258593441391376","potions_obtained":[{"floor":1.0,"key":"LiquidBronze"},{"floor":4.0,"key":"GamblersBrew"},{"floor":13.0,"key":"SpeedPotion"}],"is_trial":false,"path_per_floor":["M","M","M","M","?","R","E","M","T","M","?","R","E","M","R","B",null,"M","?","?","M","M","R","E","M","T","$","?","$","R","E"],"character_chosen":"DEFECT","items_purchased":["Aggregate","Cables","Self Repair+1"],"campfire_rested":2,"item_purchase_floors":[27,27,27],"current_hp_per_floor":[74,74,67,61,61,61,29,25,25,33,33,58,50,43,43,24,70,63,63,38,25,16,43,29,38,38,38,46,46,46,0],"gold":13,"neow_bonus":"TWENTY_PERCENT_HP_BONUS","is_prod":false,"is_daily":false,"chose_seed":false,"campfire_upgraded":3,"win_rate":0,"timestamp":1570557728,"path_taken":["M","M","M","M","?","R","E","M","T","?","?","R","E","M","R","BOSS","M","?","?","M","M","R","E","M","T","$","?","?","R","E"],"build_version":"2019-07-17","purchased_purges":0,"victory":false,"max_hp_per_floor":[85,85,85,85,85,85,85,85,85,85,85,85,85,85,85,85,85,85,85,90,90,90,90,90,90,90,90,90,90,90,90],"card_choices":[{"not_picked":["Sweeping Beam","Tempest"],"picked":"Lockon","floor":1.0},{"not_picked":["Lockon","Storm"],"picked":"Steam","floor":2.0},{"not_picked":["Leap","Sweeping Beam"],"picked":"Defragment","floor":3.0},{"not_picked":["Heatsinks","Sweeping Beam"],"picked":"BootSequence","floor":4.0},{"not_picked":["Loop","Undo"],"picked":"Sunder","floor":7.0},{"not_picked":["Melter","Force Field"],"picked":"Gash","floor":8.0},{"not_picked":["BootSequence","Redo"],"picked":"Coolheaded","floor":10.0},{"not_picked":["Streamline","Machine Learning"],"picked":"Defragment","floor":13.0},{"not_picked":["Doom and Gloom","Rebound"],"picked":"Static Discharge","floor":14.0},{"not_picked":["Fission","Multi-Cast"],"picked":"All For One","floor":16.0},{"not_picked":["Steam Power","Ball Lightning"],"picked":"Rebound+1","floor":18.0},{"not_picked":["FTL","Streamline"],"picked":"Stack","floor":21.0},{"not_picked":["Doom and Gloom","Streamline"],"picked":"Reinforced Body","floor":22.0},{"not_picked":["Steam","Consume"],"picked":"Rip and Tear+1","floor":23.0},{"not_picked":["Auto Shields","Multi-Cast"],"picked":"Force Field","floor":24.0},{"not_picked":["Darkness","Ball Lightning"],"picked":"Streamline","floor":25.0}],"player_experience":444331,"relics_obtained":[{"floor":7.0,"key":"Dead Branch"},{"floor":9.0,"key":"Meat on the Bone"},{"floor":13.0,"key":"Dream Catcher"},{"floor":24.0,"key":"Frozen Egg 2"},{"floor":26.0,"key":"Bottled Lightning"}],"event_choices":[{"damage_healed":0.0,"max_hp_gain":0.0,"max_hp_loss":0.0,"gold_gain":100.0,"event_name":"Wheel of Change","player_choice":"Gold","floor":5.0,"gold_loss":0.0,"damage_taken":0.0},{"cards_removed":["Strike_B"],"damage_healed":0.0,"max_hp_gain":0.0,"max_hp_loss":0.0,"gold_gain":0.0,"event_name":"The Cleric","player_choice":"Card Removal","floor":11.0,"gold_loss":75.0,"damage_taken":0.0},{"damage_healed":0.0,"max_hp_gain":0.0,"max_hp_loss":0.0,"gold_gain":0.0,"event_name":"Ghosts","player_choice":"Ignored","floor":19.0,"gold_loss":0.0,"damage_taken":0.0},{"damage_healed":0.0,"max_hp_gain":5.0,"max_hp_loss":0.0,"gold_gain":0.0,"event_name":"Forgotten Altar","player_choice":"Shed Blood","floor":20.0,"gold_loss":0.0,"damage_taken":30.0},{"damage_healed":0.0,"max_hp_gain":0.0,"max_hp_loss":0.0,"gold_gain":0.0,"event_name":"Colosseum","player_choice":"Fight","floor":28.0,"gold_loss":0.0,"damage_taken":0.0},{"damage_healed":0.0,"max_hp_gain":0.0,"max_hp_loss":0.0,"gold_gain":0.0,"event_name":"Colosseum","player_choice":"Fled From Nobs","floor":28.0,"gold_loss":0.0,"damage_taken":0.0}],"is_beta":false,"boss_relics":[{"not_picked":["Ectoplasm","Astrolabe"],"picked":"Sozu"}],"items_purged_floors":[],"is_endless":false,"potions_floor_spawned":[1,4,8,13,21,24,25,28],"killed_by":"Gremlin Leader","ascension_level":20}