{"gold_per_floor":[112,287,287,307,209,225,225,249,249,249,290,113,113,129,129,259,259,284,299,299,319,155,155,155],"floor_reached":24,"playtime":920,"items_purged":["Defend_B","Defend_B","Strike_B"],"score":216,"play_id":"b7d10a13-d659-4882-9097-16af1f308b73","local_time":"20180717225815","is_ascension_mode":true,"campfire_choices":[{"data":"Double Energy","floor":7,"key":"SMITH"},{"data":"Sunder","floor":13,"key":"SMITH"},{"data":"Recycle","floor":15,"key":"SMITH"},{"floor":23,"key":"REST"}],"neow_cost":"","seed_source_timestamp":450665699653012,"circlet_count":0,"master_deck":["Strike_B","Strike_B","Strike_B","Defend_B","Defend_B","Zap","Dualcast","FTL","Doubt","Leap","Ball Lightning","Double Energy+1","Sunder+1","Buffer+1","Sunder","Recycle+1","Ball Lightning+1","Sunder"],"relics":["Cracked Core","Golden Idol","Bottled Lightning","Frozen Egg 2","Sozu"],"potions_floor_usage":[6,16],"damage_taken":[{"damage":12,"enemies":"Small Slimes","floor":1,"turns":3},{"damage":18,"enemies":"Jaw Worm","floor":4,"turns":4},{"damage":0,"enemies":"2 Louse","floor":6,"turns":1},{"damage":0,"enemies":"Large Slime","floor":8,"turns":5},{"damage":17,"enemies":"Lagavulin","floor":11,"turns":5},{"damage":2,"enemies":"Looter","floor":14,"turns":2},{"damage":26,"enemies":"Hexaghost","floor":16,"turns":9},{"damage":2,"enemies":"Spheric Guardian","floor":18,"turns":4},{"damage":26,"enemies":"2 Thieves","floor":19,"turns":4},{"damage":29,"enemies":"Snake Plant","floor":21,"turns":4},{"damage":44,"enemies":"Slavers","floor":24,"turns":2}],"seed_played":"-8834019188765288026","potions_obtained":[{"floor":1,"key":"Explosive Potion"},{"floor":4,"key":"Ancient Potion"},{"floor":11,"key":"SkillPotion"}],"is_trial":false,"path_per_floor":["M","?","?","M","$","M","R","M","T","?","E","$","R","M","R","B",null,"M","M","?","M","$","R"],"character_chosen":"DEFECT","items_purchased":["Ball Lightning","Sunder","Sunder"],"campfire_rested":1,"item_purchase_floors":[5,12,22],"current_hp_per_floor":[63,63,45,27,27,27,27,27,27,75,58,58,58,56,56,30,75,73,47,47,18,18,40,0],"gold":155,"neow_bonus":"","is_prod":false,"is_daily":false,"chose_seed":false,"campfire_upgraded":3,"win_rate":0,"timestamp":1531861095,"path_taken":["M","?","?","M","$","M","R","M","T","?","E","$","R","?","R","BOSS","M","M","?","M","$","R","E"],"build_version":"2018-07-12","purchased_purges":3,"victory":false,"max_hp_per_floor":[75,75,75,75,75,75,75,75,75,75,75,75,75,75,75,75,75,75,75,75,75,75,75,75],"card_choices":[{"not_picked":["Steam Power","Streamline"],"picked":"FTL","floor":1},{"not_picked":["Go for the Eyes","Turbo"],"picked":"Leap","floor":4},{"not_picked":["Compile Driver","Aggregate"],"picked":"Double Energy","floor":6},{"not_picked":["Streamline","Sweeping Beam"],"picked":"Sunder","floor":8},{"not_picked":["Rebound","Sunder"],"picked":"Buffer","floor":11},{"not_picked":["Coolheaded","Conserve Battery"],"picked":"Recycle","floor":14},{"not_picked":["Cold Snap+1","Streamline","Redo"],"picked":"SKIP","floor":18},{"not_picked":["Redo","Stack","Beam Cell+1"],"picked":"SKIP","floor":19},{"not_picked":["Hello World+1","Rip and Tear"],"picked":"Ball Lightning+1","floor":21}],"player_experience":63886,"relics_obtained":[{"floor":9,"key":"Bottled Lightning"},{"floor":11,"key":"Frozen Egg 2"}],"event_choices":[{"event_name":"Liars Game","player_choice":"agreed","floor":2,"damage_taken":0},{"event_name":"Golden Idol","player_choice":"Take Damage","floor":3,"damage_taken":0},{"event_name":"Wheel of Change","player_choice":"Full Heal","floor":10,"damage_taken":0},{"event_name":"Drug Dealer","player_choice":"Ignored","floor":20,"damage_taken":0}],"boss_relics":[{"not_picked":["Tiny House","Snecko Eye"],"picked":"Sozu"}],"items_purged_floors":[5,12,22],"is_endless":false,"potions_floor_spawned":[1,4,11,18,19],"killed_by":"Slavers","ascension_level":2}