{"gold_per_floor":[119,129,404,416,497,497,531,531,531,546,46,66,84,84,84,162,162,182,202,219,219,219],"floor_reached":22,"playtime":1031,"items_purged":["Regret"],"score":382,"play_id":"1c840b62-4c53-4fd6-b669-209548aed19f","local_time":"20191001200433","is_ascension_mode":true,"campfire_choices":[{"data":"Streamline","floor":6.0,"key":"SMITH"},{"floor":8.0,"key":"REST"},{"floor":15.0,"key":"REST"}],"neow_cost":"NONE","seed_source_timestamp":252118593881900,"circlet_count":0,"master_deck":["AscendersBane","Defend_B","Defend_B","Defend_B","Defend_B","Zap","Dualcast","Leap","Streamline+1","Rebound","Capacitor+1","Consume","Hello World+1","Gash","Conserve Battery","Stack","Gash","Echo Form+1","Double Energy","Chill","Melter","Bite","Bite","Bite","Bite","Bite"],"special_seed":0,"relics":["Cracked Core","Sundial","Frozen Egg 2","Gremlin Horn","Membership Card","Bottled Lightning","Velvet Choker"],"potions_floor_usage":[22],"damage_taken":[{"damage":1.0,"enemies":"Cultist","floor":1.0,"turns":3.0},{"damage":1.0,"enemies":"Small Slimes","floor":2.0,"turns":3.0},{"damage":8.0,"enemies":"Jaw Worm","floor":4.0,"turns":4.0},{"damage":38.0,"enemies":"Gremlin Nob","floor":7.0,"turns":4.0},{"damage":25.0,"enemies":"Exordium Thugs","floor":10.0,"turns":4.0},{"damage":9.0,"enemies":"3 Louse","floor":12.0,"turns":2.0},{"damage":11.0,"enemies":"Lots of Slimes","floor":13.0,"turns":4.0},{"damage":12.0,"enemies":"Slime Boss","floor":16.0,"turns":8.0},{"damage":24.0,"enemies":"Shell Parasite","floor":18.0,"turns":5.0},{"damage":21.0,"enemies":"Chosen","floor":19.0,"turns":5.0},{"damage":11,"enemies":"Snecko","floor":20,"turns":7},{"damage":14,"enemies":"Centurion and Healer","floor":22,"turns":1}],"seed_played":"3048014615764979885","potions_obtained":[{"floor":10.0,"key":"Weak Potion"},{"floor":12.0,"key":"Strength Potion"},{"floor":19.0,"key":"Swift Potion"}],"is_trial":false,"path_per_floor":["M","M","?","M","T","R","E","R","T","M","$","M","M","?","R","B",null,"M","M","M","?","M"],"character_chosen":"DEFECT","items_purchased":["Membership Card","Bottled Lightning","Hello World+1","Gash","Conserve Battery","AttackPotion"],"campfire_rested":2,"item_purchase_floors":[11,11,11,11,11,11],"current_hp_per_floor":[70,69,69,61,61,61,23,46,46,21,21,12,1,1,24,12,62,38,17,6,6,0],"gold":219,"neow_bonus":"TEN_PERCENT_HP_BONUS","is_prod":false,"is_daily":false,"chose_seed":false,"campfire_upgraded":1,"win_rate":0,"timestamp":1569953073,"path_taken":["M","?","?","?","?","R","E","R","T","?","$","M","M","?","R","BOSS","M","M","?","?","M"],"build_version":"2019-07-17","purchased_purges":1,"victory":false,"max_hp_per_floor":[78,78,78,78,78,78,78,78,78,78,78,78,78,78,78,78,78,78,78,78,54,54],"card_choices":[{"not_picked":["Rebound","Double Energy"],"picked":"Leap","floor":1.0},{"not_picked":["Go for the Eyes","Turbo"],"picked":"Streamline","floor":2.0},{"not_picked":["Redo","Barrage"],"picked":"Rebound","floor":4.0},{"not_picked":["Static Discharge","Sweeping Beam"],"picked":"Capacitor","floor":7.0},{"not_picked":["BootSequence","Double Energy"],"picked":"Consume","floor":10.0},{"not_picked":["Hyperbeam","Barrage"],"picked":"Stack","floor":12.0},{"not_picked":["Stack","Ball Lightning"],"picked":"Gash","floor":13.0},{"not_picked":["Buffer+1","Creative AI+1"],"picked":"Echo Form+1","floor":16.0},{"not_picked":["Redo","Barrage"],"picked":"Double Energy","floor":18.0},{"not_picked":["Ball Lightning","Barrage"],"picked":"Chill","floor":19.0},{"not_picked":["Compile Driver","Recycle"],"picked":"Melter","floor":20}],"player_experience":398015,"relics_obtained":[{"floor":5.0,"key":"Sundial"},{"floor":7.0,"key":"Frozen Egg 2"},{"floor":9.0,"key":"Gremlin Horn"}],"event_choices":[{"damage_healed":0.0,"max_hp_gain":0.0,"max_hp_loss":0.0,"gold_gain":275.0,"event_name":"Golden Shrine","player_choice":"Desecrate","floor":3.0,"gold_loss":0.0,"damage_taken":0.0,"cards_obtained":["Regret"]},{"cards_removed":["Strike_B"],"damage_healed":0.0,"max_hp_gain":0.0,"max_hp_loss":0.0,"gold_gain":0.0,"event_name":"Purifier","player_choice":"Purged","floor":14.0,"gold_loss":0.0,"damage_taken":0.0},{"damage_healed":0,"gold_gain":0,"player_choice":"Became a vampire","damage_taken":0,"max_hp_gain":0,"max_hp_loss":24,"event_name":"Vampires","floor":21,"gold_loss":0,"cards_obtained":["Bite","Bite","Bite","Bite","Bite"]}],"is_beta":false,"boss_relics":[{"not_picked":["Lizard Tail","Nuclear Battery"],"picked":"Velvet Choker"}],"items_purged_floors":[11],"is_endless":false,"potions_floor_spawned":[10,12,19],"killed_by":"Centurion and Healer","ascension_level":18}