{"gold_per_floor":[118,78,97,97,97,132,132,145,171,181,194,210,224,249,249,348,348,362,372,372],"floor_reached":20,"playtime":824,"items_purged":[],"score":238,"play_id":"f0c2946b-9cf1-4af1-a408-b9166573bbb5","local_time":"20190728233222","is_ascension_mode":false,"campfire_choices":[{"floor":7,"key":"RECALL"},{"data":"True Grit","floor":15,"key":"SMITH"}],"neow_cost":"NONE","seed_source_timestamp":1028102194957884,"circlet_count":0,"master_deck":["Strike_R","Strike_R","Strike_R","Strike_R","Strike_R","Defend_R","Defend_R","Defend_R","Defend_R","Bash","Shrug It Off+1","Wild Strike","Flash of Steel","Headbutt","Pommel Strike","Cleave","Wild Strike","True Grit+1","Feel No Pain","Feed","Battle Trance","Barricade","Body Slam","True Grit"],"relics":["Burning Blood","NeowsBlessing","Bag of Preparation","PreservedInsect","Philosopher\u0027s Stone"],"potions_floor_usage":[14,14,14,14,14,16],"damage_taken":[{"damage":0,"enemies":"2 Louse","floor":1,"turns":1},{"damage":0,"enemies":"Cultist","floor":3,"turns":1},{"damage":0,"enemies":"Lagavulin","floor":6,"turns":1},{"damage":1,"enemies":"Jaw Worm","floor":8,"turns":3},{"damage":0,"enemies":"Large Slime","floor":10,"turns":4},{"damage":5,"enemies":"Red Slaver","floor":11,"turns":3},{"damage":11,"enemies":"3 Louse","floor":12,"turns":3},{"damage":0,"enemies":"2 Fungi Beasts","floor":13,"turns":2},{"damage":0,"enemies":"Gremlin Nob","floor":14,"turns":4},{"damage":73,"enemies":"The Guardian","floor":16,"turns":14},{"damage":60,"enemies":"Shell Parasite","floor":18,"turns":8},{"damage":26,"enemies":"2 Thieves","floor":19,"turns":5},{"damage":15,"enemies":"Centurion and Healer","floor":20,"turns":1}],"seed_played":"-1291749822691701612","potions_obtained":[{"floor":2,"key":"Energy Potion"},{"floor":2,"key":"EntropicBrew"},{"floor":2,"key":"GamblersBrew"},{"floor":3,"key":"Block Potion"},{"floor":12,"key":"PowerPotion"}],"is_trial":false,"path_per_floor":["M","?","M","?","?","E","R","M","T","M","M","M","M","E","R","B",null,"M","M","M"],"character_chosen":"IRONCLAD","items_purchased":[],"campfire_rested":0,"item_purchase_floors":[],"current_hp_per_floor":[80,80,80,80,80,80,80,80,80,80,80,75,80,83,83,31,83,32,15,0],"gold":372,"neow_bonus":"THREE_ENEMY_KILL","is_prod":false,"is_daily":false,"chose_seed":false,"campfire_upgraded":1,"win_rate":0,"timestamp":1564349542,"path_taken":["M","?","?","?","?","E","R","M","T","M","M","M","M","E","R","BOSS","M","M","M"],"build_version":"2019-07-17","purchased_purges":0,"victory":false,"max_hp_per_floor":[80,80,80,80,80,80,80,80,80,80,80,80,80,83,83,83,83,86,89,89],"card_choices":[{"not_picked":["Twin Strike","Spot Weakness"],"picked":"Shrug It Off","floor":1},{"not_picked":["Infernal Blade","Heavy Blade"],"picked":"Wild Strike","floor":3},{"not_picked":["Perfected Strike","Sword Boomerang"],"picked":"Pommel Strike","floor":6},{"not_picked":["Twin Strike","Sword Boomerang"],"picked":"Cleave","floor":8},{"not_picked":["Dropkick","Clothesline"],"picked":"Wild Strike","floor":10},{"not_picked":["Bloodletting","Twin Strike"],"picked":"True Grit","floor":11},{"not_picked":["Hemokinesis","Armaments"],"picked":"Feel No Pain","floor":12},{"not_picked":["Pommel Strike","Anger"],"picked":"Feed","floor":13},{"not_picked":["Twin Strike","Dual Wield"],"picked":"Battle Trance","floor":14},{"not_picked":["Impervious","Reaper"],"picked":"Barricade","floor":16},{"not_picked":["Perfected Strike","Flame Barrier"],"picked":"Body Slam","floor":18},{"not_picked":["Havoc","Disarm"],"picked":"True Grit","floor":19}],"player_experience":127553,"relics_obtained":[{"floor":6,"key":"Bag of Preparation"},{"floor":14,"key":"PreservedInsect"}],"event_choices":[{"damage_healed":0,"gold_gain":0,"player_choice":"Bought 3 Potions","damage_taken":0,"max_hp_gain":0,"max_hp_loss":0,"event_name":"The Woman in Blue","floor":2,"gold_loss":0},{"damage_healed":0,"gold_gain":0,"player_choice":"Grow","damage_taken":0,"max_hp_gain":0,"max_hp_loss":0,"event_name":"Living Wall","floor":4,"gold_loss":0,"cards_upgraded":["Shrug It Off"]},{"damage_healed":0,"gold_gain":0,"player_choice":"2 cards matched","damage_taken":0,"max_hp_gain":0,"max_hp_loss":0,"event_name":"Match and Keep!","floor":5,"gold_loss":0,"cards_obtained":["Flash of Steel","Headbutt"]}],"is_beta":false,"boss_relics":[{"not_picked":["Black Blood","Lizard Tail"],"picked":"Philosopher\u0027s Stone"}],"items_purged_floors":[],"is_endless":false,"potions_floor_spawned":[3,6,12],"killed_by":"Centurion and Healer","ascension_level":0}