{"gold_per_floor":[113,125,139,158,233,263,279,279,332,332,345,216,247,258,258,258],"floor_reached":16,"playtime":696,"items_purged":[],"score":114,"play_id":"fa9c7f98-aa23-47ac-946f-42e6d2412945","local_time":"20190728234408","is_ascension_mode":false,"campfire_choices":[{"floor":8,"key":"REST"},{"floor":10,"key":"RECALL"},{"floor":15,"key":"REST"}],"neow_cost":"NONE","seed_source_timestamp":1028936376314834,"circlet_count":0,"master_deck":["Strike_R","Strike_R","Strike_R","Strike_R","Strike_R","Defend_R","Defend_R","Defend_R","Defend_R","Bash","Wild Strike","Anger","Combust","Sentinel","Body Slam","True Grit","Feel No Pain","Discovery","Body Slam","Feed","Evolve"],"relics":["Burning Blood","Smiling Mask","Letter Opener","Mercury Hourglass"],"potions_floor_usage":[6,13,14,16],"damage_taken":[{"damage":9,"enemies":"Jaw Worm","floor":1,"turns":4},{"damage":6,"enemies":"Cultist","floor":2,"turns":3},{"damage":2,"enemies":"2 Louse","floor":3,"turns":2},{"damage":3,"enemies":"Large Slime","floor":4,"turns":4},{"damage":40,"enemies":"3 Sentries","floor":6,"turns":7},{"damage":26,"enemies":"Gremlin Gang","floor":7,"turns":3},{"damage":18,"enemies":"Lots of Slimes","floor":11,"turns":3},{"damage":29,"enemies":"Gremlin Nob","floor":13,"turns":5},{"damage":5,"enemies":"Looter","floor":14,"turns":2},{"damage":32,"enemies":"Slime Boss","floor":16,"turns":9}],"seed_played":"-6124939700888494978","potions_obtained":[{"floor":3,"key":"Explosive Potion"},{"floor":6,"key":"Dexterity Potion"},{"floor":13,"key":"FearPotion"},{"floor":14,"key":"GamblersBrew"}],"is_trial":false,"path_per_floor":["M","M","M","M","?","E","M","R","T","R","M","$","E","M","R","B"],"character_chosen":"IRONCLAD","items_purchased":["Discovery","Body Slam"],"campfire_rested":2,"item_purchase_floors":[12,12],"current_hp_per_floor":[77,77,80,80,72,38,18,42,42,42,30,30,7,8,32,0],"gold":258,"neow_bonus":"RANDOM_COMMON_RELIC","is_prod":false,"is_daily":false,"chose_seed":false,"campfire_upgraded":0,"win_rate":0,"timestamp":1564350248,"path_taken":["M","M","M","M","?","E","M","R","T","R","?","$","E","?","R","BOSS"],"build_version":"2019-07-17","purchased_purges":0,"victory":false,"max_hp_per_floor":[80,80,80,80,80,80,80,80,80,80,80,80,80,80,80,80],"card_choices":[{"not_picked":["Headbutt","Ghostly Armor"],"picked":"Wild Strike","floor":1},{"not_picked":["Twin Strike","Dropkick"],"picked":"Anger","floor":2},{"not_picked":["Intimidate","Entrench"],"picked":"Combust","floor":3},{"not_picked":["Clothesline","Sword Boomerang"],"picked":"Sentinel","floor":4},{"not_picked":["Whirlwind","Exhume"],"picked":"Body Slam","floor":6},{"not_picked":["Iron Wave","Ghostly Armor"],"picked":"True Grit","floor":7},{"not_picked":["Cleave","Headbutt"],"picked":"Feel No Pain","floor":11},{"not_picked":["Flex","Clothesline"],"picked":"Feed","floor":13},{"not_picked":["True Grit","Clothesline"],"picked":"Evolve","floor":14}],"player_experience":128377,"relics_obtained":[{"floor":6,"key":"Letter Opener"},{"floor":13,"key":"Mercury Hourglass"}],"event_choices":[{"damage_healed":0,"gold_gain":75,"player_choice":"Touch","damage_taken":8,"max_hp_gain":0,"max_hp_loss":0,"event_name":"FaceTrader","floor":5,"gold_loss":0}],"is_beta":false,"boss_relics":[],"items_purged_floors":[],"is_endless":false,"potions_floor_spawned":[3,6,13,14],"killed_by":"Slime Boss","ascension_level":0}