{"gold_per_floor":[112,187,187,203,222,237,265,265,265,43,43,68,83,103,103,203,203,217,217,227,227],"floor_reached":21,"playtime":1088,"items_purged":[],"score":258,"play_id":"58e335c4-1c89-4a99-a47e-4975abc1b224","local_time":"20190917060602","is_ascension_mode":true,"campfire_choices":[{"floor":8,"key":"REST"},{"floor":15,"key":"REST"}],"neow_cost":"NONE","seed_source_timestamp":3064117424807300,"circlet_count":0,"master_deck":["Strike_G","Strike_G","Strike_G","Strike_G","Strike_G","Defend_G","Defend_G+1","Defend_G","Defend_G+1","Defend_G+1","Survivor+1","Neutralize","Flying Knee","Backflip","Poisoned Stab","Heel Hook","Footwork","Parasite","Crippling Poison","Footwork","Escape Plan","Adrenaline","Cloak And Dagger","Good Instincts","Deadly Poison+1"],"relics":["Cursed Key","War Paint","Regal Pillow","Snake Skull","Question Card","Sozu"],"potions_floor_usage":[7,16,16],"damage_taken":[{"damage":0,"enemies":"Small Slimes","floor":1,"turns":4},{"damage":1,"enemies":"2 Louse","floor":4,"turns":2},{"damage":2,"enemies":"Cultist","floor":5,"turns":4},{"damage":0,"enemies":"Blue Slaver","floor":6,"turns":4},{"damage":30,"enemies":"Lagavulin","floor":7,"turns":7},{"damage":23,"enemies":"3 Sentries","floor":12,"turns":8},{"damage":0,"enemies":"3 Louse","floor":13,"turns":3},{"damage":0,"enemies":"Exordium Wildlife","floor":14,"turns":2},{"damage":29,"enemies":"Slime Boss","floor":16,"turns":12},{"damage":17,"enemies":"Spheric Guardian","floor":18,"turns":6},{"damage":15,"enemies":"Shell Parasite","floor":20,"turns":8},{"damage":19,"enemies":"Centurion and Healer","floor":21,"turns":6}],"seed_played":"5596111814530710042","potions_obtained":[{"floor":5,"key":"Block Potion"},{"floor":6,"key":"Energy Potion"},{"floor":7,"key":"SteroidPotion"},{"floor":13,"key":"Weak Potion"}],"is_trial":false,"path_per_floor":["M","?","?","M","M","M","E","R","T","$","?","E","M","M","R","B",null,"M","?","M","M"],"character_chosen":"THE_SILENT","items_purchased":["Snake Skull","Crippling Poison"],"campfire_rested":2,"item_purchase_floors":[10,10],"current_hp_per_floor":[63,52,57,56,54,54,24,46,46,46,31,8,8,8,45,16,60,43,29,14,0],"gold":227,"neow_bonus":"BOSS_RELIC","is_prod":false,"is_daily":false,"chose_seed":false,"campfire_upgraded":0,"win_rate":0,"timestamp":1568693162,"path_taken":["M","?","?","M","M","M","E","R","T","$","?","E","M","M","R","BOSS","M","?","?","M"],"build_version":"2019-07-17","purchased_purges":0,"victory":false,"max_hp_per_floor":[70,70,75,75,75,75,75,75,75,75,75,75,75,75,75,75,75,75,75,75,75],"card_choices":[{"not_picked":["Quick Slash","Masterful Stab"],"picked":"Flying Knee","floor":1},{"not_picked":["PiercingWail","Dodge and Roll"],"picked":"Backflip","floor":4},{"not_picked":["Flying Knee","Blade Dance"],"picked":"Poisoned Stab","floor":5},{"not_picked":["Quick Slash","Outmaneuver"],"picked":"Heel Hook","floor":6},{"not_picked":["Endless Agony","Poisoned Stab"],"picked":"Footwork","floor":7},{"not_picked":["Backstab","Distraction"],"picked":"Footwork","floor":12},{"not_picked":["Acrobatics","Dagger Throw","Malaise"],"picked":"Escape Plan","floor":13},{"not_picked":["Backflip","Prepared","Slice","Acrobatics"],"picked":"SKIP","floor":14},{"not_picked":["Bullet Time","Malaise","Doppelganger"],"picked":"Adrenaline","floor":16},{"not_picked":["Backflip","Deflect","Blade Dance"],"picked":"Cloak And Dagger","floor":18},{"not_picked":["Backflip","Caltrops","Outmaneuver"],"picked":"Deadly Poison+1","floor":20}],"player_experience":228590,"relics_obtained":[{"floor":7,"key":"War Paint"},{"floor":9,"key":"Regal Pillow"},{"floor":12,"key":"Question Card"}],"event_choices":[{"damage_healed":0,"gold_gain":75,"player_choice":"Gather Gold","damage_taken":11,"max_hp_gain":0,"max_hp_loss":0,"event_name":"World of Goop","floor":2,"gold_loss":0},{"damage_healed":0,"gold_gain":0,"player_choice":"Donut","damage_taken":0,"max_hp_gain":5,"max_hp_loss":0,"event_name":"Big Fish","floor":3,"gold_loss":0},{"damage_healed":0,"gold_gain":0,"player_choice":"Entered Light","damage_taken":15,"max_hp_gain":0,"max_hp_loss":0,"event_name":"Shining Light","floor":11,"gold_loss":0,"cards_upgraded":["Defend_G","Defend_G"]},{"damage_healed":0,"gold_gain":0,"player_choice":"CARD ","damage_taken":14,"max_hp_gain":0,"max_hp_loss":0,"event_name":"Knowing Skull","floor":19,"potions_obtained":[],"gold_loss":0,"cards_obtained":["Good Instincts"]}],"is_beta":false,"boss_relics":[{"not_picked":["Astrolabe","Lizard Tail"],"picked":"Sozu"}],"items_purged_floors":[],"is_endless":false,"potions_floor_spawned":[5,6,7,13],"killed_by":"Centurion and Healer","ascension_level":7}