{"gold_per_floor":[369,369,10,21,41,41,74,74,128,139,139,156,189,189,189,291,291,277,292,321,321],"floor_reached":21,"playtime":1054,"items_purged":["Strike_B"],"score":265,"play_id":"30192510-a715-4c5b-98ab-b1c11ec73f3e","local_time":"20190920055825","is_ascension_mode":true,"campfire_choices":[{"data":"Static Discharge","floor":6,"key":"SMITH"},{"floor":11,"key":"REST"},{"floor":15,"key":"REST"}],"neow_cost":"TEN_PERCENT_HP_LOSS","seed_source_timestamp":3322832610964700,"circlet_count":0,"master_deck":["Strike_B","Strike_B","Defend_B+1","Defend_B","Defend_B","Defend_B+1","Zap","Dualcast","Darkness","Static Discharge+1","Dramatic Entrance","Conserve Battery","Sweeping Beam","Leap","Buffer","Echo Form","Leap","Reboot","Amplify","Hello World","Genetic Algorithm+1","Beam Cell+1"],"relics":["Cracked Core","CultistMask","Lantern","Blood Vial","Oddly Smooth Stone","Bag of Marbles","Black Star","Red Mask"],"potions_floor_usage":[13,18,20,21],"damage_taken":[{"damage":0,"enemies":"2 Louse","floor":1,"turns":3},{"damage":1,"enemies":"Cultist","floor":4,"turns":3},{"damage":2,"enemies":"Jaw Worm","floor":5,"turns":3},{"damage":18,"enemies":"Lagavulin","floor":7,"turns":5},{"damage":1,"enemies":"Red Slaver","floor":10,"turns":4},{"damage":12,"enemies":"2 Fungi Beasts","floor":12,"turns":2},{"damage":10,"enemies":"3 Sentries","floor":13,"turns":5},{"damage":17,"enemies":"Slime Boss","floor":16,"turns":7},{"damage":22,"enemies":"2 Thieves","floor":18,"turns":4},{"damage":0,"enemies":"3 Byrds","floor":19,"turns":5},{"damage":15,"enemies":"Masked Bandits","floor":20,"turns":4},{"damage":43,"enemies":"Cultist and Chosen","floor":21,"turns":5}],"seed_played":"1930440434426305315","potions_obtained":[{"floor":1,"key":"Poison Potion"},{"floor":4,"key":"Strength Potion"},{"floor":5,"key":"Regen Potion"},{"floor":18,"key":"Weak Potion"}],"is_trial":false,"path_per_floor":["M","?","$","M","M","R","E","?","T","M","R","M","E","?","R","B",null,"M","M","?","M"],"character_chosen":"DEFECT","items_purchased":["Lantern","Static Discharge","Dramatic Entrance"],"campfire_rested":2,"item_purchase_floors":[3,3,3],"current_hp_per_floor":[68,68,68,67,65,65,47,47,47,48,68,56,60,46,66,51,64,44,46,33,0],"gold":321,"neow_bonus":"TWO_FIFTY_GOLD","is_prod":false,"is_daily":false,"chose_seed":false,"campfire_upgraded":1,"win_rate":0,"timestamp":1568951905,"path_taken":["M","?","$","M","?","R","E","?","T","M","R","?","E","?","R","BOSS","M","M","?","M"],"build_version":"2019-07-17","purchased_purges":1,"victory":false,"max_hp_per_floor":[68,68,68,68,68,68,68,68,68,68,68,68,68,68,68,68,68,68,68,68,68],"card_choices":[{"not_picked":["Lockon","Sweeping Beam"],"picked":"Darkness","floor":1},{"not_picked":["Go for the Eyes","Streamline"],"picked":"Conserve Battery","floor":4},{"not_picked":["Cold Snap","Skim"],"picked":"Sweeping Beam","floor":5},{"not_picked":["Streamline","Darkness"],"picked":"Leap","floor":7},{"not_picked":["Sweeping Beam","Steam Power"],"picked":"Echo Form","floor":10},{"not_picked":["Beam Cell","Compile Driver"],"picked":"Leap","floor":12},{"not_picked":["Rip and Tear","Stack"],"picked":"Reboot","floor":13},{"not_picked":["Hyperbeam","Echo Form"],"picked":"Amplify","floor":16},{"not_picked":["Streamline+1","FTL+1"],"picked":"Hello World","floor":18},{"not_picked":["Barrage","Go for the Eyes"],"picked":"Genetic Algorithm+1","floor":19},{"not_picked":["Ball Lightning","Gash"],"picked":"Beam Cell+1","floor":20}],"player_experience":264590,"relics_obtained":[{"floor":7,"key":"Blood Vial"},{"floor":9,"key":"Oddly Smooth Stone"},{"floor":13,"key":"Bag of Marbles"},{"floor":20,"key":"Red Mask"}],"event_choices":[{"damage_healed":0,"gold_gain":0,"player_choice":"Trade","damage_taken":0,"relics_obtained":["CultistMask"],"max_hp_gain":0,"max_hp_loss":0,"event_name":"FaceTrader","floor":2,"gold_loss":0},{"damage_healed":0,"gold_gain":0,"cards_transformed":["Strike_B"],"player_choice":"Transformed","damage_taken":0,"max_hp_gain":0,"max_hp_loss":0,"event_name":"Transmorgrifier","floor":8,"gold_loss":0,"cards_obtained":["Buffer"]},{"damage_healed":0,"gold_gain":0,"player_choice":"Entered Light","damage_taken":14,"max_hp_gain":0,"max_hp_loss":0,"event_name":"Shining Light","floor":14,"gold_loss":0,"cards_upgraded":["Defend_B","Defend_B"]},{"damage_healed":0,"gold_gain":0,"player_choice":"Fought Bandits","damage_taken":0,"max_hp_gain":0,"max_hp_loss":0,"event_name":"Masked Bandits","floor":20,"gold_loss":0}],"is_beta":false,"boss_relics":[{"not_picked":["Lizard Tail","Empty Cage"],"picked":"Black Star"}],"items_purged_floors":[3],"is_endless":false,"potions_floor_spawned":[1,4,5,18],"killed_by":"Cultist and Chosen","ascension_level":8}