{"gold_per_floor":[118,293,304,323,54,54,79,79,105,122,122,22,49,65,65,160,160,179,190,209,222,232,232,265,215,266,266,277,277,104,122,122,223,273,289,289,389,408,408,427,443,443,470,398,398,178,178,192,192,192],"floor_reached":51,"playtime":9997,"items_purged":["Doubt","Strike_B","Strike_B","Defend_B"],"score":744,"play_id":"fc35e10e-7ebb-4431-af1b-4cafac09800d","local_time":"20191003012941","is_ascension_mode":false,"campfire_choices":[{"data":"Lockon","floor":6.0,"key":"SMITH"},{"data":"Undo","floor":8.0,"key":"SMITH"},{"data":"Creative AI","floor":11.0,"key":"SMITH"},{"data":"Genetic Algorithm","floor":15.0,"key":"SMITH"},{"data":"Force Field","floor":23.0,"key":"SMITH"},{"data":"Self Repair","floor":27.0,"key":"SMITH"},{"data":"Reboot","floor":29.0,"key":"SMITH"},{"data":"Dualcast","floor":32.0,"key":"SMITH"},{"data":"Defragment","floor":42.0,"key":"SMITH"},{"data":"Capacitor","floor":47.0,"key":"SMITH"},{"data":"Storm","floor":49.0,"key":"SMITH"}],"neow_cost":"NONE","seed_source_timestamp":1220147904422624,"circlet_count":0,"master_deck":["Strike_B","Strike_B","Defend_B+1","Defend_B","Defend_B+1","Zap+1","Dualcast+1","Self Repair+1","Undo+1","Lockon+1","Storm+1","Creative AI+1","Force Field+1","Genetic Algorithm+1","Reboot+1","Chill+1","Skim","Thunder Strike","Go for the Eyes+1","Static Discharge+1","Defragment+1","Capacitor+1","Doom and Gloom+1"],"special_seed":0,"relics":["Cracked Core","Lee\u0027s Waffle","Odd Mushroom","War Paint","Orichalcum","Coffee Dripper","Question Card","Pen Nib","Tiny House","Peace Pipe","Strawberry","Ice Cream"],"potions_floor_usage":[50,50,50],"damage_taken":[{"damage":0.0,"enemies":"Jaw Worm","floor":1.0,"turns":4.0},{"damage":3.0,"enemies":"2 Louse","floor":3.0,"turns":4.0},{"damage":0.0,"enemies":"Small Slimes","floor":4.0,"turns":2.0},{"damage":3.0,"enemies":"The Mushroom Lair","floor":7.0,"turns":4.0},{"damage":9.0,"enemies":"Gremlin Gang","floor":10.0,"turns":6.0},{"damage":9.0,"enemies":"Gremlin Nob","floor":13.0,"turns":4.0},{"damage":0.0,"enemies":"Large Slime","floor":14.0,"turns":4.0},{"damage":5.0,"enemies":"The Guardian","floor":16.0,"turns":8.0},{"damage":1.0,"enemies":"Spheric Guardian","floor":18.0,"turns":6.0},{"damage":5.0,"enemies":"Chosen","floor":19.0,"turns":5.0},{"damage":17.0,"enemies":"Snecko","floor":20.0,"turns":7.0},{"damage":3.0,"enemies":"Shelled Parasite and Fungi","floor":21.0,"turns":7.0},{"damage":14.0,"enemies":"Snake Plant","floor":22.0,"turns":5.0},{"damage":36.0,"enemies":"Gremlin Leader","floor":24.0,"turns":7.0},{"damage":5.0,"enemies":"Snecko","floor":28.0,"turns":4.0},{"damage":8.0,"enemies":"Cultist and Chosen","floor":31.0,"turns":6.0},{"damage":20.0,"enemies":"Champ","floor":33.0,"turns":11.0},{"damage":0.0,"enemies":"3 Shapes","floor":35.0,"turns":5.0},{"damage":8.0,"enemies":"Mind Bloom Boss Battle","floor":37.0,"turns":6.0},{"damage":3.0,"enemies":"Orb Walker","floor":38.0,"turns":5.0},{"damage":2.0,"enemies":"Transient","floor":40.0,"turns":5.0},{"damage":21.0,"enemies":"Jaw Worm Horde","floor":41.0,"turns":5.0},{"damage":7.0,"enemies":"4 Shapes","floor":48.0,"turns":6.0},{"damage":72,"enemies":"Awakened One","floor":50,"turns":11}],"seed_played":"4182285265994554049","potions_obtained":[{"floor":1.0,"key":"Fire Potion"},{"floor":4.0,"key":"SteroidPotion"},{"floor":13.0,"key":"Energy Potion"},{"floor":14.0,"key":"GamblersBrew"},{"floor":16.0,"key":"Strength Potion"},{"floor":18.0,"key":"EssenceOfSteel"},{"floor":20.0,"key":"EssenceOfSteel"},{"floor":22.0,"key":"FocusPotion"},{"floor":24.0,"key":"Poison Potion"},{"floor":31.0,"key":"PowerPotion"},{"floor":34.0,"key":"SpeedPotion"},{"floor":38.0,"key":"SteroidPotion"}],"is_trial":false,"path_per_floor":["M","?","M","M","$","R","?","R","T","M","R","$","E","M","R","B",null,"M","M","M","M","M","R","E","?","T","R","M","R","$","M","R","B",null,"M","?","?","M","?","M","M","R","T","$","T","$","R","M","R","B",null],"character_chosen":"DEFECT","items_purchased":["Lee\u0027s Waffle","Block Potion","FocusPotion","Capacitor"],"campfire_rested":0,"item_purchase_floors":[5,30,44,46],"current_hp_per_floor":[75,75,75,75,82,82,79,79,79,77,77,77,75,82,82,77,82,82,82,72,76,69,69,40,40,40,40,45,45,45,47,47,37,87,87,83,83,83,83,81,70,70,77,77,77,77,77,80,80,18],"gold":192,"neow_bonus":"UPGRADE_CARD","is_prod":false,"is_daily":false,"chose_seed":false,"campfire_upgraded":11,"win_rate":0,"timestamp":1570058981,"path_taken":["M","?","M","M","$","R","?","R","T","M","R","?","E","M","R","BOSS","M","M","M","M","M","R","E","?","T","R","M","R","$","?","R","BOSS","M","?","?","M","?","M","M","R","T","$","?","$","R","M","R","BOSS"],"build_version":"2019-07-17","purchased_purges":4,"victory":true,"max_hp_per_floor":[75,75,75,75,82,82,82,82,82,82,82,82,82,82,82,82,82,82,82,82,82,82,82,82,82,82,82,82,82,82,82,82,82,87,87,83,83,83,83,83,83,83,90,90,90,90,90,90,90,90],"card_choices":[{"not_picked":["Coolheaded","Sweeping Beam"],"picked":"Self Repair","floor":1.0},{"not_picked":["Stack","Self Repair"],"picked":"Undo","floor":3.0},{"not_picked":["Cold Snap","Compile Driver"],"picked":"Lockon","floor":4.0},{"not_picked":["Go for the Eyes","Redo"],"picked":"Storm","floor":7.0},{"not_picked":["Melter","Consume"],"picked":"Creative AI","floor":10.0},{"not_picked":["Fusion","Defragment"],"picked":"Force Field","floor":13.0},{"not_picked":["Beam Cell","Static Discharge"],"picked":"Genetic Algorithm","floor":14.0},{"not_picked":["Meteor Strike","Multi-Cast"],"picked":"Reboot","floor":16.0},{"not_picked":["Ball Lightning+1","Streamline","Compile Driver"],"picked":"SKIP","floor":18.0},{"not_picked":["BootSequence+1","Steam Power","Double Energy"],"picked":"SKIP","floor":19.0},{"not_picked":["Beam Cell","Reprogram"],"picked":"Chill","floor":20.0},{"not_picked":["Stack","Aggregate","Cold Snap+1"],"picked":"SKIP","floor":21.0},{"not_picked":["Chill","Storm","Rebound"],"picked":"SKIP","floor":22.0},{"not_picked":["Doom and Gloom","Conserve Battery"],"picked":"Skim","floor":24.0},{"not_picked":["Steam+1","BootSequence","Lockon","Sweeping Beam"],"picked":"SKIP","floor":28.0},{"not_picked":["Steam+1","BootSequence","Lockon","Sweeping Beam"],"picked":"SKIP","floor":28.0},{"not_picked":["Conserve Battery","Barrage","Compile Driver","Darkness"],"picked":"SKIP","floor":31.0},{"not_picked":["Fission","Echo Form","All For One"],"picked":"Thunder Strike","floor":33.0},{"not_picked":["Streamline+1","Loop","Rebound+1"],"picked":"Go for the Eyes+1","floor":35.0},{"not_picked":["Cold Snap","Redo","Skim"],"picked":"Static Discharge+1","floor":38.0},{"not_picked":["Hologram","Coolheaded","Ball Lightning","Consume"],"picked":"SKIP","floor":40.0},{"not_picked":["Cold Snap+1","Rebound+1","Chaos"],"picked":"Defragment","floor":41.0},{"not_picked":["Rebound+1","Glacier","Hologram"],"picked":"Doom and Gloom+1","floor":48.0}],"player_experience":305379,"relics_obtained":[{"floor":7.0,"key":"Odd Mushroom"},{"floor":9.0,"key":"War Paint"},{"floor":13.0,"key":"Orichalcum"},{"floor":24.0,"key":"Question Card"},{"floor":26.0,"key":"Pen Nib"},{"floor":37.0,"key":"Peace Pipe"},{"floor":43.0,"key":"Strawberry"},{"floor":45.0,"key":"Ice Cream"}],"event_choices":[{"damage_healed":0.0,"max_hp_gain":0.0,"max_hp_loss":0.0,"gold_gain":175.0,"event_name":"Liars Game","player_choice":"AGREE","floor":2.0,"gold_loss":0.0,"damage_taken":0.0,"cards_obtained":["Doubt"]},{"damage_healed":0.0,"max_hp_gain":0.0,"max_hp_loss":0.0,"gold_gain":0.0,"event_name":"Mushrooms","player_choice":"Fought Mushrooms","floor":7.0,"gold_loss":0.0,"damage_taken":0.0},{"damage_healed":0.0,"max_hp_gain":0.0,"max_hp_loss":0.0,"gold_gain":0.0,"event_name":"The Joust","player_choice":"Bet on Murderer","floor":25.0,"gold_loss":50.0,"damage_taken":0.0},{"damage_healed":0.0,"max_hp_gain":0.0,"max_hp_loss":4.0,"gold_gain":0.0,"event_name":"Winding Halls","player_choice":"Max HP","floor":36.0,"gold_loss":0.0,"damage_taken":0.0},{"damage_healed":0.0,"max_hp_gain":0.0,"max_hp_loss":0.0,"gold_gain":0.0,"event_name":"MindBloom","player_choice":"Fight","floor":37.0,"gold_loss":0.0,"damage_taken":0.0},{"damage_healed":0.0,"max_hp_gain":0.0,"max_hp_loss":0.0,"gold_gain":0.0,"event_name":"Mysterious Sphere","player_choice":"Ignored","floor":39.0,"gold_loss":0.0,"damage_taken":0.0}],"is_beta":false,"boss_relics":[{"not_picked":["Nuclear Battery","Runic Pyramid"],"picked":"Coffee Dripper"},{"not_picked":["Lizard Tail","Eternal Feather"],"picked":"Tiny House"}],"items_purged_floors":[5,12,30,46],"is_endless":false,"potions_floor_spawned":[1,4,13,14,16,18,20,22,24,31,38,40,41],"ascension_level":0}