{"gold_per_floor":[117,132,132,132,132,176,195,195,195,195,216,216,234,253,253,383,383,383,61,61,61,61,61,11,11,11,11,11,11,11,11,11,11],"floor_reached":33,"playtime":684,"items_purged":["Regret"],"score":265,"play_id":"58cd7a11-8667-4924-862e-73abe92131c8","local_time":"20190908123603","is_ascension_mode":false,"campfire_choices":[{"floor":8,"key":"REST"},{"data":"Heavy Blade","floor":12,"key":"SMITH"},{"floor":15,"key":"REST"},{"data":"Uppercut","floor":27,"key":"SMITH"},{"floor":29,"key":"REST"},{"data":"Rage","floor":32,"key":"SMITH"}],"neow_cost":"NONE","seed_source_timestamp":745212687157400,"circlet_count":0,"master_deck":["Strike_R","Strike_R","Strike_R+1","Strike_R","Strike_R","Defend_R+1","Defend_R","Defend_R","Defend_R","Bash","Spot Weakness","Pommel Strike","Heavy Blade+1","Cleave","Rage","Berserk+1","Uppercut+1","Flex","Rage+1","Spot Weakness","Writhe","Havoc+1"],"relics":["Burning Blood","Strawberry","Bloody Idol","Frozen Egg 2","Bird Faced Urn","Kunai","Ectoplasm","Brimstone","Calipers","Mummified Hand","Mercury Hourglass"],"potions_floor_usage":[6,11,13,18,23,30],"damage_taken":[{"damage":12,"enemies":"Small Slimes","floor":1,"turns":3},{"damage":12,"enemies":"2 Louse","floor":2,"turns":3},{"damage":27,"enemies":"Gremlin Nob","floor":6,"turns":5},{"damage":0,"enemies":"Cultist","floor":7,"turns":3},{"damage":18,"enemies":"Large Slime","floor":11,"turns":4},{"damage":0,"enemies":"3 Louse","floor":13,"turns":1},{"damage":16,"enemies":"Red Slaver","floor":14,"turns":3},{"damage":33,"enemies":"Slime Boss","floor":16,"turns":10},{"damage":53,"enemies":"3 Byrds","floor":18,"turns":6},{"damage":20,"enemies":"Shell Parasite","floor":20,"turns":3},{"damage":32,"enemies":"Centurion and Healer","floor":23,"turns":4},{"damage":2,"enemies":"3 Cultists","floor":25,"turns":3},{"damage":41,"enemies":"Book of Stabbing","floor":30,"turns":4},{"damage":21,"enemies":"Colosseum Slavers","floor":31,"turns":2},{"damage":42,"enemies":"Automaton","floor":33,"turns":4}],"seed_played":"-4872969310993264051","potions_obtained":[{"floor":1,"key":"Weak Potion"},{"floor":10,"key":"Block Potion"},{"floor":10,"key":"FearPotion"},{"floor":10,"key":"BloodPotion"},{"floor":11,"key":"Explosive Potion"},{"floor":16,"key":"BloodPotion"},{"floor":20,"key":"Ancient Potion"},{"floor":30,"key":"Energy Potion"}],"is_trial":false,"path_per_floor":["M","M","?","?","?","E","M","R","T","?","M","R","M","M","R","B",null,"M","$","M","?","$","M","?","M","T","R","?","R","E","?","R","B"],"character_chosen":"IRONCLAD","items_purchased":["Flex","Brimstone"],"campfire_rested":3,"item_purchase_floors":[19,19],"current_hp_per_floor":[81,75,54,54,37,16,22,48,48,48,36,36,42,32,58,31,87,61,61,49,49,49,46,46,52,52,52,52,78,45,30,30,0],"gold":11,"neow_bonus":"RANDOM_COMMON_RELIC","is_prod":false,"is_daily":false,"chose_seed":false,"campfire_upgraded":3,"win_rate":0,"timestamp":1567938963,"path_taken":["M","M","?","?","?","E","M","R","T","?","?","R","M","M","R","BOSS","M","$","M","?","$","M","?","?","T","R","?","R","E","?","R","BOSS"],"build_version":"2019-07-17","purchased_purges":1,"victory":false,"max_hp_per_floor":[87,87,87,87,87,87,87,87,87,87,87,87,87,87,87,87,87,87,87,87,87,87,87,87,87,87,87,87,87,87,87,87,87],"card_choices":[{"not_picked":["Uppercut","Clash","Metallicize"],"picked":"SKIP","floor":1},{"not_picked":["Clothesline","Wild Strike"],"picked":"Spot Weakness","floor":2},{"not_picked":["Armaments","Havoc"],"picked":"Pommel Strike","floor":6},{"not_picked":["Pommel Strike","Thunderclap"],"picked":"Heavy Blade","floor":7},{"not_picked":["Twin Strike","Pummel"],"picked":"Cleave","floor":11},{"not_picked":["Warcry","Dual Wield","Fiend Fire"],"picked":"SKIP","floor":13},{"not_picked":["True Grit","Anger"],"picked":"Rage","floor":14},{"not_picked":["Brutality+1","Barricade+1"],"picked":"Berserk+1","floor":16},{"not_picked":["Shrug It Off","Perfected Strike"],"picked":"Uppercut","floor":18},{"not_picked":["Battle Trance+1","Disarm"],"picked":"Rage","floor":20},{"not_picked":["Twin Strike","Fire Breathing+1"],"picked":"Spot Weakness","floor":23},{"not_picked":["Armaments","Dual Wield+1","Shrug It Off"],"picked":"SKIP","floor":25},{"not_picked":["Uppercut+1","Perfected Strike"],"picked":"Havoc+1","floor":30}],"player_experience":228323,"relics_obtained":[{"floor":6,"key":"Bird Faced Urn"},{"floor":9,"key":"Kunai"},{"floor":26,"key":"Calipers"},{"floor":30,"key":"Mercury Hourglass"}],"event_choices":[{"damage_healed":0,"gold_gain":0,"player_choice":"Take Damage","damage_taken":21,"relics_obtained":["Golden Idol"],"max_hp_gain":0,"max_hp_loss":0,"event_name":"Golden Idol","floor":3,"gold_loss":0},{"damage_healed":0,"gold_gain":0,"player_choice":"Box","damage_taken":0,"relics_obtained":["Frozen Egg 2"],"max_hp_gain":0,"max_hp_loss":0,"event_name":"Big Fish","floor":4,"gold_loss":0,"cards_obtained":["Regret"]},{"damage_healed":0,"gold_gain":0,"player_choice":"Entered Light","damage_taken":17,"max_hp_gain":0,"max_hp_loss":0,"event_name":"Shining Light","floor":5,"gold_loss":0,"cards_upgraded":["Strike_R","Defend_R"]},{"damage_healed":0,"gold_gain":0,"player_choice":"Got Potions","damage_taken":0,"max_hp_gain":0,"max_hp_loss":0,"event_name":"Lab","floor":10,"gold_loss":0},{"damage_healed":0,"gold_gain":0,"player_choice":"Gave Idol","damage_taken":0,"relics_obtained":["Bloody Idol"],"max_hp_gain":0,"max_hp_loss":0,"event_name":"Forgotten Altar","floor":21,"relics_lost":["Golden Idol"],"gold_loss":0},{"damage_healed":0,"gold_gain":100,"player_choice":"Bet on Murderer","damage_taken":0,"max_hp_gain":0,"max_hp_loss":0,"event_name":"The Joust","floor":24,"gold_loss":50},{"damage_healed":0,"gold_gain":0,"player_choice":"Opened","damage_taken":0,"relics_obtained":["Mummified Hand"],"max_hp_gain":0,"max_hp_loss":0,"event_name":"The Mausoleum","floor":28,"gold_loss":0,"cards_obtained":["Writhe"]},{"damage_healed":0,"gold_gain":0,"player_choice":"Fight","damage_taken":0,"max_hp_gain":0,"max_hp_loss":0,"event_name":"Colosseum","floor":31,"gold_loss":0},{"damage_healed":0,"gold_gain":0,"player_choice":"Fled From Nobs","damage_taken":0,"max_hp_gain":0,"max_hp_loss":0,"event_name":"Colosseum","floor":31,"gold_loss":0}],"is_beta":false,"boss_relics":[{"not_picked":["Calling Bell","Black Star"],"picked":"Ectoplasm"}],"items_purged_floors":[19],"is_endless":false,"potions_floor_spawned":[1,11,16,20,30,31],"killed_by":"Automaton","ascension_level":0}