{"gold_per_floor":[119,119,44,64,64,64,92,92,92,92,110,124,124,137,137,238,238,238,238,238,238,238,238,238,238,238,1,1,1,1,1,1,1,1,1,1,1,1,0,0,0,0,0,0,0,0,0,0,0,0],"floor_reached":51,"playtime":2474,"items_purged":["Defend_B","Strike_B"],"score":782,"play_id":"e14649a4-d546-4e89-af7f-e14545ed2f63","local_time":"20180718000202","is_ascension_mode":true,"campfire_choices":[{"data":"Hologram","floor":6,"key":"SMITH"},{"data":"Seek","floor":8,"key":"SMITH"},{"data":"Coolheaded","floor":10,"key":"SMITH"},{"floor":15,"key":"REST"},{"data":"Gash","floor":23,"key":"SMITH"},{"floor":25,"key":"REST"},{"floor":32,"key":"REST"},{"data":"Dualcast","floor":40,"key":"PURGE"},{"data":"Defend_B","floor":42,"key":"PURGE"},{"data":"Zap","floor":46,"key":"PURGE"},{"floor":49,"key":"REST"}],"neow_cost":"NONE","seed_source_timestamp":452927318152774,"circlet_count":0,"master_deck":["Strike_B","Defend_B","Defend_B","Gash+1","Hologram+1","Gash","Coolheaded+1","Sweeping Beam","Seek+1","Go for the Eyes","BootSequence","Rebound","Hologram","Conserve Battery","All For One","Gash","Leap+1","Glacier+1","Steam","Steam+1","Chill"],"relics":["Orrery","Mango","Dodecahedron","Ectoplasm","Bag of Marbles","Art of War","Shuriken","Lizard Tail","NlothsMask","Peace Pipe","Red Mask","Potion Belt"],"potions_floor_usage":[12,16,18,22,24,30,48,50,50],"damage_taken":[{"damage":2,"enemies":"2 Louse","floor":1,"turns":3},{"damage":3,"enemies":"Small Slimes","floor":4,"turns":4},{"damage":34,"enemies":"Gremlin Nob","floor":7,"turns":5},{"damage":4,"enemies":"Cultist","floor":11,"turns":4},{"damage":9,"enemies":"Large Slime","floor":12,"turns":6},{"damage":2,"enemies":"2 Fungi Beasts","floor":14,"turns":3},{"damage":36,"enemies":"The Guardian","floor":16,"turns":10},{"damage":0,"enemies":"Chosen","floor":18,"turns":4},{"damage":16,"enemies":"3 Byrds","floor":19,"turns":5},{"damage":24,"enemies":"3 Cultists","floor":20,"turns":6},{"damage":20,"enemies":"Cultist and Chosen","floor":22,"turns":6},{"damage":32,"enemies":"Sentry and Sphere","floor":24,"turns":6},{"damage":15,"enemies":"Slavers","floor":28,"turns":6},{"damage":16,"enemies":"Gremlin Leader","floor":30,"turns":5},{"damage":13,"enemies":"Champ","floor":33,"turns":7},{"damage":0,"enemies":"Orb Walker","floor":35,"turns":2},{"damage":0,"floor":37,"turns":3},{"damage":29,"enemies":"3 Shapes","floor":41,"turns":2},{"damage":17,"enemies":"Sphere and 2 Shapes","floor":44,"turns":5},{"damage":10,"enemies":"2 Orb Walkers","floor":45,"turns":5},{"damage":0,"enemies":"Spire Growth","floor":47,"turns":3},{"damage":30,"enemies":"Flame Bruiser 2 Orb","floor":48,"turns":6},{"damage":59,"enemies":"Time Eater","floor":50,"turns":15}],"seed_played":"3907460647522713637","potions_obtained":[{"floor":7,"key":"PowerPotion"},{"floor":11,"key":"Poison Potion"},{"floor":16,"key":"SkillPotion"},{"floor":20,"key":"Weak Potion"},{"floor":21,"key":"Poison Potion"},{"floor":21,"key":"FairyPotion"},{"floor":28,"key":"SteroidPotion"},{"floor":33,"key":"GamblersBrew"},{"floor":37,"key":"Block Potion"},{"floor":45,"key":"GamblersBrew"},{"floor":47,"key":"FocusPotion"}],"is_trial":false,"path_per_floor":["M","?","$","M","$","R","E","R","T","R","M","M","?","M","R","B",null,"M","M","M","?","M","R","M","R","T","$","E","?","E","?","R","B",null,"M","?","?","$","?","R","M","R","T","M","E","R","M","M","R","B"],"character_chosen":"DEFECT","items_purchased":["All For One"],"campfire_rested":4,"item_purchase_floors":[27],"current_hp_per_floor":[73,73,73,70,70,70,50,50,50,50,46,37,30,28,54,18,89,89,73,49,49,29,29,8,34,34,34,19,48,32,32,58,45,89,89,89,89,89,89,89,60,60,60,43,33,33,33,3,29,23],"gold":0,"neow_bonus":"BOSS_RELIC","is_prod":false,"is_daily":false,"chose_seed":false,"campfire_upgraded":4,"win_rate":0,"timestamp":1531864922,"path_taken":["M","?","$","M","$","R","E","R","T","R","M","M","?","M","R","BOSS","M","M","M","?","M","R","M","R","T","$","E","?","E","?","R","BOSS","M","?","?","$","?","R","?","R","T","M","E","R","M","M","R","BOSS"],"build_version":"2018-07-12","purchased_purges":2,"victory":true,"max_hp_per_floor":[75,75,75,75,75,75,89,89,89,89,89,89,89,89,89,89,89,89,89,89,89,89,89,89,89,89,89,89,89,89,89,89,89,89,89,89,89,89,89,89,89,89,89,89,89,89,89,89,89,89],"card_choices":[{"not_picked":["Hologram","Sweeping Beam"],"picked":"Gash","floor":0},{"not_picked":["Ball Lightning","Steam"],"picked":"Hologram","floor":0},{"not_picked":["Stack","Aggregate"],"picked":"Gash","floor":0},{"not_picked":["Heatsinks","Rainbow"],"picked":"Coolheaded","floor":0},{"not_picked":["Barrage","Melter"],"picked":"Sweeping Beam","floor":0},{"not_picked":["Rip and Tear","Melter"],"picked":"Seek","floor":1},{"not_picked":["Turbo","Consume"],"picked":"Go for the Eyes","floor":4},{"not_picked":["Beam Cell","Ball Lightning"],"picked":"BootSequence","floor":7},{"not_picked":["Capacitor","Beam Cell","Doom and Gloom"],"picked":"SKIP","floor":11},{"not_picked":["Steam","Consume"],"picked":"Rebound","floor":12},{"not_picked":["Darkness","Sweeping Beam","Beam Cell"],"picked":"SKIP","floor":14},{"not_picked":["Barrage+1","Rebound"],"picked":"Hologram","floor":18},{"not_picked":["Beam Cell","Double Energy","Streamline"],"picked":"SKIP","floor":19},{"not_picked":["Barrage","Turbo+1","Streamline"],"picked":"SKIP","floor":20},{"not_picked":["Barrage","Blizzard+1"],"picked":"Conserve Battery","floor":22},{"not_picked":["Conserve Battery","Redo","Turbo"],"picked":"SKIP","floor":24},{"not_picked":["Ball Lightning","Barrage+1","Sweeping Beam"],"picked":"SKIP","floor":28},{"not_picked":["Core Surge","FTL"],"picked":"Gash","floor":30},{"not_picked":["Blizzard+1","Conserve Battery+1"],"picked":"Leap+1","floor":35},{"not_picked":["Self Repair+1","Darkness+1"],"picked":"Glacier+1","floor":37},{"not_picked":["Glacier","Ball Lightning+1"],"picked":"Steam","floor":41},{"not_picked":["Redo","Barrage","Recycle"],"picked":"SKIP","floor":44},{"not_picked":["Hologram+1","Tempest+1"],"picked":"Steam+1","floor":45},{"not_picked":["Cold Snap+1","Chaos"],"picked":"Chill","floor":47},{"not_picked":["Leap","Storm+1","Hello World"],"picked":"SKIP","floor":48}],"player_experience":66086,"relics_obtained":[{"floor":7,"key":"Mango"},{"floor":9,"key":"Dodecahedron"},{"floor":26,"key":"Bag of Marbles"},{"floor":28,"key":"Art of War"},{"floor":30,"key":"Shuriken"},{"floor":37,"key":"Peace Pipe"},{"floor":45,"key":"Potion Belt"}],"event_choices":[{"event_name":"Living Wall","player_choice":"Forget","floor":2,"damage_taken":0},{"event_name":"Golden Wing","player_choice":"Card Removal","floor":13,"damage_taken":0},{"event_name":"The Lab","player_choice":"Got Potions","floor":21,"damage_taken":0},{"event_name":"The Library","player_choice":"Heal","floor":29,"damage_taken":0},{"event_name":"Beggar","player_choice":"Ignored","floor":31,"damage_taken":0},{"event_name":"FaceTrader","player_choice":"Trade","floor":36,"damage_taken":0},{"event_name":"MindBloom","player_choice":"Fight","floor":37,"damage_taken":0},{"event_name":"Tomb of Lord Red Mask","player_choice":"Paid","floor":39,"damage_taken":0}],"boss_relics":[{"not_picked":["Eternal Feather","Fusion Hammer"],"picked":"Ectoplasm"},{"not_picked":["Tiny House","Coffee Dripper"],"picked":"Lizard Tail"}],"items_purged_floors":[3,27],"is_endless":false,"potions_floor_spawned":[7,11,16,20,28,33,37,45,47],"ascension_level":2}