{"gold_per_floor":[110,126,139,314,334,665,665,681,749,67,32,42,59,75,75,170,170,170,110,110,10,10,10,10,10,10,10,10,10,10,10,10,10,10,10,10,10,10,10,10,10,10,10,10,10,10,10,10,10,10],"floor_reached":51,"playtime":8856,"items_purged":["Doubt","Strike_R"],"score":1138,"play_id":"5718a053-12d4-4870-8e15-c11c01b88140","local_time":"20191012225053","is_ascension_mode":true,"campfire_choices":[{"data":"Barricade","floor":7.0,"key":"SMITH"},{"data":"Entrench","floor":15.0,"key":"SMITH"},{"data":"Secret Technique","floor":23.0,"key":"SMITH"},{"data":"Dark Embrace","floor":25.0,"key":"SMITH"},{"floor":32.0,"key":"REST"},{"data":"Corruption","floor":41.0,"key":"SMITH"},{"data":"True Grit","floor":47,"key":"SMITH"},{"data":"Corruption","floor":49,"key":"SMITH"}],"neow_cost":"PERCENT_DAMAGE","seed_source_timestamp":266764405286689,"circlet_count":0,"master_deck":["Strike_R","Defend_R","Defend_R","Defend_R","Defend_R","Bash","Intimidate","Shrug It Off","True Grit+1","Barricade+1","Pommel Strike","Feed","Secret Technique+1","Heavy Blade","Entrench+1","Shrug It Off","Feed","Spot Weakness+1","Whirlwind+1","Shockwave","Dark Embrace+1","Corruption+1","Corruption+1","Limit Break","Infernal Blade+1","Rage+1","Reaper+1","Sentinel","Flex+1","Sentinel","Body Slam+1","Flex+1","Ghostly Armor+1","Warcry+1"],"special_seed":0,"relics":["Burning Blood","Dead Branch","Old Coin","Bottled Lightning","Blood Vial","Ectoplasm","Du-Vu Doll","Omamori","Bag of Marbles","Astrolabe","Dodecahedron","StoneCalendar","Happy Flower","Red Skull","Strawberry"],"potions_floor_usage":[45,48,50,50],"damage_taken":[{"damage":0.0,"enemies":"Small Slimes","floor":1.0,"turns":3.0},{"damage":1.0,"enemies":"Cultist","floor":2.0,"turns":4.0},{"damage":6.0,"enemies":"Jaw Worm","floor":3.0,"turns":4.0},{"damage":10.0,"enemies":"Large Slime","floor":5.0,"turns":9.0},{"damage":65.0,"enemies":"Gremlin Nob","floor":6.0,"turns":6.0},{"damage":16.0,"enemies":"Lots of Slimes","floor":8.0,"turns":7.0},{"damage":25.0,"enemies":"Exordium Thugs","floor":12.0,"turns":10.0},{"damage":8.0,"enemies":"Gremlin Gang","floor":13.0,"turns":6.0},{"damage":5.0,"enemies":"Looter","floor":14.0,"turns":5.0},{"damage":24.0,"enemies":"The Guardian","floor":16.0,"turns":36.0},{"damage":42.0,"enemies":"3 Byrds","floor":18.0,"turns":7.0},{"damage":9.0,"enemies":"2 Thieves","floor":19.0,"turns":4.0},{"damage":13.0,"enemies":"Centurion and Healer","floor":22.0,"turns":8.0},{"damage":10.0,"enemies":"Gremlin Leader","floor":24.0,"turns":9.0},{"damage":29.0,"enemies":"Snake Plant","floor":27.0,"turns":4.0},{"damage":6.0,"enemies":"Cultist and Chosen","floor":30.0,"turns":8.0},{"damage":13.0,"enemies":"Centurion and Healer","floor":31.0,"turns":6.0},{"damage":72.0,"enemies":"Automaton","floor":33.0,"turns":10.0},{"damage":2.0,"enemies":"3 Darklings","floor":35.0,"turns":3.0},{"damage":2.0,"enemies":"Orb Walker","floor":36.0,"turns":2.0},{"damage":21.0,"enemies":"4 Shapes","floor":37.0,"turns":5.0},{"damage":4.0,"enemies":"3 Darklings","floor":38.0,"turns":3.0},{"damage":12.0,"enemies":"Spire Growth","floor":39.0,"turns":2.0},{"damage":0.0,"enemies":"Reptomancer","floor":40.0,"turns":2.0},{"damage":6.0,"enemies":"Giant Head","floor":42.0,"turns":4.0},{"damage":15,"enemies":"Nemesis","floor":45,"turns":3},{"damage":0,"enemies":"Sphere and 2 Shapes","floor":46,"turns":6},{"damage":15,"enemies":"Reptomancer","floor":48,"turns":3},{"damage":0,"enemies":"Time Eater","floor":50,"turns":5}],"seed_played":"-3183148201706950882","potions_obtained":[{"floor":3.0,"key":"Regen Potion"},{"floor":8.0,"key":"Poison Potion"},{"floor":12.0,"key":"Block Potion"},{"floor":22.0,"key":"Dexterity Potion"},{"floor":24.0,"key":"SteroidPotion"},{"floor":30.0,"key":"SpeedPotion"},{"floor":38.0,"key":"Strength Potion"},{"floor":40.0,"key":"AttackPotion"},{"floor":42.0,"key":"BloodPotion"},{"floor":45,"key":"Dexterity Potion"}],"is_trial":false,"path_per_floor":["M","M","M","?","M","E","R","M","T","$","?","M","M","M","R","B",null,"M","M","?","$","M","R","E","R","T","M","T","?","M","M","R","B",null,"M","M","M","M","M","E","R","E","T","?","E","M","R","E","R","B",null],"character_chosen":"IRONCLAD","items_purchased":["Feed","BloodPotion","Fire Potion","Blood Vial","Secret Technique"],"campfire_rested":1,"item_purchase_floors":[10,10,10,10,10],"current_hp_per_floor":[62,67,67,67,63,19,19,9,9,9,29,15,38,44,44,31,77,49,51,51,51,52,52,53,53,53,35,35,35,43,44,81,17,98,125,128,123,137,134,143,143,146,146,146,140,154,154,162,162,162],"gold":10,"neow_bonus":"ONE_RARE_RELIC","is_prod":false,"is_daily":false,"chose_seed":false,"campfire_upgraded":7,"win_rate":0,"timestamp":1570935053,"path_taken":["M","M","M","?","M","E","R","M","T","$","?","M","M","M","R","BOSS","M","M","?","?","M","R","E","R","T","M","?","?","M","M","R","BOSS","M","M","M","?","M","E","R","E","T","?","E","M","R","E","R","BOSS"],"build_version":"2019-07-17","purchased_purges":2,"victory":true,"max_hp_per_floor":[80,80,80,80,80,80,80,80,80,80,80,83,86,89,89,92,92,98,101,101,101,107,107,110,110,110,113,113,113,119,125,125,125,125,125,128,134,137,140,143,143,146,146,146,149,155,155,162,162,162],"card_choices":[{"not_picked":["Warcry","Heavy Blade"],"picked":"Intimidate","floor":1.0},{"not_picked":["Havoc","Juggernaut"],"picked":"Shrug It Off","floor":2.0},{"not_picked":["Clothesline","Seeing Red"],"picked":"True Grit","floor":3.0},{"not_picked":["Pommel Strike","Bloodletting"],"picked":"Flex","floor":5.0},{"not_picked":["Shrug It Off","Iron Wave"],"picked":"Barricade","floor":6.0},{"not_picked":["Intimidate","Iron Wave"],"picked":"Pommel Strike","floor":8.0},{"not_picked":["Anger","Perfected Strike"],"picked":"Heavy Blade","floor":12.0},{"not_picked":["Disarm","Ghostly Armor"],"picked":"Entrench","floor":13.0},{"not_picked":["Cleave","Uppercut"],"picked":"Shrug It Off","floor":14.0},{"not_picked":["Juggernaut","Fiend Fire"],"picked":"Feed","floor":16.0},{"not_picked":["Heavy Blade","Armaments"],"picked":"Spot Weakness+1","floor":18.0},{"not_picked":["Armaments","Heavy Blade"],"picked":"Whirlwind+1","floor":19.0},{"not_picked":["Reckless Charge","Heavy Blade"],"picked":"Shockwave","floor":22.0},{"not_picked":["Wild Strike+1","Sword Boomerang"],"picked":"Dark Embrace","floor":24.0},{"not_picked":["Twin Strike","Warcry"],"picked":"Corruption","floor":27.0},{"not_picked":["Sword Boomerang","Iron Wave+1"],"picked":"Corruption","floor":30.0},{"not_picked":["Clash","Anger","Perfected Strike"],"picked":"SKIP","floor":31.0},{"not_picked":["Demon Form","Juggernaut"],"picked":"Limit Break","floor":33.0},{"not_picked":["Hemokinesis","Second Wind+1"],"picked":"Sentinel","floor":35.0},{"not_picked":["Sword Boomerang","Searing Blow"],"picked":"Flex+1","floor":36.0},{"not_picked":["Carnage+1","Clash+1"],"picked":"Sentinel","floor":37.0},{"not_picked":["Wild Strike+1","Rage"],"picked":"Body Slam+1","floor":38.0},{"not_picked":["Barricade","Heavy Blade"],"picked":"Flex+1","floor":39.0},{"not_picked":["Rage+1","Heavy Blade+1","Cleave+1"],"picked":"SKIP","floor":40.0},{"not_picked":["Power Through+1","Thunderclap","Combust+1"],"picked":"SKIP","floor":42.0},{"not_picked":["Inflame+1","Fiend Fire"],"picked":"Ghostly Armor+1","floor":45},{"not_picked":["Dual Wield+1","Iron Wave"],"picked":"Warcry+1","floor":46},{"not_picked":["Rupture+1","Anger","Headbutt+1"],"picked":"SKIP","floor":48}],"player_experience":768173,"relics_obtained":[{"floor":6.0,"key":"Old Coin"},{"floor":9.0,"key":"Bottled Lightning"},{"floor":24.0,"key":"Du-Vu Doll"},{"floor":28.0,"key":"Omamori"},{"floor":40.0,"key":"Dodecahedron"},{"floor":42.0,"key":"StoneCalendar"},{"floor":43.0,"key":"Happy Flower"},{"floor":45,"key":"Red Skull"},{"floor":48,"key":"Strawberry"}],"event_choices":[{"damage_healed":0.0,"max_hp_gain":0.0,"max_hp_loss":0.0,"gold_gain":175.0,"event_name":"Liars Game","player_choice":"AGREE","floor":4.0,"gold_loss":0.0,"damage_taken":0.0,"cards_obtained":["Doubt"]},{"damage_healed":20.0,"max_hp_gain":0.0,"max_hp_loss":0.0,"gold_gain":0.0,"event_name":"The Cleric","player_choice":"Healed","floor":11.0,"gold_loss":35.0,"damage_taken":0.0},{"damage_healed":0.0,"max_hp_gain":0.0,"max_hp_loss":0.0,"gold_gain":200.0,"event_name":"Wheel of Change","player_choice":"Gold","floor":20.0,"gold_loss":0.0,"damage_taken":0.0},{"cards_removed":["Flex"],"damage_healed":0.0,"max_hp_gain":0.0,"max_hp_loss":0.0,"gold_gain":0.0,"event_name":"WeMeetAgain","player_choice":"Gave Card","floor":29.0,"gold_loss":0.0,"damage_taken":0.0,"relics_obtained":["Bag of Marbles"]},{"damage_healed":0.0,"max_hp_gain":0.0,"max_hp_loss":0.0,"gold_gain":100.0,"event_name":"Golden Shrine","player_choice":"Pray","floor":44.0,"gold_loss":0.0,"damage_taken":0.0}],"is_beta":false,"boss_relics":[{"not_picked":["Pandora\u0027s Box","Snecko Eye"],"picked":"Ectoplasm"},{"not_picked":["Empty Cage","Mark of Pain"],"picked":"Astrolabe"}],"items_purged_floors":[10,21],"is_endless":false,"potions_floor_spawned":[3,8,12,22,24,30,38,40,42,45],"ascension_level":5}