{"gold_per_floor":[212,229,247,257,269,269,303,317,343,343,363,41,41,54,54,158,158,170,188,202,202,127,127,127,145,145,145,165,198,198,212,212,310,310,329,344,354,370,27,58,58,82,82,110,127,138,155,172,172,172],"floor_reached":51,"playtime":13630,"items_purged":["Strike_G","Defend_G"],"score":689,"play_id":"1869679a-2016-490b-b3b0-0b4bfcc028a3","local_time":"20191006030953","is_ascension_mode":false,"campfire_choices":[{"data":"All Out Attack","floor":6.0,"key":"SMITH"},{"data":"Neutralize","floor":10.0,"key":"SMITH"},{"data":"Crippling Poison","floor":15.0,"key":"SMITH"},{"floor":23.0,"key":"REST"},{"floor":27.0,"key":"REST"},{"data":"Prepared","floor":30.0,"key":"SMITH"},{"floor":32.0,"key":"REST"},{"floor":41.0,"key":"REST"},{"floor":49,"key":"REST"}],"neow_cost":"NONE","seed_source_timestamp":0,"circlet_count":0,"master_deck":["Strike_G","Strike_G","Strike_G","Defend_G","Defend_G","Defend_G","Defend_G","Survivor","Neutralize+1","Riddle With Holes","All Out Attack+1","Deflect","Predator","Backflip","Quick Slash","Crippling Poison+1","Parasite","Prepared+1","Venomology","Underhanded Strike","Backstab","Noxious Fumes","Bane+1","After Image","Tools of the Trade","Leg Sweep+1","Madness","Underhanded Strike+1","Dash+1","Deflect+1","Underhanded Strike+1","Accuracy+1"],"special_seed":0,"relics":["Ring of the Serpent","Blood Vial","Oddly Smooth Stone","Paper Crane","Nilry\u0027s Codex","Dead Branch","Molten Egg 2","Bottled Tornado","Fusion Hammer","Regal Pillow","Bronze Scales","Ancient Tea Set","Pocketwatch","Bag of Preparation"],"potions_floor_usage":[46,50,50,50,50],"damage_taken":[{"damage":2.0,"enemies":"Small Slimes","floor":1.0,"turns":4.0},{"damage":2.0,"enemies":"2 Louse","floor":2.0,"turns":4.0},{"damage":4.0,"enemies":"Jaw Worm","floor":3.0,"turns":6.0},{"damage":11.0,"enemies":"Gremlin Gang","floor":4.0,"turns":4.0},{"damage":4.0,"enemies":"Red Slaver","floor":5.0,"turns":4.0},{"damage":2.0,"enemies":"Gremlin Nob","floor":7.0,"turns":3.0},{"damage":13.0,"enemies":"Exordium Thugs","floor":8.0,"turns":5.0},{"damage":13.0,"enemies":"Large Slime","floor":11.0,"turns":6.0},{"damage":3.0,"enemies":"3 Louse","floor":14.0,"turns":2.0},{"damage":4.0,"enemies":"Hexaghost","floor":16.0,"turns":10.0},{"damage":16.0,"enemies":"Spheric Guardian","floor":18.0,"turns":7.0},{"damage":8.0,"enemies":"Chosen","floor":19.0,"turns":5.0},{"damage":5.0,"enemies":"Centurion and Healer","floor":20.0,"turns":7.0},{"damage":19.0,"enemies":"Snake Plant","floor":25.0,"turns":4.0},{"damage":15.0,"enemies":"Cultist and Chosen","floor":28.0,"turns":6.0},{"damage":7.0,"enemies":"Book of Stabbing","floor":29.0,"turns":9.0},{"damage":25.0,"enemies":"Sentry and Sphere","floor":31.0,"turns":7.0},{"damage":29.0,"enemies":"Collector","floor":33.0,"turns":11.0},{"damage":6.0,"enemies":"3 Darklings","floor":35.0,"turns":4.0},{"damage":6.0,"enemies":"Orb Walker","floor":36.0,"turns":4.0},{"damage":4.0,"enemies":"Sphere and 2 Shapes","floor":37.0,"turns":5.0},{"damage":0.0,"enemies":"Writhing Mass","floor":38.0,"turns":6.0},{"damage":19.0,"enemies":"Giant Head","floor":40.0,"turns":12.0},{"damage":4.0,"enemies":"Reptomancer","floor":44.0,"turns":8.0},{"damage":7,"enemies":"Jaw Worm Horde","floor":45,"turns":4},{"damage":0,"enemies":"Transient","floor":46,"turns":5},{"damage":6,"enemies":"3 Darklings","floor":47,"turns":4},{"damage":5,"enemies":"Sphere and 2 Shapes","floor":48,"turns":4},{"damage":39,"enemies":"Awakened One","floor":50,"turns":15}],"seed_played":"4455128917464368047","potions_obtained":[{"floor":2.0,"key":"FearPotion"},{"floor":3.0,"key":"LiquidBronze"},{"floor":8.0,"key":"LiquidBronze"},{"floor":11.0,"key":"SkillPotion"},{"floor":18.0,"key":"Energy Potion"},{"floor":31.0,"key":"Ancient Potion"},{"floor":33.0,"key":"Fire Potion"},{"floor":37.0,"key":"Block Potion"},{"floor":40.0,"key":"EssenceOfSteel"},{"floor":44.0,"key":"PowerPotion"}],"is_trial":false,"path_per_floor":["M","M","M","M","M","R","E","M","T","R","M","$","?","M","R","B",null,"M","M","M","?","?","R","T","M","T","R","M","E","R","M","R","B",null,"M","M","M","M","$","E","R","T","T","E","M","M","M","M","R","B",null],"character_chosen":"THE_SILENT","items_purchased":["Paper Crane","Regal Pillow","Madness"],"campfire_rested":5,"item_purchase_floors":[12,39,39],"current_hp_per_floor":[68,66,62,51,47,47,45,34,34,34,23,23,40,39,39,37,70,54,48,45,29,29,50,50,33,33,54,41,51,51,28,49,22,70,64,60,58,60,60,43,70,70,70,66,61,63,59,56,70,46],"gold":172,"neow_bonus":"HUNDRED_GOLD","is_prod":false,"is_daily":false,"chose_seed":false,"campfire_upgraded":4,"win_rate":0,"timestamp":1570324193,"path_taken":["M","M","M","M","M","R","E","M","T","R","M","$","?","M","R","BOSS","M","M","M","?","?","R","?","M","T","R","M","E","R","M","R","BOSS","M","?","M","M","$","E","R","?","T","E","?","M","M","M","R","BOSS"],"build_version":"2019-07-17","purchased_purges":2,"victory":true,"max_hp_per_floor":[70,70,70,70,70,70,70,70,70,70,70,70,70,70,70,70,70,70,70,70,70,70,70,70,70,70,70,70,70,70,70,70,70,70,70,70,70,70,70,70,70,70,70,70,70,70,70,70,70,70],"card_choices":[{"not_picked":["Outmaneuver","PiercingWail"],"picked":"Riddle With Holes","floor":1.0},{"not_picked":["Slice","Deflect"],"picked":"All Out Attack","floor":2.0},{"not_picked":["Sucker Punch","PiercingWail"],"picked":"Deflect","floor":3.0},{"not_picked":["Escape Plan","Dagger Throw"],"picked":"Predator","floor":4.0},{"not_picked":["Underhanded Strike","A Thousand Cuts"],"picked":"Backflip","floor":5.0},{"not_picked":["Riddle With Holes","Heel Hook","Slice"],"picked":"SKIP","floor":7.0},{"not_picked":["Expertise","Bane"],"picked":"Quick Slash","floor":8.0},{"not_picked":["Escape Plan","Distraction"],"picked":"Crippling Poison","floor":11.0},{"not_picked":["Dagger Throw","Poisoned Stab"],"picked":"Prepared","floor":14.0},{"not_picked":["Phantasmal Killer","After Image"],"picked":"Venomology","floor":16.0},{"not_picked":["PiercingWail","Blur"],"picked":"Underhanded Strike","floor":18.0},{"not_picked":["Deadly Poison","Backflip"],"picked":"Backstab","floor":19.0},{"not_picked":["Quick Slash+1","Choke"],"picked":"Noxious Fumes","floor":20.0},{"not_picked":["Poisoned Stab+1","Dodge and Roll","Quick Slash"],"picked":"SKIP","floor":25.0},{"not_picked":["Crippling Poison","Slice+1"],"picked":"Bane+1","floor":28.0},{"not_picked":["Blade Dance","Calculated Gamble+1"],"picked":"After Image","floor":29.0},{"not_picked":["Blur","Outmaneuver","Backstab+1"],"picked":"SKIP","floor":31.0},{"not_picked":["Wraith Form v2","After Image"],"picked":"Tools of the Trade","floor":33.0},{"not_picked":["Dagger Spray+1","Cloak And Dagger","Choke+1"],"picked":"SKIP","floor":35.0},{"not_picked":["Eviscerate+1","Outmaneuver+1","Slice+1"],"picked":"SKIP","floor":36.0},{"not_picked":["Acrobatics","Phantasmal Killer"],"picked":"Leg Sweep+1","floor":37.0},{"not_picked":["Acrobatics+1","Skewer+1","Expertise+1"],"picked":"SKIP","floor":38.0},{"not_picked":["Prepared","Flechettes+1"],"picked":"Underhanded Strike+1","floor":40.0},{"not_picked":["Sucker Punch+1","Cloak And Dagger"],"picked":"Dash+1","floor":44.0},{"not_picked":["Acrobatics","Adrenaline"],"picked":"Deflect+1","floor":45},{"not_picked":["Reflex+1","Poisoned Stab+1"],"picked":"Underhanded Strike+1","floor":46},{"not_picked":["Flying Knee+1","Prepared+1","Deflect"],"picked":"SKIP","floor":47},{"not_picked":["All Out Attack+1","Outmaneuver"],"picked":"Accuracy+1","floor":48}],"player_experience":344698,"relics_obtained":[{"floor":7.0,"key":"Blood Vial"},{"floor":9.0,"key":"Oddly Smooth Stone"},{"floor":21.0,"key":"Nilry\u0027s Codex"},{"floor":24.0,"key":"Dead Branch"},{"floor":26.0,"key":"Molten Egg 2"},{"floor":29.0,"key":"Bottled Tornado"},{"floor":40.0,"key":"Bronze Scales"},{"floor":42.0,"key":"Ancient Tea Set"},{"floor":43.0,"key":"Pocketwatch"},{"floor":44.0,"key":"Bag of Preparation"}],"event_choices":[{"damage_healed":17.0,"max_hp_gain":0.0,"max_hp_loss":0.0,"gold_gain":0.0,"event_name":"Mushrooms","player_choice":"Healed and dodged fight","floor":13.0,"gold_loss":0.0,"damage_taken":0.0,"cards_obtained":["Parasite"]},{"damage_healed":0.0,"max_hp_gain":0.0,"max_hp_loss":0.0,"gold_gain":0.0,"event_name":"Cursed Tome","player_choice":"Obtained Book","floor":21.0,"gold_loss":0.0,"damage_taken":16.0},{"cards_removed":["Strike_G"],"damage_healed":0.0,"max_hp_gain":0.0,"max_hp_loss":0.0,"gold_gain":0.0,"event_name":"Beggar","player_choice":"Gave Gold","floor":22.0,"gold_loss":75.0,"damage_taken":0.0}],"is_beta":false,"boss_relics":[{"not_picked":["Lizard Tail","Astrolabe"],"picked":"Ring of the Serpent"},{"not_picked":["Runic Dome","Cursed Key"],"picked":"Fusion Hammer"}],"items_purged_floors":[12,39],"is_endless":false,"potions_floor_spawned":[2,3,8,11,18,31,33,37,40,44,46,47],"ascension_level":0}