{"gold_per_floor":[116,116,41,41,65,65,109,109,136,207,243,266,300,318,318,318],"floor_reached":16,"playtime":562,"items_purged":["Injury"],"score":286,"play_id":"1d7c5cb0-ab7d-490d-b4d4-a4a6f3baca2c","local_time":"20191010065622","is_ascension_mode":true,"campfire_choices":[{"data":"Genetic Algorithm","floor":6.0,"key":"SMITH"},{"floor":8.0,"key":"REST"},{"data":"1","floor":15.0,"key":"LIFT"}],"neow_cost":"NONE","seed_source_timestamp":982802351959700,"circlet_count":0,"master_deck":["AscendersBane","Strike_B","Defend_B","Defend_B","Defend_B","Zap","Dualcast","Core Surge+1","Capacitor+1","Hyperbeam+1","Defragment","Genetic Algorithm+1","Auto Shields+1","White Noise+1","Steam+1","Gash","Stack+1","Steam+1"],"special_seed":0,"relics":["Astrolabe","Golden Idol","Toxic Egg 2","Lantern","Girya","Thread and Needle","The Courier"],"potions_floor_usage":[16,16],"damage_taken":[{"damage":0.0,"enemies":"2 Louse","floor":1.0,"turns":2.0},{"damage":3.0,"enemies":"Small Slimes","floor":5.0,"turns":2.0},{"damage":14.0,"enemies":"3 Sentries","floor":7.0,"turns":3.0},{"damage":13.0,"enemies":"Gremlin Nob","floor":10.0,"turns":4.0},{"damage":13.0,"enemies":"Lagavulin","floor":11.0,"turns":6.0},{"damage":0.0,"enemies":"Jaw Worm","floor":12.0,"turns":3.0},{"damage":0.0,"enemies":"3 Sentries","floor":13.0,"turns":2.0},{"damage":0.0,"enemies":"2 Fungi Beasts","floor":14.0,"turns":2.0},{"damage":37,"enemies":"Slime Boss","floor":16,"turns":5}],"seed_played":"-8850391942229351651","potions_obtained":[{"floor":1.0,"key":"Swift Potion"},{"floor":10.0,"key":"Strength Potion"},{"floor":11.0,"key":"Dexterity Potion"},{"floor":13.0,"key":"Energy Potion"}],"is_trial":false,"path_per_floor":["M","?","$","?","M","R","E","R","T","?","E","M","E","M","R","B"],"character_chosen":"DEFECT","items_purchased":[],"campfire_rested":1,"item_purchase_floors":[],"current_hp_per_floor":[64,64,64,57,54,54,40,61,61,48,35,35,35,35,35,0],"gold":318,"neow_bonus":"BOSS_RELIC","is_prod":false,"is_daily":false,"chose_seed":false,"campfire_upgraded":1,"win_rate":0,"timestamp":1570683382,"path_taken":["M","?","$","?","M","R","E","R","T","?","E","M","E","M","R","BOSS"],"build_version":"2019-07-17","purchased_purges":1,"victory":false,"max_hp_per_floor":[71,71,71,71,71,71,71,71,71,71,71,71,71,71,71,71],"card_choices":[{"not_picked":["Tempest","Auto Shields"],"picked":"Defragment","floor":1.0},{"not_picked":["Darkness","Self Repair"],"picked":"Genetic Algorithm","floor":5.0},{"not_picked":["Reinforced Body","Thunder Strike"],"picked":"Auto Shields","floor":7.0},{"not_picked":["Ball Lightning","Heatsinks"],"picked":"White Noise+1","floor":10.0},{"not_picked":["Defragment","Hologram+1"],"picked":"Steam+1","floor":11.0},{"not_picked":["Skim+1","Leap+1"],"picked":"Gash","floor":12.0},{"not_picked":["Amplify+1","Ball Lightning"],"picked":"Stack+1","floor":13.0},{"not_picked":["Streamline","Beam Cell"],"picked":"Steam+1","floor":14.0}],"player_experience":453942,"relics_obtained":[{"floor":7.0,"key":"Toxic Egg 2"},{"floor":9.0,"key":"Lantern"},{"floor":10.0,"key":"Girya"},{"floor":11.0,"key":"Thread and Needle"},{"floor":13.0,"key":"The Courier"}],"event_choices":[{"damage_healed":0.0,"max_hp_gain":0.0,"max_hp_loss":0.0,"gold_gain":0.0,"event_name":"Golden Idol","player_choice":"Take Wound","floor":2.0,"gold_loss":0.0,"damage_taken":0.0,"relics_obtained":["Golden Idol"],"cards_obtained":["Injury"]},{"cards_removed":["Strike_B"],"damage_healed":0.0,"max_hp_gain":0.0,"max_hp_loss":0.0,"gold_gain":0.0,"event_name":"Golden Wing","player_choice":"Card Removal","floor":4.0,"gold_loss":0.0,"damage_taken":7.0},{"damage_healed":0.0,"max_hp_gain":0.0,"max_hp_loss":0.0,"gold_gain":0.0,"event_name":"Dead Adventurer","player_choice":"Searched \u00271\u0027 times","floor":10.0,"gold_loss":0.0,"damage_taken":0.0}],"is_beta":false,"boss_relics":[],"items_purged_floors":[3],"is_endless":false,"potions_floor_spawned":[1,10,11,13],"killed_by":"Slime Boss","ascension_level":20}