{"gold_per_floor":[10,10,29,29,44,78,99,124,124,192,233,257,257],"floor_reached":13,"playtime":650,"items_purged":[],"score":141,"play_id":"b2c0d3d4-40c7-43d0-a63a-5e2265691297","local_time":"20190922104022","is_ascension_mode":true,"campfire_choices":[],"neow_cost":"NO_GOLD","seed_source_timestamp":3512955686949900,"circlet_count":0,"master_deck":["Strike_G","Strike_G","Strike_G","Strike_G","Defend_G","Defend_G","Defend_G","Defend_G","Defend_G","Survivor","Neutralize","Good Instincts","Trip","Deadly Poison","Dodge and Roll","Poisoned Stab","Terror","Crippling Poison+1","Caltrops","PiercingWail+1","Catalyst+1","Skewer","Poisoned Stab"],"relics":["Ring of the Snake","Golden Idol","Toxic Egg 2","Darkstone Periapt","Ninja Scroll","Bottled Tornado"],"potions_floor_usage":[10,10,13],"damage_taken":[{"damage":1,"enemies":"Small Slimes","floor":1,"turns":3},{"damage":0,"enemies":"Cultist","floor":3,"turns":4},{"damage":2,"enemies":"Jaw Worm","floor":5,"turns":4},{"damage":7,"enemies":"3 Sentries","floor":6,"turns":10},{"damage":0,"enemies":"2 Fungi Beasts","floor":7,"turns":3},{"damage":2,"enemies":"Exordium Wildlife","floor":8,"turns":3},{"damage":1,"enemies":"Lagavulin Event","floor":10,"turns":6},{"damage":25,"enemies":"Gremlin Nob","floor":11,"turns":3},{"damage":0,"enemies":"Blue Slaver","floor":12,"turns":3},{"damage":15,"enemies":"Lagavulin","floor":13,"turns":2}],"seed_played":"-3039979642240398744","potions_obtained":[{"floor":3,"key":"Block Potion"},{"floor":8,"key":"SpeedPotion"},{"floor":11,"key":"LiquidBronze"},{"floor":12,"key":"Strength Potion"}],"is_trial":false,"path_per_floor":["M","?","M","?","M","E","M","M","T","?","E","M","E"],"character_chosen":"THE_SILENT","items_purchased":[],"campfire_rested":0,"item_purchase_floors":[],"current_hp_per_floor":[62,62,62,45,43,36,36,34,34,33,8,8,0],"gold":257,"neow_bonus":"RANDOM_COLORLESS_2","is_prod":false,"is_daily":false,"chose_seed":false,"campfire_upgraded":0,"win_rate":0,"timestamp":1569141622,"path_taken":["M","?","?","?","M","E","M","M","T","?","E","M","E"],"build_version":"2019-07-17","purchased_purges":0,"victory":false,"max_hp_per_floor":[70,70,70,70,70,70,70,70,70,70,70,70,70],"card_choices":[{"not_picked":["Dagger Spray","PiercingWail"],"picked":"Deadly Poison","floor":1},{"not_picked":["Deflect","Cloak And Dagger"],"picked":"Poisoned Stab","floor":3},{"not_picked":["Dodge and Roll","Blade Dance"],"picked":"Terror","floor":5},{"not_picked":["Backstab","Flying Knee"],"picked":"Crippling Poison","floor":6},{"not_picked":["Calculated Gamble+1","Flying Knee"],"picked":"Caltrops","floor":7},{"not_picked":["Dodge and Roll+1","Quick Slash"],"picked":"PiercingWail+1","floor":8},{"not_picked":["Infinite Blades","Caltrops"],"picked":"Catalyst+1","floor":10},{"not_picked":["Caltrops","Sucker Punch"],"picked":"Skewer","floor":11},{"not_picked":["Caltrops","Dagger Spray"],"picked":"Poisoned Stab","floor":12}],"player_experience":294594,"relics_obtained":[{"floor":6,"key":"Toxic Egg 2"},{"floor":9,"key":"Darkstone Periapt"},{"floor":11,"key":"Bottled Tornado"}],"event_choices":[{"damage_healed":0,"gold_gain":0,"cards_transformed":["Strike_G"],"player_choice":"Transformed","damage_taken":0,"max_hp_gain":0,"max_hp_loss":0,"event_name":"Transmorgrifier","floor":2,"gold_loss":0,"cards_obtained":["Dodge and Roll"]},{"damage_healed":0,"gold_gain":0,"player_choice":"Take Damage","damage_taken":17,"relics_obtained":["Golden Idol"],"max_hp_gain":0,"max_hp_loss":0,"event_name":"Golden Idol","floor":4,"gold_loss":0},{"damage_healed":0,"gold_gain":30,"player_choice":"Searched \u00273\u0027 times","damage_taken":0,"relics_obtained":["Ninja Scroll"],"max_hp_gain":0,"max_hp_loss":0,"event_name":"Dead Adventurer","floor":10,"gold_loss":0}],"is_beta":false,"boss_relics":[],"items_purged_floors":[],"is_endless":false,"potions_floor_spawned":[3,8,11,12],"killed_by":"Lagavulin","ascension_level":9}