{"gold_per_floor":[109,129,129,129,145,176,194,213,236,109,121,68,68,100,100,200,200,186,197,53,53],"floor_reached":21,"playtime":1834,"items_purged":["Strike_G"],"score":229,"play_id":"60a85387-5c2f-4cf0-8348-47db243d5179","local_time":"20191007142433","is_ascension_mode":true,"campfire_choices":[{"data":"Neutralize","floor":13,"key":"SMITH"},{"floor":15,"key":"REST"}],"neow_cost":"NONE","seed_source_timestamp":296968148515600,"circlet_count":0,"master_deck":["Survivor","Neutralize+1","Deadly Poison","Footwork","Flying Knee","PiercingWail","Dagger Spray","Dagger Throw","Noxious Fumes","Malaise","PiercingWail","Outmaneuver","Escape Plan","Doppelganger","Bane","Bouncing Flask","Dodge and Roll","Caltrops","Accuracy","Backflip","Predator"],"relics":["Ring of the Snake","NeowsBlessing","PreservedInsect","Anchor","Regal Pillow","Bag of Marbles","Pandora\u0027s Box","Happy Flower"],"potions_floor_usage":[7,8,14,16],"damage_taken":[{"damage":0,"enemies":"Cultist","floor":1,"turns":1},{"damage":0,"enemies":"Small Slimes","floor":2,"turns":1},{"damage":0,"enemies":"2 Louse","floor":5,"turns":1},{"damage":7,"enemies":"Gremlin Nob","floor":6,"turns":4},{"damage":0,"enemies":"Gremlin Gang","floor":7,"turns":2},{"damage":2,"enemies":"Blue Slaver","floor":8,"turns":3},{"damage":12,"enemies":"Large Slime","floor":11,"turns":7},{"damage":6,"enemies":"Lagavulin","floor":14,"turns":7},{"damage":39,"enemies":"The Guardian","floor":16,"turns":10},{"damage":12,"enemies":"2 Thieves","floor":18,"turns":5},{"damage":39,"enemies":"Chosen","floor":19,"turns":6},{"damage":31,"enemies":"Centurion and Healer","floor":21,"turns":4}],"seed_played":"-7534953508411691839","potions_obtained":[{"floor":2,"key":"Explosive Potion"},{"floor":5,"key":"SteroidPotion"},{"floor":8,"key":"Poison Potion"},{"floor":18,"key":"Dexterity Potion"}],"is_trial":false,"path_per_floor":["M","M","?","?","M","E","M","M","T","$","M","$","R","E","R","B",null,"M","M","$","M"],"character_chosen":"THE_SILENT","items_purchased":["Weak Potion","Dagger Throw","Happy Flower"],"campfire_rested":1,"item_purchase_floors":[10,12,20],"current_hp_per_floor":[70,70,58,58,58,51,51,49,49,49,37,37,37,31,67,28,70,58,19,19,0],"gold":53,"neow_bonus":"THREE_ENEMY_KILL","is_prod":false,"is_daily":false,"chose_seed":false,"campfire_upgraded":1,"win_rate":0,"timestamp":1570476273,"path_taken":["M","M","?","?","?","E","M","M","T","$","M","?","R","E","R","BOSS","M","M","$","M"],"build_version":"2019-07-17","purchased_purges":1,"victory":false,"max_hp_per_floor":[70,70,70,70,70,70,70,70,70,70,70,70,70,70,70,70,70,70,70,70,70],"card_choices":[{"not_picked":["Heel Hook","Bane"],"picked":"Deadly Poison","floor":1},{"not_picked":["Quick Slash","Finisher"],"picked":"Footwork","floor":2},{"not_picked":["Acrobatics","Infinite Blades"],"picked":"Flying Knee","floor":5},{"not_picked":["Flying Knee","Bouncing Flask"],"picked":"PiercingWail","floor":6},{"not_picked":["Cloak And Dagger","Skewer"],"picked":"Dagger Spray","floor":7},{"not_picked":["Burst","Accuracy","Skewer"],"picked":"SKIP","floor":8},{"not_picked":["Bane","Cloak And Dagger","Reflex"],"picked":"SKIP","floor":11},{"not_picked":["Backflip","Reflex"],"picked":"Noxious Fumes","floor":14},{"not_picked":["Storm of Steel","Unload"],"picked":"Malaise","floor":16},{"not_picked":["Dagger Throw","Quick Slash"],"picked":"Backflip","floor":18},{"not_picked":["Riddle With Holes","A Thousand Cuts"],"picked":"Predator","floor":19}],"player_experience":206558,"relics_obtained":[{"floor":6,"key":"Anchor"},{"floor":9,"key":"Regal Pillow"},{"floor":14,"key":"Bag of Marbles"}],"event_choices":[{"damage_healed":0,"gold_gain":0,"player_choice":"Success","damage_taken":12,"relics_obtained":["PreservedInsect"],"max_hp_gain":0,"max_hp_loss":0,"event_name":"Scrap Ooze","floor":3,"gold_loss":0},{"damage_healed":0,"gold_gain":0,"player_choice":"Leave","damage_taken":0,"max_hp_gain":0,"max_hp_loss":0,"event_name":"FaceTrader","floor":4,"gold_loss":0}],"is_beta":false,"boss_relics":[{"not_picked":["HoveringKite","Lizard Tail"],"picked":"Pandora\u0027s Box"}],"items_purged_floors":[10],"is_endless":false,"potions_floor_spawned":[2,5,8,18],"killed_by":"Centurion and Healer","ascension_level":4}