{"gold_per_floor":[212,223,193,213,230,230,261,273,312,337,367,391,18,36,36,36],"floor_reached":16,"playtime":397,"items_purged":[],"score":106,"play_id":"3ea9eb2f-7021-433d-8ba4-477d2068f9e5","local_time":"20190907211934","is_ascension_mode":false,"campfire_choices":[{"data":"Thunderclap","floor":6,"key":"SMITH"},{"data":"Ghostly Armor","floor":8,"key":"SMITH"},{"data":"Searing Blow","floor":15,"key":"SMITH"}],"neow_cost":"NONE","seed_source_timestamp":690509424120600,"circlet_count":0,"master_deck":["Strike_R","Strike_R","Strike_R","Strike_R","Strike_R","Defend_R","Defend_R","Defend_R","Defend_R","Bash","Thunderclap+1","Clash","Anger","Twin Strike","Ghostly Armor+1","Shrug It Off","Carnage","Cleave","Double Tap","Searing Blow+1","Iron Wave"],"relics":["Burning Blood","MawBank","Regal Pillow","Juzu Bracelet"],"potions_floor_usage":[4,5,7,7,16],"damage_taken":[{"damage":1,"enemies":"2 Louse","floor":1,"turns":3},{"damage":6,"enemies":"Cultist","floor":2,"turns":3},{"damage":0,"enemies":"Small Slimes","floor":4,"turns":3},{"damage":21,"enemies":"Red Slaver","floor":5,"turns":4},{"damage":31,"enemies":"3 Sentries","floor":7,"turns":7},{"damage":0,"enemies":"Blue Slaver","floor":10,"turns":2},{"damage":5,"enemies":"Large Slime","floor":11,"turns":6},{"damage":4,"enemies":"2 Fungi Beasts","floor":12,"turns":3},{"damage":7,"enemies":"Blue Slaver","floor":14,"turns":2},{"damage":66,"enemies":"Hexaghost","floor":16,"turns":9}],"seed_played":"2518700250482416065","potions_obtained":[{"floor":2,"key":"Block Potion"},{"floor":3,"key":"Ancient Potion"},{"floor":3,"key":"SkillPotion"},{"floor":4,"key":"Poison Potion"},{"floor":14,"key":"Regen Potion"}],"is_trial":false,"path_per_floor":["M","M","?","M","M","R","E","R","T","M","M","M","$","M","R","B"],"character_chosen":"IRONCLAD","items_purchased":["Double Tap","Searing Blow","Juzu Bracelet"],"campfire_rested":0,"item_purchase_floors":[13,13,13],"current_hp_per_floor":[80,80,80,80,65,65,40,40,40,46,47,49,49,48,48,0],"gold":36,"neow_bonus":"HUNDRED_GOLD","is_prod":false,"is_daily":false,"chose_seed":false,"campfire_upgraded":3,"win_rate":0,"timestamp":1567883974,"path_taken":["M","M","?","M","?","R","E","R","T","M","?","M","$","M","R","BOSS"],"build_version":"2019-07-17","purchased_purges":0,"victory":false,"max_hp_per_floor":[80,80,80,80,80,80,80,80,80,80,80,80,80,80,80,80],"card_choices":[{"not_picked":["Armaments","Combust"],"picked":"Thunderclap","floor":1},{"not_picked":["Warcry","Clothesline"],"picked":"Clash","floor":2},{"not_picked":["Battle Trance","Shrug It Off"],"picked":"Anger","floor":4},{"not_picked":["Shrug It Off","Sentinel"],"picked":"Twin Strike","floor":5},{"not_picked":["Rage","Burning Pact"],"picked":"Ghostly Armor","floor":7},{"not_picked":["True Grit","Armaments"],"picked":"Shrug It Off","floor":10},{"not_picked":["Armaments","Shockwave"],"picked":"Carnage","floor":11},{"not_picked":["Sentinel","Shockwave"],"picked":"Cleave","floor":12},{"not_picked":["Evolve","Body Slam"],"picked":"Iron Wave","floor":14}],"player_experience":214953,"relics_obtained":[{"floor":7,"key":"MawBank"},{"floor":9,"key":"Regal Pillow"}],"event_choices":[{"damage_healed":0,"gold_gain":0,"player_choice":"Bought 2 Potions","damage_taken":0,"max_hp_gain":0,"max_hp_loss":0,"event_name":"The Woman in Blue","floor":3,"gold_loss":0}],"is_beta":false,"boss_relics":[],"items_purged_floors":[],"is_endless":false,"potions_floor_spawned":[2,4,14],"killed_by":"Hexaghost","ascension_level":0}