{"gold_per_floor":[113,143,64,77,77,77,90,90,113,113,113,124,144,163,163,268,268,285,297,316,316,328,340,364,393,405,428,440],"floor_reached":28,"playtime":508,"items_purged":[],"score":214,"play_id":"7bd0c0aa-9337-452d-af0c-1d63af6170c0","local_time":"20190908132526","is_ascension_mode":false,"campfire_choices":[{"data":"Heavy Blade","floor":6,"key":"SMITH"},{"data":"Flame Barrier","floor":11,"key":"SMITH"},{"floor":15,"key":"REST"},{"floor":23,"key":"REST"}],"neow_cost":"NONE","seed_source_timestamp":748351198721700,"circlet_count":0,"master_deck":["Strike_R","Strike_R","Strike_R","Strike_R","Strike_R","Defend_R","Defend_R","Defend_R+1","Bash","Heavy Blade+1","Flame Barrier+1","Spot Weakness+1","Limit Break","Rage","Immolate","Flame Barrier+1","Dropkick","J.A.X.","Juggernaut"],"relics":["Burning Blood","NeowsBlessing","Tiny Chest","Bottled Flame","Vajra","Philosopher\u0027s Stone","MawBank","Pocketwatch"],"potions_floor_usage":[16,16,16,28],"damage_taken":[{"damage":0,"enemies":"2 Louse","floor":1,"turns":1},{"damage":0,"enemies":"Jaw Worm","floor":4,"turns":1},{"damage":0,"enemies":"Small Slimes","floor":7,"turns":1},{"damage":13,"enemies":"Red Slaver","floor":12,"turns":2},{"damage":26,"enemies":"3 Louse","floor":13,"turns":3},{"damage":12,"enemies":"Exordium Wildlife","floor":14,"turns":4},{"damage":18,"enemies":"Slime Boss","floor":16,"turns":8},{"damage":11,"enemies":"2 Thieves","floor":18,"turns":2},{"damage":30,"enemies":"3 Byrds","floor":19,"turns":3},{"damage":30,"enemies":"Centurion and Healer","floor":20,"turns":6},{"damage":32,"enemies":"Snake Plant","floor":24,"turns":3},{"damage":11,"enemies":"3 Cultists","floor":25,"turns":5},{"damage":15,"enemies":"Sentry and Sphere","floor":27,"turns":4},{"damage":13,"enemies":"Snake Plant","floor":28,"turns":2}],"seed_played":"-1511758180245248233","potions_obtained":[{"floor":7,"key":"SkillPotion"},{"floor":12,"key":"Weak Potion"},{"floor":13,"key":"Poison Potion"},{"floor":19,"key":"SkillPotion"}],"is_trial":false,"path_per_floor":["M","?","$","M","T","R","M","?","T","?","R","M","M","M","R","B",null,"M","M","M","T","?","R","M","M","T","M","M"],"character_chosen":"IRONCLAD","items_purchased":["Flame Barrier"],"campfire_rested":2,"item_purchase_floors":[3],"current_hp_per_floor":[80,77,77,80,80,80,80,64,64,64,64,57,37,31,55,43,80,75,51,27,27,27,51,25,20,20,11,0],"gold":440,"neow_bonus":"THREE_ENEMY_KILL","is_prod":false,"is_daily":false,"chose_seed":false,"campfire_upgraded":2,"win_rate":0,"timestamp":1567941926,"path_taken":["M","?","$","M","?","R","M","?","T","?","R","M","M","M","R","BOSS","M","M","M","?","?","R","M","M","T","M","?"],"build_version":"2019-07-17","purchased_purges":0,"victory":false,"max_hp_per_floor":[80,80,80,80,80,80,80,80,80,80,80,80,80,80,80,80,80,80,80,80,80,80,80,80,80,80,80,80],"card_choices":[{"not_picked":["Shrug It Off","Warcry"],"picked":"Heavy Blade","floor":1},{"not_picked":["Body Slam","Intimidate","True Grit"],"picked":"SKIP","floor":4},{"not_picked":["Disarm","Pommel Strike"],"picked":"Spot Weakness","floor":7},{"not_picked":["Iron Wave","Power Through"],"picked":"Limit Break","floor":12},{"not_picked":["Sword Boomerang","Clothesline"],"picked":"Rage","floor":13},{"not_picked":["Clash","Havoc","Body Slam"],"picked":"SKIP","floor":14},{"not_picked":["Brutality","Barricade"],"picked":"Immolate","floor":16},{"not_picked":["Twin Strike","Havoc+1"],"picked":"Flame Barrier+1","floor":18},{"not_picked":["Armaments","Rupture"],"picked":"Dropkick","floor":19},{"not_picked":["Shockwave+1","Twin Strike","Shrug It Off"],"picked":"SKIP","floor":20},{"not_picked":["Fire Breathing","Dual Wield","Feel No Pain"],"picked":"SKIP","floor":24},{"not_picked":["Shrug It Off","Armaments"],"picked":"Juggernaut","floor":25},{"not_picked":["Reckless Charge+1","Fire Breathing","Sword Boomerang+1"],"picked":"SKIP","floor":27}],"player_experience":230007,"relics_obtained":[{"floor":5,"key":"Bottled Flame"},{"floor":9,"key":"Vajra"},{"floor":21,"key":"MawBank"},{"floor":26,"key":"Pocketwatch"}],"event_choices":[{"damage_healed":0,"gold_gain":0,"player_choice":"Success","damage_taken":3,"relics_obtained":["Tiny Chest"],"max_hp_gain":0,"max_hp_loss":0,"event_name":"Scrap Ooze","floor":2,"gold_loss":0},{"damage_healed":0,"gold_gain":0,"player_choice":"Entered Light","damage_taken":16,"max_hp_gain":0,"max_hp_loss":0,"event_name":"Shining Light","floor":8,"gold_loss":0,"cards_upgraded":["Spot Weakness","Defend_R"]},{"cards_removed":["Defend_R"],"damage_healed":0,"gold_gain":0,"player_choice":"Purged","damage_taken":0,"max_hp_gain":0,"max_hp_loss":0,"event_name":"Purifier","floor":10,"gold_loss":0},{"damage_healed":0,"gold_gain":0,"player_choice":"Obtain J.A.X.","damage_taken":0,"max_hp_gain":0,"max_hp_loss":0,"event_name":"Drug Dealer","floor":22,"gold_loss":0,"cards_obtained":["J.A.X."]}],"is_beta":false,"boss_relics":[{"not_picked":["White Beast Statue","Astrolabe"],"picked":"Philosopher\u0027s Stone"}],"items_purged_floors":[],"is_endless":false,"potions_floor_spawned":[7,12,13,19],"killed_by":"Snake Plant","ascension_level":0}