{"gold_per_floor":[118,134,148,167,167,197,197,224,271,283,314,326,326,41,41,139,139,158,170,188,200,200,235,235,235],"floor_reached":25,"playtime":990,"items_purged":[],"score":320,"play_id":"c91fb1d9-69cf-42aa-8463-af6107ee6492","local_time":"20190729000052","is_ascension_mode":false,"campfire_choices":[{"floor":7,"key":"REST"},{"floor":15,"key":"RECALL"},{"floor":24,"key":"REST"}],"neow_cost":"NONE","seed_source_timestamp":1029646698814623,"circlet_count":0,"master_deck":["Defend_R","Defend_R","Defend_R","Defend_R","Bash","Cleave","Heavy Blade","Feel No Pain","Combust","Heavy Blade","Immolate","Shrug It Off","Flex","Flex","Double Tap","Rupture","Demon Form","Cleave+1","Pommel Strike+1","Armaments","Limit Break","Flex","Cleave+1","Sword Boomerang+1","Pommel Strike","Bite","Bite","Bite","Bite","Bite","Limit Break","Sword Boomerang+1"],"relics":["Burning Blood","Oddly Smooth Stone","Prayer Wheel","Sundial","Dream Catcher","Juzu Bracelet","Toy Ornithopter","Velvet Choker","Shuriken"],"potions_floor_usage":[11,11,16,16,20,21,23,25],"damage_taken":[{"damage":2,"enemies":"Small Slimes","floor":1,"turns":4},{"damage":6,"enemies":"Cultist","floor":2,"turns":3},{"damage":6,"enemies":"2 Louse","floor":3,"turns":2},{"damage":15,"enemies":"2 Fungi Beasts","floor":4,"turns":3},{"damage":22,"enemies":"3 Sentries","floor":6,"turns":4},{"damage":29,"enemies":"Gremlin Nob","floor":8,"turns":4},{"damage":7,"enemies":"3 Louse","floor":10,"turns":2},{"damage":18,"enemies":"3 Sentries","floor":11,"turns":3},{"damage":17,"enemies":"Exordium Thugs","floor":12,"turns":3},{"damage":5,"enemies":"Slime Boss","floor":16,"turns":5},{"damage":3,"enemies":"Chosen","floor":18,"turns":3},{"damage":24,"enemies":"Shell Parasite","floor":19,"turns":5},{"damage":40,"enemies":"Shelled Parasite and Fungi","floor":20,"turns":4},{"damage":14,"enemies":"3 Cultists","floor":21,"turns":3},{"damage":34,"enemies":"Slavers","floor":23,"turns":2},{"damage":40,"enemies":"Book of Stabbing","floor":25,"turns":4}],"seed_played":"1268707138586086988","potions_obtained":[{"floor":6,"key":"GamblersBrew"},{"floor":8,"key":"SkillPotion"},{"floor":10,"key":"BloodPotion"},{"floor":11,"key":"PowerPotion"},{"floor":12,"key":"Fire Potion"},{"floor":18,"key":"FairyPotion"},{"floor":19,"key":"Swift Potion"},{"floor":20,"key":"Poison Potion"},{"floor":23,"key":"PowerPotion"}],"is_trial":false,"path_per_floor":["M","M","M","M","?","E","R","E","T","M","E","M","?","$","R","B",null,"M","M","M","M","?","E","R","E"],"character_chosen":"IRONCLAD","items_purchased":["Rupture","Toy Ornithopter"],"campfire_rested":2,"item_purchase_floors":[14,14],"current_hp_per_floor":[80,80,80,71,55,39,63,40,40,39,47,36,80,80,80,80,80,80,62,33,30,30,15,31,0],"gold":235,"neow_bonus":"RANDOM_COMMON_RELIC","is_prod":false,"is_daily":false,"chose_seed":false,"campfire_upgraded":0,"win_rate":0,"timestamp":1564351252,"path_taken":["M","M","M","M","?","E","R","E","T","M","E","M","?","$","R","BOSS","M","M","M","M","?","E","R","E"],"build_version":"2019-07-17","purchased_purges":0,"victory":false,"max_hp_per_floor":[80,80,80,80,80,80,80,80,80,80,80,80,80,80,80,80,80,80,80,80,80,56,56,56,56],"card_choices":[{"not_picked":["Perfected Strike","Body Slam"],"picked":"Cleave","floor":1},{"not_picked":["Flex","Hemokinesis"],"picked":"Heavy Blade","floor":2},{"not_picked":["Clash","Blood for Blood"],"picked":"Feel No Pain","floor":3},{"not_picked":["Flame Barrier","Thunderclap"],"picked":"Combust","floor":4},{"not_picked":["Clash","Spot Weakness"],"picked":"Heavy Blade","floor":6},{"not_picked":["Sentinel","Sword Boomerang"],"picked":"Immolate","floor":8},{"not_picked":["Heavy Blade","True Grit"],"picked":"Shrug It Off","floor":10},{"not_picked":["Reckless Charge","Shrug It Off"],"picked":"Flex","floor":10},{"not_picked":["Clothesline","Fire Breathing"],"picked":"Uppercut","floor":11},{"not_picked":["Heavy Blade","Headbutt"],"picked":"Flex","floor":12},{"not_picked":["Seeing Red","Clothesline"],"picked":"Double Tap","floor":12},{"not_picked":["Impervious","Bludgeon"],"picked":"Demon Form","floor":16},{"not_picked":["Twin Strike","Anger+1"],"picked":"Cleave+1","floor":18},{"not_picked":["Twin Strike+1","Searing Blow"],"picked":"Pommel Strike+1","floor":18},{"not_picked":["Sever Soul","Havoc+1"],"picked":"Armaments","floor":19},{"not_picked":["Headbutt","Entrench"],"picked":"Limit Break","floor":19},{"not_picked":["Armaments","Burning Pact"],"picked":"Flex","floor":20},{"not_picked":["Wild Strike","Headbutt+1"],"picked":"Cleave+1","floor":20},{"not_picked":["Clothesline","Body Slam+1"],"picked":"Sword Boomerang+1","floor":21},{"not_picked":["Body Slam+1","Twin Strike"],"picked":"Pommel Strike","floor":21},{"not_picked":["Blood for Blood+1","Searing Blow"],"picked":"Limit Break","floor":23},{"not_picked":["Cleave+1","Wild Strike"],"picked":"Sword Boomerang+1","floor":24}],"player_experience":129073,"relics_obtained":[{"floor":6,"key":"Prayer Wheel"},{"floor":8,"key":"Sundial"},{"floor":9,"key":"Dream Catcher"},{"floor":11,"key":"Juzu Bracelet"},{"floor":23,"key":"Shuriken"}],"event_choices":[{"damage_healed":0,"gold_gain":0,"player_choice":"Entered Light","damage_taken":16,"max_hp_gain":0,"max_hp_loss":0,"event_name":"Shining Light","floor":5,"gold_loss":0,"cards_upgraded":["Strike_R","Strike_R"]},{"cards_removed":["Uppercut"],"damage_healed":44,"gold_gain":0,"player_choice":"Offered Uncommon","damage_taken":0,"max_hp_gain":0,"max_hp_loss":0,"event_name":"Bonfire Elementals","floor":13,"gold_loss":0},{"damage_healed":0,"gold_gain":0,"player_choice":"Became a vampire","damage_taken":0,"max_hp_gain":0,"max_hp_loss":24,"event_name":"Vampires","floor":22,"gold_loss":0,"cards_obtained":["Bite","Bite","Bite","Bite","Bite"]}],"is_beta":false,"boss_relics":[{"not_picked":["Tiny House","Busted Crown"],"picked":"Velvet Choker"}],"items_purged_floors":[],"is_endless":false,"potions_floor_spawned":[6,8,10,11,12,18,19,20,23],"killed_by":"Book of Stabbing","ascension_level":0}