{"gold_per_floor":[115,125,135,12,87,112,112,145,145,176,176,176,176,196,196,196],"floor_reached":16,"playtime":975,"items_purged":["Decay"],"score":196,"play_id":"a4022b60-d73a-4da8-b2c2-0448136313bb","local_time":"20190921185033","is_ascension_mode":true,"campfire_choices":[{"floor":7.0,"key":"REST"},{"floor":11,"key":"REST"},{"floor":15,"key":"REST"}],"neow_cost":"CURSE","seed_source_timestamp":3455459287275300,"circlet_count":0,"master_deck":["Strike_B","Strike_B","Defend_B","Defend_B","Defend_B","Defend_B","Zap","Dualcast","Recycle","All For One","Scrape","Hologram","Capacitor","Turbo","Coolheaded","Defragment","Steam","Capacitor"],"special_seed":0,"relics":["Cracked Core","Omamori","Pear","Centennial Puzzle","Girya","Golden Idol"],"potions_floor_usage":[8,14],"damage_taken":[{"damage":9.0,"enemies":"Jaw Worm","floor":1.0,"turns":4.0},{"damage":10.0,"enemies":"2 Louse","floor":2.0,"turns":2.0},{"damage":0.0,"enemies":"Small Slimes","floor":3.0,"turns":3.0},{"damage":43.0,"enemies":"Gremlin Nob","floor":6.0,"turns":4.0},{"damage":24,"enemies":"Lagavulin","floor":8,"turns":7},{"damage":10,"enemies":"3 Sentries","floor":10,"turns":10},{"damage":4,"enemies":"Looter","floor":14,"turns":4},{"damage":61,"enemies":"Hexaghost","floor":16,"turns":16}],"seed_played":"8868860829085670060","potions_obtained":[{"floor":6.0,"key":"FocusPotion"},{"floor":10,"key":"SpeedPotion"},{"floor":14,"key":"FearPotion"}],"is_trial":false,"path_per_floor":["M","M","M","$","?","E","R","E","T","E","R","?","?","M","R","B"],"character_chosen":"DEFECT","items_purchased":["Turbo"],"campfire_rested":3,"item_purchase_floors":[4],"current_hp_per_floor":[59,49,49,49,49,6,28,14,14,4,29,34,34,30,57,0],"gold":196,"neow_bonus":"TRANSFORM_TWO_CARDS","is_prod":false,"is_daily":false,"chose_seed":false,"campfire_upgraded":0,"win_rate":0,"timestamp":1569084633,"path_taken":["M","M","M","$","?","E","R","E","T","E","R","?","?","M","R","BOSS"],"build_version":"2019-07-17","purchased_purges":1,"victory":false,"max_hp_per_floor":[75,75,75,75,75,75,75,85,85,85,85,90,90,90,90,90],"card_choices":[{"not_picked":["Conserve Battery","Melter"],"picked":"Scrape","floor":1.0},{"not_picked":["Cold Snap","Streamline"],"picked":"Hologram","floor":2.0},{"not_picked":["Lockon","Steam"],"picked":"Capacitor","floor":3.0},{"not_picked":["Rebound","Compile Driver"],"picked":"Coolheaded","floor":6.0},{"not_picked":["Aggregate","White Noise"],"picked":"Defragment","floor":8},{"not_picked":["Glacier","Barrage"],"picked":"Steam","floor":10},{"not_picked":["Glacier","Tempest"],"picked":"Capacitor","floor":14}],"player_experience":280941,"relics_obtained":[{"floor":6.0,"key":"Omamori"},{"floor":8,"key":"Pear"},{"floor":9,"key":"Centennial Puzzle"},{"floor":10,"key":"Girya"}],"event_choices":[{"damage_healed":0.0,"max_hp_gain":0.0,"max_hp_loss":0.0,"gold_gain":75.0,"event_name":"Golden Wing","player_choice":"Gained Gold","floor":5.0,"gold_loss":0.0,"damage_taken":0.0},{"damage_healed":0,"gold_gain":0,"player_choice":"Donut","damage_taken":0,"max_hp_gain":5,"max_hp_loss":0,"event_name":"Big Fish","floor":12,"gold_loss":0},{"damage_healed":0,"gold_gain":0,"player_choice":"Take Wound","damage_taken":0,"relics_obtained":["Golden Idol"],"max_hp_gain":0,"max_hp_loss":0,"event_name":"Golden Idol","floor":13,"gold_loss":0,"cards_obtained":["Injury"]}],"is_beta":false,"boss_relics":[],"items_purged_floors":[4],"is_endless":false,"potions_floor_spawned":[6,10,14],"killed_by":"Hexaghost","ascension_level":9}