{"gold_per_floor":[366,381,205,305,320,320,355,355,355,371,371,371],"floor_reached":12,"playtime":337,"items_purged":["Defend_B"],"score":90,"play_id":"a3828801-41a1-4373-9ad1-15f8eee7ab05","local_time":"20180718000945","is_ascension_mode":true,"campfire_choices":[{"data":"Defragment","floor":6,"key":"SMITH"},{"data":"Defragment","floor":8,"key":"SMITH"}],"neow_cost":"FIFTY_PERCENT_DAMAGE","seed_source_timestamp":455540351137364,"circlet_count":0,"master_deck":["Strike_B","Strike_B","Strike_B","Strike_B","Defend_B","Defend_B","Defend_B","Zap","Dualcast","Chill","Defragment+1","Hologram","Coolheaded","Streamline","Defragment+1","Ball Lightning"],"relics":["Cracked Core","Pear","Peace Pipe","Juzu Bracelet"],"potions_floor_usage":[12],"damage_taken":[{"damage":3,"enemies":"Jaw Worm","floor":1,"turns":4},{"damage":0,"enemies":"Cultist","floor":2,"turns":3},{"damage":2,"enemies":"Small Slimes","floor":5,"turns":3},{"damage":27,"enemies":"Lagavulin","floor":7,"turns":6},{"damage":1,"enemies":"2 Fungi Beasts","floor":10,"turns":4},{"damage":7,"enemies":"Large Slime","floor":12,"turns":2}],"seed_played":"8195386529874226600","potions_obtained":[{"floor":1,"key":"Dexterity Potion"},{"floor":7,"key":"SteroidPotion"}],"is_trial":false,"path_per_floor":["M","M","$","?","M","R","E","R","T","M","?"],"character_chosen":"DEFECT","items_purchased":["Hologram","Coolheaded"],"campfire_rested":0,"item_purchase_floors":[3,3],"current_hp_per_floor":[35,35,35,35,33,33,16,16,16,15,3,0],"gold":371,"neow_bonus":"TWO_FIFTY_GOLD","is_prod":false,"is_daily":false,"chose_seed":false,"campfire_upgraded":2,"win_rate":0,"timestamp":1531865385,"path_taken":["M","M","$","?","M","R","E","R","T","M","?","M"],"build_version":"2018-07-12","purchased_purges":1,"victory":false,"max_hp_per_floor":[75,75,75,75,75,75,85,85,85,85,85,85],"card_choices":[{"not_picked":["Coolheaded","Ball Lightning"],"picked":"Chill","floor":1},{"not_picked":["Steam Power","Leap"],"picked":"Defragment","floor":2},{"not_picked":["Turbo","Self Repair"],"picked":"Streamline","floor":5},{"not_picked":["White Noise","Cold Snap"],"picked":"Defragment","floor":7},{"not_picked":["Compile Driver","Storm"],"picked":"Ball Lightning","floor":10}],"player_experience":68565,"relics_obtained":[{"floor":7,"key":"Pear"},{"floor":9,"key":"Peace Pipe"}],"event_choices":[{"event_name":"Wheel of Change","player_choice":"Gold","floor":4,"damage_taken":0},{"event_name":"Scrap Ooze","player_choice":"success","floor":11,"damage_taken":12}],"boss_relics":[],"items_purged_floors":[3],"is_endless":false,"potions_floor_spawned":[1,7],"killed_by":"Large Slime","ascension_level":3}