{"gold_per_floor":[111,128,278,291,366,400,423,437,489,489,15,29,1,12,12,91,91,63,75,95,95,95],"floor_reached":22,"playtime":1016,"items_purged":["Doubt"],"score":367,"play_id":"abdb848c-f9fa-44c2-aaad-54456e6caeb8","local_time":"20191002201548","is_ascension_mode":true,"campfire_choices":[{"floor":10.0,"key":"REST"},{"data":"Consume","floor":15.0,"key":"SMITH"}],"neow_cost":"NONE","seed_source_timestamp":339321111519900,"circlet_count":0,"master_deck":["AscendersBane","Strike_B","Strike_B","Strike_B","Strike_B","Defend_B","Defend_B","Defend_B+1","Defend_B","Zap+1","Dualcast","Sunder","Redo","Cold Snap","Beam Cell","Leap","Loop","Consume+1","BootSequence","Go for the Eyes","Stack","Stack","Seek","White Noise","Cold Snap","Decay"],"special_seed":0,"relics":["Cracked Core","War Paint","Blue Candle","Odd Mushroom","Orichalcum","Cables","Philosopher\u0027s Stone"],"potions_floor_usage":[],"damage_taken":[{"damage":9.0,"enemies":"Jaw Worm","floor":1.0,"turns":4.0},{"damage":0.0,"enemies":"Small Slimes","floor":2.0,"turns":2.0},{"damage":0.0,"enemies":"2 Louse","floor":4.0,"turns":1.0},{"damage":18.0,"enemies":"3 Sentries","floor":6.0,"turns":8.0},{"damage":29.0,"enemies":"The Mushroom Lair","floor":7.0,"turns":6.0},{"damage":4.0,"enemies":"Blue Slaver","floor":8.0,"turns":3.0},{"damage":0.0,"enemies":"2 Fungi Beasts","floor":12.0,"turns":3.0},{"damage":1.0,"enemies":"3 Louse","floor":14.0,"turns":3.0},{"damage":12.0,"enemies":"The Guardian","floor":16.0,"turns":11.0},{"damage":13.0,"enemies":"2 Thieves","floor":18.0,"turns":4.0},{"damage":6.0,"enemies":"Shell Parasite","floor":19.0,"turns":6.0},{"damage":19.0,"enemies":"Centurion and Healer","floor":20.0,"turns":6.0},{"damage":19,"enemies":"Cultist and Chosen","floor":22,"turns":5}],"seed_played":"8897012969696493739","potions_obtained":[{"floor":2.0,"key":"Strength Potion"},{"floor":4.0,"key":"Regen Potion"},{"floor":14.0,"key":"Fire Potion"},{"floor":19.0,"key":"SteroidPotion"}],"is_trial":false,"path_per_floor":["M","M","?","M","?","E","?","M","T","R","$","M","$","M","R","B",null,"M","M","M","?","M"],"character_chosen":"DEFECT","items_purchased":["Cables","Consume","BootSequence","Stack"],"campfire_rested":1,"item_purchase_floors":[11,11,11,13],"current_hp_per_floor":[55,55,55,55,44,41,12,8,8,29,29,29,29,28,28,16,57,44,38,19,19,0],"gold":95,"neow_bonus":"RANDOM_COMMON_RELIC","is_prod":false,"is_daily":false,"chose_seed":false,"campfire_upgraded":1,"win_rate":0,"timestamp":1570040148,"path_taken":["M","M","?","M","?","E","?","M","T","R","$","M","?","M","R","BOSS","M","M","M","?","M"],"build_version":"2019-07-17","purchased_purges":1,"victory":false,"max_hp_per_floor":[71,71,71,71,71,71,71,71,71,71,71,71,71,71,71,71,71,71,71,71,71,71],"card_choices":[{"not_picked":["Ball Lightning","Recycle"],"picked":"Sunder","floor":1.0},{"not_picked":["Turbo","Rebound"],"picked":"Redo","floor":2.0},{"not_picked":["Tempest","Streamline"],"picked":"Cold Snap","floor":4.0},{"not_picked":["Steam","Redo"],"picked":"Beam Cell","floor":6.0},{"not_picked":["Reprogram","Multi-Cast"],"picked":"Leap","floor":7.0},{"not_picked":["Storm","Barrage"],"picked":"Loop","floor":8.0},{"not_picked":["Coolheaded","Steam"],"picked":"Go for the Eyes","floor":12.0},{"not_picked":["Rebound","Barrage"],"picked":"Stack","floor":14.0},{"not_picked":["Biased Cognition","Hyperbeam"],"picked":"Seek","floor":16.0},{"not_picked":["Turbo","Doom and Gloom","Sweeping Beam"],"picked":"SKIP","floor":18.0},{"not_picked":["Aggregate","Self Repair"],"picked":"White Noise","floor":19.0},{"not_picked":["Hologram","Stack"],"picked":"Cold Snap","floor":20.0}],"player_experience":406279,"relics_obtained":[{"floor":6.0,"key":"Blue Candle"},{"floor":7.0,"key":"Odd Mushroom"},{"floor":9.0,"key":"Orichalcum"}],"event_choices":[{"damage_healed":0.0,"max_hp_gain":0.0,"max_hp_loss":0.0,"gold_gain":150.0,"event_name":"Liars Game","player_choice":"AGREE","floor":3.0,"gold_loss":0.0,"damage_taken":0.0,"cards_obtained":["Doubt"]},{"damage_healed":0.0,"max_hp_gain":0.0,"max_hp_loss":0.0,"gold_gain":75.0,"event_name":"World of Goop","player_choice":"Gather Gold","floor":5.0,"gold_loss":0.0,"damage_taken":11.0},{"damage_healed":0.0,"max_hp_gain":0.0,"max_hp_loss":0.0,"gold_gain":0.0,"event_name":"Mushrooms","player_choice":"Fought Mushrooms","floor":7.0,"gold_loss":0.0,"damage_taken":0.0},{"damage_healed":0.0,"max_hp_gain":0.0,"max_hp_loss":0.0,"gold_gain":0.0,"event_name":"Forgotten Altar","player_choice":"Smashed Altar","floor":21.0,"gold_loss":0.0,"damage_taken":0.0,"cards_obtained":["Decay"]}],"is_beta":false,"boss_relics":[{"not_picked":["Runic Dome","Snecko Eye"],"picked":"Philosopher\u0027s Stone"}],"items_purged_floors":[11],"is_endless":false,"potions_floor_spawned":[2,4,14,19],"killed_by":"Cultist and Chosen","ascension_level":19}