{"gold_per_floor":[114,114,133,133,148,148,179,192,192,211,231,14,34,34,34,134,134,146,146,132,92,92,92,112,112,135,149,149,149,159,190,190,285,285,295,312,412,412,412],"floor_reached":39,"playtime":3682,"items_purged":[],"score":509,"play_id":"31166831-9b22-4ca3-905b-ed96ec7ceff0","local_time":"20191009190523","is_ascension_mode":true,"campfire_choices":[{"data":"Zap","floor":6.0,"key":"SMITH"},{"floor":15.0,"key":"REST"},{"data":"Dualcast","floor":23.0,"key":"SMITH"},{"data":"Echo Form","floor":32,"key":"SMITH"}],"neow_cost":"NONE","seed_source_timestamp":0,"circlet_count":0,"master_deck":["Defend_B+1","Defend_B+1","Defend_B","Defend_B+1","Zap+1","Dualcast+1","Sweeping Beam","Hologram","Cold Snap","Echo Form+1","Steam","Coolheaded","Leap","Capacitor+1","Core Surge","Bite","Bite","Bite","Bite","Bite","Chill+1","Rip and Tear"],"special_seed":0,"relics":["Cracked Core","War Paint","Pocketwatch","Bottled Flame","Bag of Preparation","Busted Crown","Juzu Bracelet","Shuriken","Sozu","Unceasing Top"],"potions_floor_usage":[33,38],"damage_taken":[{"damage":0.0,"enemies":"Small Slimes","floor":1.0,"turns":2.0},{"damage":2.0,"enemies":"Jaw Worm","floor":3.0,"turns":5.0},{"damage":0.0,"enemies":"Cultist","floor":5.0,"turns":3.0},{"damage":53.0,"enemies":"Gremlin Nob","floor":7.0,"turns":5.0},{"damage":2.0,"enemies":"2 Fungi Beasts","floor":8.0,"turns":3.0},{"damage":8.0,"enemies":"Exordium Thugs","floor":10.0,"turns":3.0},{"damage":0.0,"enemies":"Blue Slaver","floor":11.0,"turns":3.0},{"damage":0.0,"enemies":"Looter","floor":13.0,"turns":2.0},{"damage":20.0,"enemies":"Slime Boss","floor":16.0,"turns":11.0},{"damage":12.0,"enemies":"Spheric Guardian","floor":18.0,"turns":5.0},{"damage":4.0,"enemies":"2 Thieves","floor":20.0,"turns":4.0},{"damage":12,"enemies":"Snake Plant","floor":24,"turns":5},{"damage":8,"enemies":"Centurion and Healer","floor":27,"turns":10},{"damage":4,"enemies":"Cultist and Chosen","floor":30,"turns":6},{"damage":5,"enemies":"Gremlin Leader","floor":31,"turns":8},{"damage":47,"enemies":"Collector","floor":33,"turns":11},{"damage":9,"enemies":"Orb Walker","floor":35,"turns":5},{"damage":19,"enemies":"3 Darklings","floor":36,"turns":5},{"damage":4,"enemies":"Mind Bloom Boss Battle","floor":37,"turns":8},{"damage":52,"enemies":"2 Orb Walkers","floor":38,"turns":5},{"damage":10,"enemies":"Spire Growth","floor":39,"turns":3}],"seed_played":"-5042564372856974944","potions_obtained":[{"floor":3.0,"key":"SmokeBomb"},{"floor":7.0,"key":"SkillPotion"},{"floor":10.0,"key":"FocusPotion"},{"floor":13.0,"key":"GamblersBrew"},{"floor":30,"key":"Poison Potion"},{"floor":31,"key":"FearPotion"}],"is_trial":false,"path_per_floor":["M","?","M","?","M","R","E","M","T","M","M","$","M","$","R","B",null,"M","$","M","?","$","R","M","?","T","M","?","$","M","E","R","B",null,"M","M","?","?","M"],"character_chosen":"DEFECT","items_purchased":["Bag of Preparation","Capacitor"],"campfire_rested":1,"item_purchase_floors":[12,12],"current_hp_per_floor":[75,68,66,66,66,66,13,11,11,3,3,3,3,3,25,5,75,63,63,59,59,59,59,47,47,47,39,39,39,52,52,52,37,52,51,45,48,2,0],"gold":412,"neow_bonus":"THREE_CARDS","is_prod":false,"is_daily":false,"chose_seed":false,"campfire_upgraded":3,"win_rate":0,"timestamp":1570665923,"path_taken":["M","?","M","?","M","R","E","?","T","M","M","$","M","$","R","BOSS","M","$","M","?","?","R","M","?","T","M","?","$","M","E","R","BOSS","M","M","?","?","M"],"build_version":"2019-07-17","purchased_purges":0,"victory":false,"max_hp_per_floor":[75,75,75,75,75,75,75,75,75,75,75,75,75,75,75,75,75,75,75,75,75,75,75,75,75,75,75,52,52,52,52,52,52,52,52,52,52,52,52],"card_choices":[{"not_picked":["Gash","Streamline"],"picked":"Sweeping Beam","floor":0.0},{"not_picked":["Conserve Battery","Steam"],"picked":"Hologram","floor":1.0},{"not_picked":["Steam Power","Redo","Sunder"],"picked":"SKIP","floor":3.0},{"not_picked":["Undo","Steam"],"picked":"Cold Snap","floor":5.0},{"not_picked":["Gash","Tempest"],"picked":"Echo Form","floor":7.0},{"not_picked":["Streamline","Beam Cell"],"picked":"Steam","floor":8.0},{"not_picked":["Scrape","Storm"],"picked":"Coolheaded","floor":10.0},{"not_picked":["Beam Cell","BootSequence"],"picked":"Leap","floor":11.0},{"not_picked":["Gash","Reprogram","Go for the Eyes"],"picked":"SKIP","floor":13.0},{"not_picked":["Amplify","Meteor Strike"],"picked":"Core Surge","floor":16.0},{"not_picked":["Sweeping Beam"],"picked":"SKIP","floor":18.0},{"not_picked":["Rebound"],"picked":"SKIP","floor":20.0},{"not_picked":["Sweeping Beam"],"picked":"SKIP","floor":24},{"not_picked":["Sunder"],"picked":"SKIP","floor":27},{"not_picked":[],"picked":"Chill+1","floor":30},{"not_picked":["Hologram"],"picked":"SKIP","floor":31},{"not_picked":["Conserve Battery"],"picked":"SKIP","floor":35},{"not_picked":["Redo+1"],"picked":"SKIP","floor":36},{"not_picked":[],"picked":"Rip and Tear","floor":37}],"player_experience":217987,"relics_obtained":[{"floor":4.0,"key":"War Paint"},{"floor":7.0,"key":"Pocketwatch"},{"floor":9.0,"key":"Bottled Flame"},{"floor":26,"key":"Juzu Bracelet"},{"floor":31,"key":"Shuriken"},{"floor":37,"key":"Unceasing Top"}],"event_choices":[{"cards_removed":["Strike_B"],"damage_healed":0.0,"max_hp_gain":0.0,"max_hp_loss":0.0,"gold_gain":0.0,"event_name":"Golden Wing","player_choice":"Card Removal","floor":2.0,"gold_loss":0.0,"damage_taken":7.0},{"damage_healed":0.0,"max_hp_gain":0.0,"max_hp_loss":0.0,"gold_gain":0.0,"event_name":"Wheel of Change","player_choice":"Relic","floor":4.0,"gold_loss":0.0,"damage_taken":0.0},{"damage_healed":0.0,"max_hp_gain":0.0,"max_hp_loss":0.0,"gold_gain":0.0,"event_name":"Designer","player_choice":"Upgraded Two","floor":21.0,"gold_loss":40.0,"damage_taken":0.0,"cards_upgraded":["Defend_B","Capacitor"]},{"damage_healed":0,"gold_gain":0,"player_choice":"Ignored","damage_taken":0,"max_hp_gain":0,"max_hp_loss":0,"event_name":"The Mausoleum","floor":25,"gold_loss":0},{"damage_healed":0,"gold_gain":0,"player_choice":"Became a vampire","damage_taken":0,"max_hp_gain":0,"max_hp_loss":23,"event_name":"Vampires","floor":28,"gold_loss":0,"cards_obtained":["Bite","Bite","Bite","Bite","Bite"]},{"damage_healed":0,"gold_gain":0,"player_choice":"Fight","damage_taken":0,"max_hp_gain":0,"max_hp_loss":0,"event_name":"MindBloom","floor":37,"gold_loss":0},{"damage_healed":0,"gold_gain":0,"player_choice":"Fight","damage_taken":0,"max_hp_gain":0,"max_hp_loss":0,"event_name":"Mysterious Sphere","floor":38,"gold_loss":0}],"is_beta":false,"boss_relics":[{"not_picked":["Empty Cage","FrozenCore"],"picked":"Busted Crown"},{"not_picked":["Calling Bell","Black Star"],"picked":"Sozu"}],"items_purged_floors":[],"is_endless":false,"potions_floor_spawned":[3,7,10,13,30,31,36],"killed_by":"Spire Growth","ascension_level":4}