{"gold_per_floor":[110,110,135,156,156,192,211,211],"floor_reached":8,"playtime":1070,"items_purged":[],"score":58,"play_id":"3cdad6ef-5600-47a2-b026-e85950410538","local_time":"20190918205139","is_ascension_mode":false,"campfire_choices":[],"neow_cost":"NONE","seed_source_timestamp":137586828420300,"circlet_count":0,"master_deck":["Strike_P","Strike_P","Strike_P","Strike_P","Defend_P","Defend_P","Defend_P","Defend_P","Eruption","Vigilance","Blind","SashWhip","Injury","CleanseEvil","Devotion","Regret","Weave","CarveReality"],"relics":["PureWater","Golden Idol","Boot","Pantograph"],"potions_floor_usage":[6,7],"damage_taken":[{"damage":0,"enemies":"Cultist","floor":1,"turns":2},{"damage":0,"enemies":"Jaw Worm","floor":3,"turns":2},{"damage":0,"enemies":"2 Louse","floor":4,"turns":3},{"damage":60,"enemies":"Gremlin Nob","floor":6,"turns":4},{"damage":0,"enemies":"2 Fungi Beasts","floor":7,"turns":3},{"damage":8,"enemies":"Gremlin Gang","floor":8,"turns":1}],"seed_played":"-5531033714896263055","potions_obtained":[{"floor":4,"key":"PowerPotion"},{"floor":6,"key":"FearPotion"}],"is_trial":false,"path_per_floor":["M","?","M","M","?","E","M","M"],"character_chosen":"WATCHER","items_purchased":[],"campfire_rested":0,"item_purchase_floors":[],"current_hp_per_floor":[65,65,65,65,65,5,5,0],"gold":211,"neow_bonus":"RANDOM_COLORLESS","is_prod":false,"is_daily":false,"chose_seed":false,"campfire_upgraded":0,"win_rate":0,"timestamp":1568865099,"path_taken":["M","?","M","M","?","E","M","M"],"build_version":"2019-09-18","purchased_purges":0,"victory":false,"max_hp_per_floor":[65,65,65,65,65,65,65,65],"card_choices":[{"not_picked":["FollowUp","Tantrum"],"picked":"SashWhip","floor":1},{"not_picked":["SashWhip","FlowState"],"picked":"CleanseEvil","floor":3},{"not_picked":["Crescendo","FlyingSleeves"],"picked":"Devotion","floor":4},{"not_picked":["Nirvana","CutThroughFate"],"picked":"Weave","floor":6},{"not_picked":["JustLucky","Protect"],"picked":"CarveReality","floor":7}],"player_experience":262482,"relics_obtained":[{"floor":6,"key":"Pantograph"}],"event_choices":[{"damage_healed":0,"gold_gain":0,"player_choice":"Take Wound","damage_taken":0,"relics_obtained":["Golden Idol"],"max_hp_gain":0,"max_hp_loss":0,"event_name":"Golden Idol","floor":2,"gold_loss":0,"cards_obtained":["Injury"]},{"damage_healed":0,"gold_gain":0,"player_choice":"Box","damage_taken":0,"relics_obtained":["Boot"],"max_hp_gain":0,"max_hp_loss":0,"event_name":"Big Fish","floor":5,"gold_loss":0,"cards_obtained":["Regret"]}],"is_beta":true,"boss_relics":[],"items_purged_floors":[],"is_endless":false,"potions_floor_spawned":[4,6],"killed_by":"Gremlin Gang","ascension_level":0}