{"gold_per_floor":[116,129,79,154,174,174,185,185,185,360,376,376,394,58,58,160,160,170,170,170,185,284,284,284,284,358,358,370,401,30,49,49,151,151,170,184,194,210,7,7,26,26,50,62,87,104,122,142,142,142],"floor_reached":51,"playtime":1312,"items_purged":[],"score":768,"play_id":"e2a02319-ed04-416f-8105-bff0f6d2db1d","local_time":"20190907215143","is_ascension_mode":false,"campfire_choices":[{"data":"Cleave","floor":6,"key":"SMITH"},{"data":"Inflame","floor":8,"key":"SMITH"},{"data":"Bash","floor":12,"key":"SMITH"},{"data":"Cleave","floor":15,"key":"SMITH"},{"data":"Offering","floor":23,"key":"SMITH"},{"floor":27,"key":"REST"},{"floor":32,"key":"REST"},{"data":"Whirlwind","floor":40,"key":"SMITH"},{"floor":49,"key":"REST"}],"neow_cost":"NONE","seed_source_timestamp":691515077400800,"circlet_count":0,"master_deck":["Strike_R","Strike_R","Strike_R","Strike_R","Defend_R","Defend_R","Defend_R","Bash+1","Twin Strike","Cleave+1","Inflame+1","Shrug It Off","Anger","Cleave+1","Offering+1","Spot Weakness","Spot Weakness","Wild Strike+1","Whirlwind+1","Armaments+1","Inflame","Heavy Blade","Discovery","Armaments+1","Reaper","Heavy Blade","Infernal Blade+1","Thunderclap+1","Power Through+1","Bloodletting","Second Wind+1","Flame Barrier+1","Anger+1","Heavy Blade+1","Flex+1"],"relics":["Burning Blood","Blood Vial","Centennial Puzzle","Thread and Needle","Philosopher\u0027s Stone","Enchiridion","Bottled Lightning","Self Forming Clay","Sundial","Pen Nib","Mark of Pain","Happy Flower","Art of War","Ancient Tea Set"],"potions_floor_usage":[16,18,29,29,33,45,50,50],"damage_taken":[{"damage":10,"enemies":"Cultist","floor":1,"turns":4},{"damage":13,"enemies":"Jaw Worm","floor":2,"turns":3},{"damage":1,"enemies":"2 Louse","floor":5,"turns":3},{"damage":0,"enemies":"Exordium Wildlife","floor":7,"turns":2},{"damage":7,"enemies":"Blue Slaver","floor":11,"turns":2},{"damage":9,"enemies":"2 Fungi Beasts","floor":13,"turns":2},{"damage":68,"enemies":"Hexaghost","floor":16,"turns":8},{"damage":18,"enemies":"3 Byrds","floor":18,"turns":3},{"damage":6,"enemies":"Chosen","floor":21,"turns":2},{"damage":6,"enemies":"3 Cultists","floor":28,"turns":3},{"damage":22,"enemies":"Gremlin Leader","floor":29,"turns":3},{"damage":19,"enemies":"Chosen and Byrds","floor":31,"turns":3},{"damage":15,"enemies":"Champ","floor":33,"turns":5},{"damage":13,"enemies":"Orb Walker","floor":35,"turns":2},{"damage":48,"enemies":"3 Darklings","floor":36,"turns":3},{"damage":6,"enemies":"Jaw Worm Horde","floor":37,"turns":2},{"damage":23,"enemies":"Transient","floor":38,"turns":5},{"damage":13,"enemies":"3 Darklings","floor":41,"turns":2},{"damage":6,"enemies":"Jaw Worm Horde","floor":44,"turns":1},{"damage":19,"enemies":"Giant Head","floor":45,"turns":3},{"damage":39,"enemies":"4 Shapes","floor":46,"turns":4},{"damage":24,"enemies":"3 Darklings","floor":47,"turns":4},{"damage":20,"enemies":"Maw","floor":48,"turns":7},{"damage":57,"enemies":"Donu and Deca","floor":50,"turns":5}],"seed_played":"-9130182102741317970","potions_obtained":[{"floor":2,"key":"Dexterity Potion"},{"floor":13,"key":"AttackPotion"},{"floor":16,"key":"LiquidBronze"},{"floor":21,"key":"EssenceOfSteel"},{"floor":28,"key":"Regen Potion"},{"floor":29,"key":"Weak Potion"},{"floor":36,"key":"Dexterity Potion"},{"floor":37,"key":"Dexterity Potion"},{"floor":47,"key":"LiquidBronze"},{"floor":48,"key":"EssenceOfSteel"}],"is_trial":false,"path_per_floor":["M","M","?","?","M","R","M","R","T","?","M","R","M","$","R","B",null,"M","?","?","M","?","R","T","?","T","R","M","E","$","M","R","B",null,"M","M","M","M","$","R","M","?","T","M","E","M","M","M","R","B",null],"character_chosen":"IRONCLAD","items_purchased":["Cleave","Thread and Needle","Inflame","Heavy Blade","Pen Nib","Discovery","Happy Flower","Block Potion"],"campfire_rested":3,"item_purchase_floors":[14,14,30,30,30,30,39,39],"current_hp_per_floor":[76,71,71,60,67,67,75,75,75,75,76,76,75,75,75,15,80,68,52,52,54,54,54,54,54,54,78,80,64,64,53,77,70,80,73,60,62,59,59,59,54,54,54,56,45,59,43,31,55,26],"gold":142,"neow_bonus":"RANDOM_COMMON_RELIC","is_prod":false,"is_daily":false,"chose_seed":false,"campfire_upgraded":6,"win_rate":0,"timestamp":1567885903,"path_taken":["M","M","?","?","M","R","M","R","T","?","M","R","?","$","R","BOSS","M","?","?","M","?","R","?","?","T","R","?","E","$","M","R","BOSS","M","?","M","M","$","R","M","?","T","M","E","M","M","?","R","BOSS"],"build_version":"2019-07-17","purchased_purges":0,"victory":true,"max_hp_per_floor":[80,80,80,80,80,80,80,80,80,80,80,80,80,80,80,80,80,80,80,80,80,80,80,80,80,80,80,80,80,80,80,80,80,80,80,80,80,80,80,80,80,80,80,80,80,80,80,80,80,80],"card_choices":[{"not_picked":["True Grit","Disarm"],"picked":"Twin Strike","floor":1},{"not_picked":["Body Slam","Armaments","Feel No Pain"],"picked":"SKIP","floor":2},{"not_picked":["True Grit","Metallicize"],"picked":"Cleave","floor":5},{"not_picked":["Anger","Thunderclap"],"picked":"Inflame","floor":7},{"not_picked":["Headbutt","Wild Strike"],"picked":"Shrug It Off","floor":11},{"not_picked":["Havoc","Sword Boomerang"],"picked":"Anger","floor":13},{"not_picked":["Bludgeon","Barricade"],"picked":"Offering","floor":16},{"not_picked":["Hemokinesis","Havoc"],"picked":"Spot Weakness","floor":18},{"not_picked":["Sword Boomerang","True Grit+1"],"picked":"Wild Strike+1","floor":21},{"not_picked":["Body Slam+1","Sever Soul"],"picked":"Whirlwind","floor":28},{"not_picked":["Combust+1","Sword Boomerang"],"picked":"Armaments+1","floor":29},{"not_picked":["Second Wind","Pommel Strike"],"picked":"Armaments+1","floor":31},{"not_picked":["Exhume","Bludgeon"],"picked":"Reaper","floor":33},{"not_picked":["Uppercut","Sword Boomerang+1"],"picked":"Heavy Blade","floor":35},{"not_picked":["Fire Breathing","Havoc+1"],"picked":"Infernal Blade+1","floor":36},{"not_picked":["Rupture","Clash+1","Wild Strike+1"],"picked":"SKIP","floor":37},{"not_picked":["Sword Boomerang+1","Iron Wave"],"picked":"Thunderclap+1","floor":38},{"not_picked":["Bloodletting+1","Carnage+1"],"picked":"Power Through+1","floor":41},{"not_picked":["Sword Boomerang","Fire Breathing"],"picked":"Second Wind+1","floor":44},{"not_picked":["True Grit+1","Iron Wave"],"picked":"Flame Barrier+1","floor":45},{"not_picked":["Reckless Charge+1","Shrug It Off+1"],"picked":"Anger+1","floor":46},{"not_picked":["Pommel Strike+1","Clash+1"],"picked":"Heavy Blade+1","floor":47},{"not_picked":["Clash","Rage+1"],"picked":"Flex+1","floor":48}],"player_experience":215939,"relics_obtained":[{"floor":9,"key":"Centennial Puzzle"},{"floor":19,"key":"Enchiridion"},{"floor":24,"key":"Bottled Lightning"},{"floor":26,"key":"Self Forming Clay"},{"floor":29,"key":"Sundial"},{"floor":43,"key":"Art of War"},{"floor":45,"key":"Ancient Tea Set"}],"event_choices":[{"cards_removed":["Defend_R"],"damage_healed":0,"gold_gain":0,"player_choice":"Card Removal","damage_taken":0,"max_hp_gain":0,"max_hp_loss":0,"event_name":"The Cleric","floor":3,"gold_loss":50},{"damage_healed":0,"gold_gain":75,"player_choice":"Gather Gold","damage_taken":11,"max_hp_gain":0,"max_hp_loss":0,"event_name":"World of Goop","floor":4,"gold_loss":0},{"damage_healed":0,"gold_gain":175,"player_choice":"AGREE","damage_taken":0,"max_hp_gain":0,"max_hp_loss":0,"event_name":"Liars Game","floor":10,"gold_loss":0,"cards_obtained":["Doubt"]},{"damage_healed":0,"gold_gain":0,"player_choice":"Obtained Book","damage_taken":16,"max_hp_gain":0,"max_hp_loss":0,"event_name":"Cursed Tome","floor":19,"gold_loss":0},{"damage_healed":0,"gold_gain":0,"player_choice":"Read","damage_taken":0,"max_hp_gain":0,"max_hp_loss":0,"event_name":"The Library","floor":20,"gold_loss":0,"cards_obtained":["Spot Weakness"]},{"damage_healed":0,"gold_gain":99,"player_choice":"Stole From Cult","damage_taken":0,"max_hp_gain":0,"max_hp_loss":0,"event_name":"Nest","floor":22,"gold_loss":0},{"cards_removed":["Doubt"],"damage_healed":0,"gold_gain":0,"player_choice":"Removed Curses","damage_taken":0,"max_hp_gain":0,"max_hp_loss":0,"event_name":"Fountain of Cleansing","floor":25,"gold_loss":0},{"damage_healed":0,"gold_gain":0,"cards_transformed":["Strike_R"],"player_choice":"Transformed","damage_taken":0,"max_hp_gain":0,"max_hp_loss":0,"event_name":"Transmorgrifier","floor":42,"gold_loss":0,"cards_obtained":["Bloodletting"]}],"is_beta":false,"boss_relics":[{"not_picked":["Runic Pyramid","Astrolabe"],"picked":"Philosopher\u0027s Stone"},{"not_picked":["Velvet Choker","Black Star"],"picked":"Mark of Pain"}],"items_purged_floors":[],"is_endless":false,"potions_floor_spawned":[2,13,16,21,28,29,36,37,44,47,48],"ascension_level":0}