{"gold_per_floor":[119,137,153,172,172,172,207,207,230,230,245,280,280,301,301,392,392,415,435,435,350,350,350],"floor_reached":23,"playtime":919,"items_purged":[],"score":402,"play_id":"e49a69c3-5b17-49ad-9465-defc1709a2f5","local_time":"20191007211721","is_ascension_mode":true,"campfire_choices":[{"data":"Sunder","floor":6.0,"key":"SMITH"},{"floor":10.0,"key":"REST"},{"data":"Hello World","floor":13.0,"key":"SMITH"},{"floor":15,"key":"REST"}],"neow_cost":"NONE","seed_source_timestamp":775068131258100,"circlet_count":0,"master_deck":["AscendersBane","Strike_B","Strike_B","Strike_B","Strike_B","Defend_B","Defend_B","Defend_B","Defend_B","Zap","Dualcast","Leap","Rip and Tear","FTL","Sunder+1","Injury","Hello World+1","Cold Snap","Auto Shields","Creative AI","Leap","Gash"],"special_seed":0,"relics":["Cracked Core","Golden Idol","Blue Candle","Symbiotic Virus","Happy Flower","Shuriken","Sozu","Enchiridion","Bag of Preparation"],"potions_floor_usage":[16,16],"damage_taken":[{"damage":1.0,"enemies":"Cultist","floor":1.0,"turns":3.0},{"damage":7.0,"enemies":"Small Slimes","floor":2.0,"turns":4.0},{"damage":2.0,"enemies":"Jaw Worm","floor":3.0,"turns":3.0},{"damage":26.0,"enemies":"Large Slime","floor":4.0,"turns":5.0},{"damage":21.0,"enemies":"Lagavulin","floor":7.0,"turns":6.0},{"damage":9.0,"enemies":"Blue Slaver","floor":11.0,"turns":3.0},{"damage":17.0,"enemies":"3 Sentries","floor":12.0,"turns":6.0},{"damage":11,"enemies":"Red Slaver","floor":14,"turns":3},{"damage":21,"enemies":"The Guardian","floor":16,"turns":9},{"damage":16,"enemies":"3 Byrds","floor":18,"turns":5},{"damage":17,"enemies":"Spheric Guardian","floor":19,"turns":4},{"damage":29,"enemies":"Book of Stabbing","floor":23,"turns":3}],"seed_played":"5621517407988296382","potions_obtained":[{"floor":1.0,"key":"Dexterity Potion"},{"floor":2.0,"key":"Regen Potion"},{"floor":4.0,"key":"Energy Potion"},{"floor":12.0,"key":"LiquidBronze"},{"floor":14,"key":"FearPotion"}],"is_trial":false,"path_per_floor":["M","M","M","M","?","R","E","T","T","R","M","E","R","M","R","B",null,"M","M","?","?","?","E"],"character_chosen":"DEFECT","items_purchased":[],"campfire_rested":2,"item_purchase_floors":[],"current_hp_per_floor":[70,63,61,35,35,35,29,29,29,52,43,26,26,15,38,17,63,47,30,9,9,25,0],"gold":350,"neow_bonus":"TEN_PERCENT_HP_BONUS","is_prod":false,"is_daily":false,"chose_seed":false,"campfire_upgraded":2,"win_rate":0,"timestamp":1570475841,"path_taken":["M","M","M","?","?","R","E","?","T","R","M","E","R","M","R","BOSS","M","M","?","?","?","E"],"build_version":"2019-07-17","purchased_purges":0,"victory":false,"max_hp_per_floor":[78,78,78,78,78,78,78,78,78,78,78,78,78,78,78,78,78,78,78,78,78,78,78],"card_choices":[{"not_picked":["Heatsinks","Sweeping Beam"],"picked":"Leap","floor":1.0},{"not_picked":["Skim","Redo"],"picked":"Rip and Tear","floor":2.0},{"not_picked":["Compile Driver","Sweeping Beam"],"picked":"FTL","floor":3.0},{"not_picked":["Chill","Storm"],"picked":"Sunder","floor":4.0},{"not_picked":["Hologram","Reprogram"],"picked":"Hello World","floor":7.0},{"not_picked":["Hello World","Rebound","Sweeping Beam"],"picked":"SKIP","floor":11.0},{"not_picked":["Turbo","Sunder"],"picked":"Cold Snap","floor":12.0},{"not_picked":["Hologram","Ball Lightning"],"picked":"Auto Shields","floor":14},{"not_picked":["Biased Cognition","Reboot"],"picked":"Creative AI","floor":16},{"not_picked":["Sunder","Barrage"],"picked":"Leap","floor":18},{"not_picked":["Turbo","Rebound+1"],"picked":"Gash","floor":19}],"player_experience":434332,"relics_obtained":[{"floor":7.0,"key":"Blue Candle"},{"floor":8.0,"key":"Symbiotic Virus"},{"floor":9.0,"key":"Happy Flower"},{"floor":12.0,"key":"Shuriken"},{"floor":20,"key":"Enchiridion"}],"event_choices":[{"damage_healed":0.0,"max_hp_gain":0.0,"max_hp_loss":0.0,"gold_gain":0.0,"event_name":"Golden Idol","player_choice":"Take Wound","floor":5.0,"gold_loss":0.0,"damage_taken":0.0,"relics_obtained":["Golden Idol"],"cards_obtained":["Injury"]},{"damage_healed":0,"gold_gain":0,"player_choice":"Obtained Book","damage_taken":21,"max_hp_gain":0,"max_hp_loss":0,"event_name":"Cursed Tome","floor":20,"gold_loss":0},{"damage_healed":0,"gold_gain":0,"player_choice":"Obtained Relic","damage_taken":0,"relics_obtained":["Bag of Preparation"],"max_hp_gain":0,"max_hp_loss":0,"event_name":"Addict","floor":21,"gold_loss":85},{"damage_healed":16,"gold_gain":0,"player_choice":"Heal","damage_taken":0,"max_hp_gain":0,"max_hp_loss":0,"event_name":"The Library","floor":22,"gold_loss":0}],"is_beta":false,"boss_relics":[{"not_picked":["Empty Cage","Eternal Feather"],"picked":"Sozu"}],"items_purged_floors":[],"is_endless":false,"potions_floor_spawned":[1,2,4,12,14,19],"killed_by":"Book of Stabbing","ascension_level":20}