{"gold_per_floor":[110,122,122,136,153,179,179,214,238,238,163,163,163,173,173,250,250,260,274,195,195,212,245,245,259,259,259,287,299,315,326,326,404,404,414,414,432,447,22,350,350,0,27,44,44,64,64,75,75,75],"floor_reached":51,"playtime":2898,"items_purged":["Strike_G"],"score":1276,"play_id":"eca2933e-fbfa-487f-995f-cac263b2f46a","local_time":"20191003070439","is_ascension_mode":true,"campfire_choices":[{"floor":7.0,"key":"REST"},{"data":"Noxious Fumes","floor":10.0,"key":"SMITH"},{"floor":13.0,"key":"REST"},{"data":"Footwork","floor":15.0,"key":"SMITH"},{"floor":27.0,"key":"REST"},{"floor":32.0,"key":"REST"},{"floor":45,"key":"REST"},{"data":"1","floor":49,"key":"LIFT"}],"neow_cost":"NONE","seed_source_timestamp":375777084079000,"circlet_count":0,"master_deck":["AscendersBane","Defend_G","Defend_G","Defend_G","Defend_G","Survivor","Neutralize","Escape Plan","Skewer","Poisoned Stab","Noxious Fumes+1","Crippling Poison","Leg Sweep","Footwork+1","A Thousand Cuts","PiercingWail","Cloak And Dagger","Caltrops","Eviscerate","Escape Plan+1","Poisoned Stab+1","Finisher","Caltrops","Slice","Die Die Die","Crippling Poison","Noxious Fumes+1","After Image","Blade Dance+1","Noxious Fumes","Backstab","PiercingWail+1","Parasite","Dodge and Roll+1","Backflip","Doubt"],"special_seed":0,"relics":["Ring of the Serpent","Happy Flower","Snake Skull","Bag of Marbles","Pen Nib","Fusion Hammer","Girya","Singing Bowl","Centennial Puzzle","Ancient Tea Set","Old Coin","Red Mask","Bag of Preparation"],"potions_floor_usage":[44,44,50],"damage_taken":[{"damage":5.0,"enemies":"Cultist","floor":1.0,"turns":5.0},{"damage":1.0,"enemies":"Small Slimes","floor":2.0,"turns":5.0},{"damage":0.0,"enemies":"2 Louse","floor":4.0,"turns":2.0},{"damage":0.0,"enemies":"Exordium Wildlife","floor":5.0,"turns":4.0},{"damage":26.0,"enemies":"Lagavulin","floor":6.0,"turns":8.0},{"damage":17.0,"enemies":"3 Sentries","floor":8.0,"turns":7.0},{"damage":0.0,"enemies":"Gremlin Gang","floor":14.0,"turns":5.0},{"damage":21.0,"enemies":"The Guardian","floor":16.0,"turns":9.0},{"damage":10.0,"enemies":"Spheric Guardian","floor":18.0,"turns":5.0},{"damage":0.0,"enemies":"3 Byrds","floor":19.0,"turns":4.0},{"damage":5.0,"enemies":"Centurion and Healer","floor":22.0,"turns":9.0},{"damage":7.0,"enemies":"Slavers","floor":23.0,"turns":6.0},{"damage":5.0,"enemies":"Chosen and Byrds","floor":25.0,"turns":7.0},{"damage":10.0,"enemies":"Book of Stabbing","floor":28.0,"turns":5.0},{"damage":13.0,"enemies":"Sentry and Sphere","floor":29.0,"turns":5.0},{"damage":7.0,"enemies":"Centurion and Healer","floor":30.0,"turns":8.0},{"damage":21.0,"enemies":"Snecko","floor":31.0,"turns":5.0},{"damage":22.0,"enemies":"Collector","floor":33.0,"turns":8.0},{"damage":5.0,"enemies":"3 Shapes","floor":35.0,"turns":5.0},{"damage":1.0,"enemies":"Orb Walker","floor":37.0,"turns":3.0},{"damage":20.0,"enemies":"4 Shapes","floor":38.0,"turns":6.0},{"damage":17.0,"enemies":"Reptomancer","floor":40.0,"turns":5.0},{"damage":11,"enemies":"Writhing Mass","floor":44,"turns":6},{"damage":1,"enemies":"Spire Growth","floor":46,"turns":5},{"damage":10,"enemies":"3 Darklings","floor":48,"turns":5},{"damage":62,"enemies":"Awakened One","floor":50,"turns":13}],"seed_played":"6710385929720430679","potions_obtained":[{"floor":1.0,"key":"Explosive Potion"},{"floor":3.0,"key":"LiquidBronze"},{"floor":5.0,"key":"EssenceOfSteel"},{"floor":6.0,"key":"Energy Potion"},{"floor":8.0,"key":"Strength Potion"},{"floor":19.0,"key":"Swift Potion"},{"floor":22.0,"key":"AttackPotion"},{"floor":25.0,"key":"LiquidBronze"},{"floor":29.0,"key":"LiquidBronze"},{"floor":31.0,"key":"EntropicBrew"},{"floor":40.0,"key":"EssenceOfSteel"},{"floor":46,"key":"SpeedPotion"}],"is_trial":false,"path_per_floor":["M","M","?","M","M","E","R","E","T","R","?","?","R","M","R","B",null,"M","M","$","?","M","E","?","M","T","R","E","M","M","M","R","B",null,"M","?","M","M","$","E","?","?","T","M","R","M","?","M","R","B",null],"character_chosen":"THE_SILENT","items_purchased":["Caltrops","Noxious Fumes","Ancient Tea Set","Swift Potion","Backstab"],"campfire_rested":5,"item_purchase_floors":[20,39,39,39,39],"current_hp_per_floor":[60,59,59,59,59,33,54,37,37,37,37,19,40,40,40,19,59,49,49,49,49,44,37,37,32,32,53,43,32,25,4,26,4,57,52,52,53,35,35,18,18,18,18,7,30,29,78,70,70,8],"gold":75,"neow_bonus":"TEN_PERCENT_HP_BONUS","is_prod":false,"is_daily":false,"chose_seed":false,"campfire_upgraded":2,"win_rate":0,"timestamp":1570079079,"path_taken":["M","M","?","?","M","E","R","E","T","R","?","?","R","M","R","BOSS","M","M","$","?","?","E","?","M","T","R","E","M","M","M","R","BOSS","M","?","M","M","$","E","?","?","T","M","R","M","?","M","R","BOSS"],"build_version":"2019-07-17","purchased_purges":1,"victory":true,"max_hp_per_floor":[72,72,72,72,72,72,72,72,72,72,72,72,72,72,72,72,72,72,72,72,72,72,72,72,72,72,72,72,74,74,74,74,74,74,74,74,76,78,78,78,78,78,78,78,78,78,78,80,80,80],"card_choices":[{"not_picked":["Sucker Punch","Predator"],"picked":"Escape Plan","floor":1.0},{"not_picked":["Flying Knee","Flechettes"],"picked":"Skewer","floor":2.0},{"not_picked":["Caltrops","Underhanded Strike"],"picked":"Poisoned Stab","floor":4.0},{"not_picked":["Leg Sweep","Blade Dance"],"picked":"Noxious Fumes","floor":5.0},{"not_picked":["Flechettes","Caltrops"],"picked":"Crippling Poison","floor":6.0},{"not_picked":["Well Laid Plans","Wraith Form v2"],"picked":"Leg Sweep","floor":8.0},{"not_picked":["Bane","Deadly Poison"],"picked":"Footwork","floor":14.0},{"not_picked":["Storm of Steel","Phantasmal Killer"],"picked":"A Thousand Cuts","floor":16.0},{"not_picked":["Acrobatics","Finisher"],"picked":"PiercingWail","floor":18.0},{"not_picked":["PiercingWail","Choke"],"picked":"Cloak And Dagger","floor":19.0},{"not_picked":["Prepared","Blur"],"picked":"Escape Plan+1","floor":22.0},{"not_picked":["Underhanded Strike","Acrobatics"],"picked":"Poisoned Stab+1","floor":23.0},{"not_picked":["Cloak And Dagger","Bane"],"picked":"Slice","floor":25.0},{"not_picked":["Flechettes+1","Poisoned Stab+1"],"picked":"Die Die Die","floor":28.0},{"not_picked":["Underhanded Strike","Endless Agony","Prepared"],"picked":"Singing Bowl","floor":29.0},{"not_picked":["Flying Knee","Bane"],"picked":"Crippling Poison","floor":30.0},{"not_picked":["Prepared","Slice"],"picked":"Noxious Fumes+1","floor":31.0},{"not_picked":["Malaise","Burst"],"picked":"After Image","floor":33.0},{"not_picked":["Underhanded Strike","PiercingWail"],"picked":"Blade Dance+1","floor":35.0},{"not_picked":["Dagger Throw+1","Eviscerate","Flying Knee"],"picked":"Singing Bowl","floor":37.0},{"not_picked":["PiercingWail","Dagger Spray","Quick Slash"],"picked":"Singing Bowl","floor":38.0},{"not_picked":["Underhanded Strike","Blade Dance"],"picked":"PiercingWail+1","floor":40.0},{"not_picked":["Tactician","Poisoned Stab"],"picked":"Dodge and Roll+1","floor":44},{"not_picked":["A Thousand Cuts","Masterful Stab+1"],"picked":"Backflip","floor":46},{"not_picked":["Finisher","Well Laid Plans+1","Dagger Throw"],"picked":"Singing Bowl","floor":48}],"player_experience":407581,"relics_obtained":[{"floor":6.0,"key":"Happy Flower"},{"floor":8.0,"key":"Snake Skull"},{"floor":9.0,"key":"Bag of Marbles"},{"floor":23.0,"key":"Girya"},{"floor":26.0,"key":"Singing Bowl"},{"floor":28.0,"key":"Centennial Puzzle"},{"floor":40.0,"key":"Old Coin"},{"floor":43,"key":"Bag of Preparation"}],"event_choices":[{"damage_healed":0.0,"max_hp_gain":0.0,"max_hp_loss":0.0,"gold_gain":0.0,"event_name":"Lab","player_choice":"Got Potions","floor":3.0,"gold_loss":0.0,"damage_taken":0.0},{"cards_removed":["Strike_G"],"damage_healed":0.0,"max_hp_gain":0.0,"max_hp_loss":0.0,"gold_gain":0.0,"event_name":"The Cleric","player_choice":"Card Removal","floor":11.0,"gold_loss":75.0,"damage_taken":0.0},{"damage_healed":0.0,"max_hp_gain":0.0,"max_hp_loss":0.0,"gold_gain":0.0,"event_name":"Scrap Ooze","player_choice":"Success","floor":12.0,"gold_loss":0.0,"damage_taken":18.0,"relics_obtained":["Pen Nib"]},{"damage_healed":0.0,"max_hp_gain":0.0,"max_hp_loss":0.0,"gold_gain":0.0,"cards_transformed":["Strike_G"],"event_name":"Transmorgrifier","player_choice":"Transformed","floor":21.0,"gold_loss":0.0,"damage_taken":0.0,"cards_obtained":["Eviscerate"]},{"damage_healed":0.0,"max_hp_gain":0.0,"max_hp_loss":0.0,"gold_gain":0.0,"cards_transformed":["Strike_G","Strike_G"],"event_name":"Drug Dealer","player_choice":"Became Test Subject","floor":24.0,"gold_loss":0.0,"damage_taken":0.0,"cards_obtained":["Finisher","Caltrops"]},{"cards_removed":["Defend_G"],"damage_healed":0.0,"max_hp_gain":0.0,"max_hp_loss":0.0,"gold_gain":0.0,"event_name":"Falling","player_choice":"Removed Skill","floor":36.0,"gold_loss":0.0,"damage_taken":0.0},{"damage_healed":0,"gold_gain":0,"player_choice":"Ignored","damage_taken":0,"max_hp_gain":0,"max_hp_loss":0,"event_name":"Mysterious Sphere","floor":41,"gold_loss":0},{"damage_healed":0,"gold_gain":0,"player_choice":"Paid","damage_taken":0,"relics_obtained":["Red Mask"],"max_hp_gain":0,"max_hp_loss":0,"event_name":"Tomb of Lord Red Mask","floor":42,"gold_loss":350},{"damage_healed":49,"gold_gain":0,"player_choice":"Heal","damage_taken":0,"max_hp_gain":0,"max_hp_loss":0,"event_name":"MindBloom","floor":47,"gold_loss":0,"cards_obtained":["Doubt"]}],"is_beta":false,"boss_relics":[{"not_picked":["Pandora\u0027s Box","Runic Pyramid"],"picked":"Fusion Hammer"},{"not_picked":["Velvet Choker","Tiny House"],"picked":"Ring of the Serpent"}],"items_purged_floors":[39],"is_endless":false,"potions_floor_spawned":[1,5,6,8,19,22,25,29,31,40,46],"ascension_level":16}