{"gold_per_floor":[111,122,135,135,149,149,177,177,201,214,214,225,225,238,238,340,340,357,53,70,70,70,84,104,134,134,134,134,152,152,169,169,266,316,333,149,0,16,16,16,79,98,122,122,172,144,194,214,214,214],"floor_reached":50,"playtime":8077,"items_purged":[],"score":516,"play_id":"535963f3-3954-4ced-b7a9-7aaa83998124","local_time":"20190916220816","is_ascension_mode":false,"campfire_choices":[{"data":"WindmillStrike","floor":6.0,"key":"SMITH"},{"floor":8.0,"key":"REST"},{"data":"Judgement","floor":11.0,"key":"SMITH"},{"data":"Consecrate","floor":13.0,"key":"SMITH"},{"data":"Sanctity","floor":15.0,"key":"SMITH"},{"data":"Nirvana","floor":28.0,"key":"SMITH"},{"data":"Vengeance","floor":30.0,"key":"SMITH"},{"data":"Fasting","floor":32.0,"key":"SMITH"},{"floor":40.0,"key":"REST"},{"data":"Omniscience","floor":44.0,"key":"SMITH"},{"floor":49.0,"key":"REST"}],"neow_cost":"TEN_PERCENT_HP_LOSS","seed_source_timestamp":0,"circlet_count":0,"master_deck":["Strike_P","Strike_P","Defend_P","Defend_P","Defend_P","Defend_P","Eruption","Vigilance","Judgement+1","WindmillStrike+1","Protect+1","Fasting+1","Protect","Consecrate+1","FollowUp","Sanctity+1","Tantrum","Nirvana+1","CurseOfTheBell","Vengeance+1","CutThroughFate","FlurryOfBlows","SashWhip+1","FlowState","Ghostly","Ghostly","Ghostly","Ghostly","Ghostly","Wallop+1","ClearTheMind","Omniscience+1","Worship+1","EmptyMind+1","Devotion","CrushJoints+1","Consecrate+1","Sanctity+1","Establishment","Enlightenment","Dramatic Entrance","Violence","Parasite","Consecrate+1"],"special_seed":0,"relics":["PureWater","Strawberry","Anchor","Calling Bell","Pen Nib","Mummified Hand","StoneCalendar","Gambling Chip","Ancient Tea Set","Blood Vial","Tiny House","Frozen Eye","Red Mask","SsserpentHead"],"potions_floor_usage":[50],"damage_taken":[{"damage":0.0,"enemies":"2 Louse","floor":1.0,"turns":1.0},{"damage":0.0,"enemies":"Cultist","floor":2.0,"turns":2.0},{"damage":0.0,"enemies":"Small Slimes","floor":3.0,"turns":2.0},{"damage":5.0,"enemies":"Exordium Thugs","floor":5.0,"turns":4.0},{"damage":23.0,"enemies":"3 Sentries","floor":7.0,"turns":7.0},{"damage":0.0,"enemies":"Large Slime","floor":10.0,"turns":4.0},{"damage":0.0,"enemies":"Looter","floor":12.0,"turns":1.0},{"damage":0.0,"enemies":"Exordium Wildlife","floor":14.0,"turns":2.0},{"damage":33.0,"enemies":"The Guardian","floor":16.0,"turns":10.0},{"damage":22.0,"enemies":"2 Thieves","floor":18.0,"turns":4.0},{"damage":0.0,"enemies":"Chosen","floor":20.0,"turns":3.0},{"damage":8.0,"enemies":"Snake Plant","floor":23.0,"turns":3.0},{"damage":0.0,"enemies":"Chosen and Byrds","floor":24.0,"turns":3.0},{"damage":10.0,"enemies":"Slavers","floor":25.0,"turns":6.0},{"damage":1.0,"enemies":"Centurion and Healer","floor":29.0,"turns":4.0},{"damage":2.0,"enemies":"Snecko","floor":31.0,"turns":5.0},{"damage":6.0,"enemies":"Automaton","floor":33.0,"turns":8.0},{"damage":11.0,"enemies":"3 Shapes","floor":35.0,"turns":3.0},{"damage":2.0,"enemies":"3 Darklings","floor":38.0,"turns":7.0},{"damage":1.0,"enemies":"Transient","floor":41.0,"turns":5.0},{"damage":6.0,"enemies":"Sphere and 2 Shapes","floor":42.0,"turns":3.0},{"damage":3.0,"enemies":"Writhing Mass","floor":48.0,"turns":6.0},{"damage":46,"enemies":"Time Eater","floor":50,"turns":10}],"seed_played":"3129943261042188083","potions_obtained":[{"floor":1.0,"key":"SteroidPotion"},{"floor":2.0,"key":"Poison Potion"},{"floor":4.0,"key":"Fruit Juice"},{"floor":4.0,"key":"EntropicBrew"},{"floor":10.0,"key":"AttackPotion"},{"floor":25.0,"key":"FearPotion"},{"floor":31.0,"key":"Poison Potion"},{"floor":33.0,"key":"Swift Potion"},{"floor":34.0,"key":"StancePotion"},{"floor":35.0,"key":"SkillPotion"},{"floor":42.0,"key":"PowerPotion"}],"is_trial":false,"path_per_floor":["M","M","M","?","M","R","E","R","T","M","R","M","R","M","R","B",null,"M","$","M","?","$","M","M","E","T","?","R","M","R","M","R","B",null,"M","$","?","M","?","R","M","M","T","R","?","$","?","M","R","B"],"character_chosen":"WATCHER","items_purchased":["Gambling Chip","Devotion","Frozen Eye","Establishment"],"campfire_rested":3,"item_purchase_floors":[19,36,36,46],"current_hp_per_floor":[59,59,59,64,59,59,43,64,64,64,64,64,64,64,64,31,71,49,49,49,49,49,41,41,71,71,35,35,34,34,33,33,29,40,29,29,29,29,29,40,39,34,34,34,34,34,24,23,35,0],"gold":214,"neow_bonus":"THREE_RARE_CARDS","is_prod":false,"is_daily":false,"chose_seed":false,"campfire_upgraded":8,"win_rate":0.0,"timestamp":1568696896,"path_taken":["M","M","M","?","?","R","E","R","T","M","R","M","R","M","R","BOSS","M","$","?","?","?","M","M","E","T","?","R","M","R","M","R","BOSS","M","$","?","M","?","R","?","M","T","R","?","?","?","M","R","BOSS"],"build_version":"2019-09-16","purchased_purges":0,"victory":false,"max_hp_per_floor":[59,59,59,64,64,64,71,71,71,71,71,71,71,71,71,71,71,71,71,71,71,71,71,71,71,71,35,35,35,35,35,35,35,40,40,40,40,40,40,40,40,40,40,40,40,40,40,40,40,40],"card_choices":[{"not_picked":["LessonLearned","Metaphysics"],"picked":"Judgement","floor":0.0},{"not_picked":["TalkToTheHand","EmptyMind"],"picked":"WindmillStrike","floor":1.0},{"not_picked":["JustLucky","Weave"],"picked":"Protect","floor":2.0},{"not_picked":["Halt","FearNoEvil"],"picked":"Fasting","floor":3.0},{"not_picked":["Crescendo","Halt"],"picked":"Protect","floor":5.0},{"not_picked":["ThirdEye","SignatureMove"],"picked":"Consecrate","floor":7.0},{"not_picked":["Weave","ClearTheMind"],"picked":"FollowUp","floor":10.0},{"not_picked":["EmptyFist","FlurryOfBlows"],"picked":"Sanctity","floor":12.0},{"not_picked":["Protect","Weave"],"picked":"Tantrum","floor":14.0},{"not_picked":["Brilliance","DeusExMachina"],"picked":"Nirvana","floor":16.0},{"not_picked":["ClearTheMind","WaveOfTheHand"],"picked":"Vengeance","floor":18.0},{"not_picked":["EmptyFist","ThirdEye"],"picked":"CutThroughFate","floor":20.0},{"not_picked":["Tantrum","CarveReality"],"picked":"FlurryOfBlows","floor":23.0},{"not_picked":["Protect+1","EmptyMind+1"],"picked":"SashWhip+1","floor":24.0},{"not_picked":["Meditate","Swivel+1"],"picked":"FlowState","floor":25.0},{"not_picked":["Halt","JustLucky"],"picked":"Wallop+1","floor":29.0},{"not_picked":["Tantrum","WaveOfTheHand+1"],"picked":"ClearTheMind","floor":31.0},{"not_picked":["Judgement","BattleHymn"],"picked":"Omniscience","floor":33.0},{"not_picked":["SashWhip+1","EmptyBody+1"],"picked":"Worship+1","floor":34.0},{"not_picked":["Protect","JustLucky"],"picked":"EmptyMind+1","floor":35.0},{"not_picked":["PathToVictory","Prostrate+1"],"picked":"CrushJoints+1","floor":38.0},{"not_picked":["JustLucky+1","Judgement"],"picked":"Consecrate+1","floor":41.0},{"not_picked":["CutThroughFate+1","Crescendo+1"],"picked":"Sanctity+1","floor":42.0},{"not_picked":["Discovery","Madness"],"picked":"Enlightenment","floor":47.0},{"not_picked":["Blind","Chrysalis"],"picked":"Dramatic Entrance","floor":47.0},{"not_picked":["Finesse","Dark Shackles"],"picked":"Violence","floor":47.0},{"not_picked":["EmptyFist+1","FlyingSleeves+1"],"picked":"Consecrate+1","floor":48.0}],"player_experience":232808,"relics_obtained":[{"floor":7.0,"key":"Strawberry"},{"floor":9.0,"key":"Anchor"},{"floor":17.0,"key":"Pen Nib"},{"floor":17.0,"key":"Mummified Hand"},{"floor":17.0,"key":"StoneCalendar"},{"floor":25.0,"key":"Ancient Tea Set"},{"floor":26.0,"key":"Blood Vial"}],"event_choices":[{"damage_healed":0.0,"max_hp_gain":0.0,"max_hp_loss":0.0,"gold_gain":0.0,"event_name":"Lab","player_choice":"Got Potions","floor":4.0,"gold_loss":0.0,"damage_taken":0.0},{"cards_removed":["Strike_P"],"damage_healed":0.0,"max_hp_gain":0.0,"max_hp_loss":0.0,"gold_gain":0.0,"event_name":"Purifier","player_choice":"Purged","floor":21.0,"gold_loss":0.0,"damage_taken":0.0},{"damage_healed":0.0,"max_hp_gain":0.0,"max_hp_loss":36.0,"gold_gain":0.0,"event_name":"Ghosts","player_choice":"Became a Ghost","floor":27.0,"gold_loss":0.0,"damage_taken":0.0,"cards_obtained":["Ghostly","Ghostly","Ghostly","Ghostly","Ghostly"]},{"damage_healed":0.0,"max_hp_gain":0.0,"max_hp_loss":0.0,"gold_gain":0.0,"event_name":"Tomb of Lord Red Mask","player_choice":"Paid","floor":37.0,"gold_loss":149.0,"damage_taken":0.0,"relics_obtained":["Red Mask"]},{"damage_healed":0.0,"max_hp_gain":0.0,"max_hp_loss":0.0,"gold_gain":0.0,"event_name":"FaceTrader","player_choice":"Trade","floor":39.0,"gold_loss":0.0,"damage_taken":0.0,"relics_obtained":["SsserpentHead"]},{"cards_removed":["Strike_P"],"damage_healed":0.0,"max_hp_gain":0.0,"max_hp_loss":0.0,"gold_gain":0.0,"event_name":"Falling","player_choice":"Removed Attack","floor":45.0,"gold_loss":0.0,"damage_taken":0.0},{"damage_healed":0.0,"max_hp_gain":0.0,"max_hp_loss":0.0,"gold_gain":0.0,"event_name":"SensoryStone","player_choice":"Memory 3","floor":47.0,"gold_loss":0.0,"damage_taken":10.0}],"is_beta":true,"boss_relics":[{"not_picked":["Cursed Key","Astrolabe"],"picked":"Calling Bell"},{"not_picked":["Coffee Dripper","Empty Cage"],"picked":"Tiny House"}],"items_purged_floors":[],"is_endless":false,"potions_floor_spawned":[1,2,10,12,24,25,31,33,35,42],"killed_by":"Time Eater","ascension_level":0}