{"gold_per_floor":[116,116,191,203,218,249,249,265,290,301,335,335,335,353,353,456,456,468,468,143,128,146,174,185,185],"floor_reached":25,"playtime":2060,"items_purged":[],"score":282,"play_id":"4d8a0512-f96d-468a-99c2-32c6d86b8372","local_time":"20190913184623","is_ascension_mode":true,"campfire_choices":[{"floor":7,"key":"REST"},{"data":"Footwork","floor":12,"key":"SMITH"},{"data":"Well Laid Plans","floor":15,"key":"SMITH"}],"neow_cost":"NONE","seed_source_timestamp":2763167048539600,"circlet_count":0,"master_deck":["Strike_G+1","Strike_G+1","Strike_G+1","Strike_G+1","Strike_G+1","Defend_G+1","Defend_G+1","Defend_G+1","Defend_G+1","Defend_G+1","Survivor","Neutralize+1","Poisoned Stab","Infinite Blades+1","Terror","Tools of the Trade","Footwork+1","Quick Slash","Well Laid Plans+1","Infinite Blades","Bullet Time","Backflip+1","Footwork","Deadly Poison","Blur+1","After Image","Bouncing Flask"],"relics":["Ring of the Snake","Regal Pillow","War Paint","Omamori","Fusion Hammer","Matryoshka","Peace Pipe"],"potions_floor_usage":[21,22,23,25],"damage_taken":[{"damage":7,"enemies":"Jaw Worm","floor":1,"turns":4},{"damage":0,"enemies":"Small Slimes","floor":4,"turns":2},{"damage":0,"enemies":"Cultist","floor":5,"turns":3},{"damage":22,"enemies":"Lagavulin","floor":6,"turns":5},{"damage":1,"enemies":"2 Fungi Beasts","floor":8,"turns":4},{"damage":2,"enemies":"Red Slaver","floor":10,"turns":4},{"damage":6,"enemies":"3 Sentries","floor":11,"turns":10},{"damage":2,"enemies":"Large Slime","floor":14,"turns":5},{"damage":27,"enemies":"The Guardian","floor":16,"turns":10},{"damage":10,"enemies":"3 Byrds","floor":18,"turns":6},{"damage":0,"enemies":"2 Thieves","floor":21,"turns":4},{"damage":5,"enemies":"Shelled Parasite and Fungi","floor":22,"turns":6},{"damage":30,"enemies":"Slavers","floor":23,"turns":8},{"damage":5,"enemies":"3 Cultists","floor":24,"turns":7},{"damage":29,"enemies":"Gremlin Leader","floor":25,"turns":3}],"seed_played":"-766098430737662716","potions_obtained":[{"floor":1,"key":"Explosive Potion"},{"floor":4,"key":"Strength Potion"},{"floor":8,"key":"EssenceOfSteel"},{"floor":22,"key":"GamblersBrew"},{"floor":23,"key":"SteroidPotion"}],"is_trial":false,"path_per_floor":["M","?","?","M","M","E","R","M","T","M","E","R","?","M","R","B",null,"M","?","$","M","M","E","M","E"],"character_chosen":"THE_SILENT","items_purchased":["Matryoshka","Footwork"],"campfire_rested":1,"item_purchase_floors":[20,20],"current_hp_per_floor":[70,70,59,59,59,37,75,74,74,72,66,66,66,64,64,37,77,67,67,67,67,62,32,27,0],"gold":185,"neow_bonus":"TEN_PERCENT_HP_BONUS","is_prod":false,"is_daily":false,"chose_seed":false,"campfire_upgraded":2,"win_rate":0,"timestamp":1568393183,"path_taken":["M","?","?","?","M","E","R","M","T","?","E","R","?","M","R","BOSS","M","?","$","M","M","E","M","E"],"build_version":"2019-07-17","purchased_purges":0,"victory":false,"max_hp_per_floor":[77,77,77,77,77,77,77,77,77,77,77,77,77,77,77,77,77,77,77,77,77,77,77,77,77],"card_choices":[{"not_picked":["PiercingWail","Setup"],"picked":"Poisoned Stab","floor":1},{"not_picked":["Terror","Flying Knee"],"picked":"Infinite Blades","floor":4},{"not_picked":["Slice","Dagger Throw"],"picked":"Terror","floor":5},{"not_picked":["Underhanded Strike","Flying Knee"],"picked":"Tools of the Trade","floor":6},{"not_picked":["Poisoned Stab","Sucker Punch"],"picked":"Footwork","floor":8},{"not_picked":["Slice","Deflect"],"picked":"Quick Slash","floor":10},{"not_picked":["Poisoned Stab","Quick Slash"],"picked":"Well Laid Plans","floor":11},{"not_picked":["Backstab","Die Die Die"],"picked":"Infinite Blades","floor":14},{"not_picked":["Grand Finale","Wraith Form v2"],"picked":"Bullet Time","floor":16},{"not_picked":["Sucker Punch+1","Flying Knee"],"picked":"Backflip+1","floor":18},{"not_picked":["Poisoned Stab","Outmaneuver"],"picked":"Deadly Poison","floor":21},{"not_picked":["Outmaneuver+1","Dagger Spray"],"picked":"Blur+1","floor":22},{"not_picked":["Caltrops","Reflex"],"picked":"After Image","floor":23},{"not_picked":["Tactician","Blade Dance"],"picked":"Bouncing Flask","floor":24}],"player_experience":166773,"relics_obtained":[{"floor":6,"key":"Regal Pillow"},{"floor":9,"key":"War Paint"},{"floor":11,"key":"Omamori"},{"floor":23,"key":"Peace Pipe"}],"event_choices":[{"damage_healed":0,"gold_gain":0,"player_choice":"Grow","damage_taken":0,"max_hp_gain":0,"max_hp_loss":0,"event_name":"Living Wall","floor":2,"gold_loss":0,"cards_upgraded":["Neutralize"]},{"damage_healed":0,"gold_gain":75,"player_choice":"Gather Gold","damage_taken":11,"max_hp_gain":0,"max_hp_loss":0,"event_name":"World of Goop","floor":3,"gold_loss":0},{"damage_healed":0,"gold_gain":0,"player_choice":"Forge","damage_taken":0,"max_hp_gain":0,"max_hp_loss":0,"event_name":"Accursed Blacksmith","floor":13,"gold_loss":0,"cards_upgraded":["Infinite Blades"]},{"damage_healed":0,"gold_gain":0,"player_choice":"Simplicity","damage_taken":0,"max_hp_gain":0,"max_hp_loss":0,"event_name":"Back to Basics","floor":19,"gold_loss":0,"cards_upgraded":["Strike_G","Strike_G","Strike_G","Strike_G","Strike_G","Defend_G","Defend_G","Defend_G"]}],"is_beta":false,"boss_relics":[{"not_picked":["Empty Cage","Coffee Dripper"],"picked":"Fusion Hammer"}],"items_purged_floors":[],"is_endless":false,"potions_floor_spawned":[1,4,8,11,14,18,22,23],"killed_by":"Gremlin Leader","ascension_level":4}