{"gold_per_floor":[116,133,133,144,155,155,105,135,180,180,211,211,228,257,257,355,355,339,339,356,370,50,83,83,103,126,126,126,144,144,1,1,98,98,112,128,141,158,176,176,201,201,201,201,28,28,42,42,42,42],"floor_reached":51,"playtime":5300,"items_purged":["Strike_B","Strike_B+1"],"score":792,"play_id":"e7198f8e-3ef3-4c2d-8daa-d34ee4ad1ac8","local_time":"20191009153403","is_ascension_mode":true,"campfire_choices":[{"data":"Zap","floor":6.0,"key":"SMITH"},{"floor":12.0,"key":"REST"},{"floor":15.0,"key":"REST"},{"floor":28,"key":"REST"},{"floor":32,"key":"REST"},{"floor":40,"key":"REST"},{"floor":42,"key":"REST"},{"floor":49,"key":"REST"}],"neow_cost":"NONE","seed_source_timestamp":0,"circlet_count":0,"master_deck":["Strike_B+1","Strike_B+1","Defend_B+1","Defend_B+1","Zap+1","Dualcast+1","Chill+1","Coolheaded+1","Steam+1","Doom and Gloom+1","Compile Driver+1","Cold Snap+1","Multi-Cast+1","Darkness+1","Barrage+1","Core Surge+1","Redo+1","Zap+1","Machine Learning+1","Hologram+1","Consume+1","Capacitor+1","Darkness+1"],"special_seed":0,"relics":["Cracked Core","Omamori","Gremlin Horn","War Paint","Happy Flower","Potion Belt","Dodecahedron","PreservedInsect","Inserter","Frozen Egg 2","Bag of Marbles","Whetstone","Oddly Smooth Stone","Fusion Hammer","Bottled Lightning","Bottled Flame","Mark of the Bloom"],"potions_floor_usage":[21,23,25,33,41,48,50,50,50],"damage_taken":[{"damage":0.0,"enemies":"Cultist","floor":1.0,"turns":4.0},{"damage":0.0,"enemies":"Small Slimes","floor":2.0,"turns":2.0},{"damage":2.0,"enemies":"2 Louse","floor":4.0,"turns":2.0},{"damage":5.0,"enemies":"Blue Slaver","floor":5.0,"turns":5.0},{"damage":10.0,"enemies":"3 Sentries","floor":8.0,"turns":8.0},{"damage":31.0,"enemies":"Gremlin Nob","floor":11.0,"turns":5.0},{"damage":0.0,"enemies":"Large Slime","floor":13.0,"turns":3.0},{"damage":6.0,"enemies":"Lagavulin","floor":14.0,"turns":6.0},{"damage":20.0,"enemies":"Hexaghost","floor":16.0,"turns":9.0},{"damage":13,"enemies":"2 Thieves","floor":18,"turns":4},{"damage":7,"enemies":"Spheric Guardian","floor":20,"turns":5},{"damage":5,"enemies":"3 Cultists","floor":21,"turns":5},{"damage":18,"enemies":"Book of Stabbing","floor":23,"turns":4},{"damage":8,"enemies":"Chosen and Byrds","floor":25,"turns":5},{"damage":8,"enemies":"Sentry and Sphere","floor":29,"turns":4},{"damage":44,"enemies":"Champ","floor":33,"turns":11},{"damage":14,"enemies":"Orb Walker","floor":35,"turns":4},{"damage":0,"enemies":"3 Shapes","floor":36,"turns":3},{"damage":8,"enemies":"Spire Growth","floor":37,"turns":5},{"damage":2,"enemies":"4 Shapes","floor":38,"turns":4},{"damage":3,"enemies":"Sphere and 2 Shapes","floor":39,"turns":5},{"damage":11,"enemies":"Giant Head","floor":41,"turns":7},{"damage":12,"enemies":"Jaw Worm Horde","floor":47,"turns":3},{"damage":40,"enemies":"Time Eater","floor":50,"turns":6}],"seed_played":"-4948600457840200470","potions_obtained":[{"floor":2.0,"key":"EssenceOfSteel"},{"floor":4.0,"key":"Swift Potion"},{"floor":8.0,"key":"Energy Potion"},{"floor":13.0,"key":"FearPotion"},{"floor":18,"key":"Energy Potion"},{"floor":20,"key":"LiquidBronze"},{"floor":25,"key":"Explosive Potion"},{"floor":35,"key":"SpeedPotion"},{"floor":36,"key":"Dexterity Potion"},{"floor":39,"key":"Block Potion"},{"floor":41,"key":"Strength Potion"},{"floor":48,"key":"Fruit Juice"},{"floor":48,"key":"SpeedPotion"}],"is_trial":false,"path_per_floor":["M","M","T","M","M","R","?","E","T","?","E","R","M","E","R","B",null,"M","?","M","M","$","E","?","M","T","?","R","M","?","$","R","B",null,"M","M","M","M","M","R","E","R","T","?","$","?","M","?","R","B",null],"character_chosen":"DEFECT","items_purchased":["Frozen Egg 2","Oddly Smooth Stone","GamblersBrew"],"campfire_rested":7,"item_purchase_floors":[22,31,45],"current_hp_per_floor":[75,75,75,73,68,68,68,58,58,40,9,31,31,25,47,27,75,62,62,55,50,50,32,32,24,24,24,46,38,38,38,60,16,75,61,61,53,51,48,70,59,75,75,75,75,75,63,63,63,23],"gold":42,"neow_bonus":"RANDOM_COMMON_RELIC","is_prod":false,"is_daily":false,"chose_seed":false,"campfire_upgraded":1,"win_rate":0,"timestamp":1570653243,"path_taken":["M","?","?","M","M","R","?","E","T","?","E","R","M","E","R","BOSS","M","?","M","M","$","E","?","M","T","?","R","?","?","$","R","BOSS","M","?","M","?","M","R","E","R","T","?","$","?","?","?","R","BOSS"],"build_version":"2019-07-17","purchased_purges":2,"victory":true,"max_hp_per_floor":[75,75,75,75,75,75,75,75,75,75,75,75,75,75,75,75,75,75,75,75,75,75,75,75,75,75,75,75,75,75,75,75,75,75,75,75,75,75,75,75,75,75,75,75,75,75,75,80,80,80],"card_choices":[{"not_picked":["Barrage","Streamline"],"picked":"Chill","floor":1.0},{"not_picked":["Steam","Sunder"],"picked":"Coolheaded","floor":2.0},{"not_picked":["Skim","Undo","Melter"],"picked":"SKIP","floor":4.0},{"not_picked":["Streamline","Stack"],"picked":"Steam","floor":5.0},{"not_picked":["Tempest","Steam Power","Reinforced Body"],"picked":"SKIP","floor":8.0},{"not_picked":["Stack","Turbo"],"picked":"Doom and Gloom","floor":11.0},{"not_picked":["Undo","Beam Cell"],"picked":"Compile Driver","floor":13.0},{"not_picked":["Redo","Chaos"],"picked":"Cold Snap","floor":14.0},{"not_picked":["Amplify","Buffer"],"picked":"Multi-Cast","floor":16.0},{"not_picked":["Cold Snap","Storm","BootSequence"],"picked":"SKIP","floor":18},{"not_picked":["Redo+1","Steam+1","FTL"],"picked":"SKIP","floor":20},{"not_picked":["Hello World","Hologram"],"picked":"Barrage","floor":21},{"not_picked":["Darkness","Redo"],"picked":"Core Surge","floor":23},{"not_picked":["Beam Cell","Gash","Conserve Battery"],"picked":"SKIP","floor":25},{"not_picked":["Go for the Eyes","Turbo"],"picked":"Redo+1","floor":29},{"not_picked":["Hyperbeam","All For One"],"picked":"Machine Learning+1","floor":33},{"not_picked":["Hello World+1","Stack"],"picked":"Hologram+1","floor":35},{"not_picked":["Recycle","Rip and Tear","Cold Snap+1"],"picked":"SKIP","floor":36},{"not_picked":["Force Field+1","Scrape+1"],"picked":"Consume+1","floor":37},{"not_picked":["Steam+1","Stack"],"picked":"Capacitor+1","floor":38},{"not_picked":["Ball Lightning+1","Capacitor+1"],"picked":"Darkness+1","floor":39},{"not_picked":["Electrodynamics+1","Sweeping Beam","Darkness"],"picked":"SKIP","floor":41},{"not_picked":["Rebound","Reprogram","Beam Cell"],"picked":"SKIP","floor":47}],"player_experience":212687,"relics_obtained":[{"floor":3.0,"key":"Gremlin Horn"},{"floor":8.0,"key":"War Paint"},{"floor":9.0,"key":"Happy Flower"},{"floor":11.0,"key":"Dodecahedron"},{"floor":14.0,"key":"PreservedInsect"},{"floor":23,"key":"Bag of Marbles"},{"floor":26,"key":"Whetstone"},{"floor":41,"key":"Bottled Lightning"},{"floor":43,"key":"Bottled Flame"}],"event_choices":[{"cards_removed":["Defend_B"],"damage_healed":0.0,"max_hp_gain":0.0,"max_hp_loss":0.0,"gold_gain":0.0,"event_name":"The Cleric","player_choice":"Card Removal","floor":7.0,"gold_loss":50.0,"damage_taken":0.0},{"damage_healed":0.0,"max_hp_gain":0.0,"max_hp_loss":0.0,"gold_gain":0.0,"event_name":"Scrap Ooze","player_choice":"Success","floor":10.0,"gold_loss":0.0,"damage_taken":18.0,"relics_obtained":["Potion Belt"]},{"damage_healed":0,"gold_gain":0,"player_choice":"Read","damage_taken":0,"max_hp_gain":0,"max_hp_loss":0,"event_name":"The Library","floor":19,"gold_loss":0,"cards_obtained":["Darkness"]},{"damage_healed":0,"gold_gain":0,"player_choice":"Ignored","damage_taken":0,"max_hp_gain":0,"max_hp_loss":0,"event_name":"The Mausoleum","floor":27,"gold_loss":0},{"damage_healed":0,"gold_gain":0,"player_choice":"Copied","damage_taken":0,"max_hp_gain":0,"max_hp_loss":0,"event_name":"Duplicator","floor":30,"gold_loss":0,"cards_obtained":["Zap"]},{"damage_healed":0,"gold_gain":0,"player_choice":"Upgrade","damage_taken":0,"relics_obtained":["Mark of the Bloom"],"max_hp_gain":0,"max_hp_loss":0,"event_name":"MindBloom","floor":44,"gold_loss":0,"cards_upgraded":["Strike_B","Strike_B","Defend_B","Defend_B","Dualcast","Chill","Coolheaded","Compile Driver","Cold Snap","Multi-Cast","Darkness","Barrage","Core Surge"]},{"cards_removed":["Defend_B"],"damage_healed":0,"gold_gain":0,"player_choice":"Purged","damage_taken":0,"max_hp_gain":0,"max_hp_loss":0,"event_name":"Purifier","floor":46,"gold_loss":0},{"damage_healed":0,"gold_gain":0,"player_choice":"Got Potions","damage_taken":0,"max_hp_gain":0,"max_hp_loss":0,"event_name":"Lab","floor":48,"gold_loss":0}],"is_beta":false,"boss_relics":[{"not_picked":["FrozenCore","Calling Bell"],"picked":"Inserter"},{"not_picked":["Tiny House","Pandora\u0027s Box"],"picked":"Fusion Hammer"}],"items_purged_floors":[22,45],"is_endless":false,"potions_floor_spawned":[2,4,8,13,18,20,25,35,36,39,41],"ascension_level":3}