{"gold_per_floor":[115,127,127,141,141,174,190,190,242,94,59,59,59,82,82,184,184,195,64,64,64,74,94,94,114,195,195,19,19,38,53,53,149,199,214,230,243,255,267,267,277,289,289,302,302,318,335,17,17,17],"floor_reached":51,"playtime":3621,"items_purged":["Searing Blow+1","Parasite"],"score":630,"play_id":"e56cf014-b989-4d78-a145-47215f9b482d","local_time":"20191012135407","is_ascension_mode":false,"campfire_choices":[{"floor":8,"key":"REST"},{"floor":15,"key":"REST"},{"floor":27,"key":"REST"},{"data":"Fire Breathing","floor":29,"key":"SMITH"},{"floor":32,"key":"REST"},{"floor":40,"key":"REST"},{"floor":45,"key":"REST"},{"floor":49,"key":"REST"}],"neow_cost":"NONE","seed_source_timestamp":6659620754500,"circlet_count":0,"master_deck":["Strike_R+1","Strike_R+1","Strike_R+1","Strike_R+1","Strike_R+1","Defend_R+1","Defend_R+1","Defend_R+1","Defend_R+1","Bash","Sword Boomerang","Double Tap","Offering","Pommel Strike+1","Anger+1","Offering+1","Fire Breathing+1","Cleave+1","Thunderclap+1","Sword Boomerang+1","Double Tap+1","Flex+1","Feed+1","Flex+1","Anger+1","Anger+1","Rage+1","Flex+1","Seeing Red+1"],"relics":["Burning Blood","Molten Egg 2","Vajra","Blood Vial","Regal Pillow","Odd Mushroom","Runic Cube","Enchiridion","GremlinMask","Toxic Egg 2","Tiny House","Mercury Hourglass","PreservedInsect"],"potions_floor_usage":[6,6,7,30,30,31,33,35,35,37,41,50,50],"damage_taken":[{"damage":2,"enemies":"Small Slimes","floor":1,"turns":4},{"damage":3,"enemies":"Jaw Worm","floor":2,"turns":5},{"damage":11,"enemies":"2 Louse","floor":4,"turns":3},{"damage":65,"enemies":"Lagavulin","floor":6,"turns":9},{"damage":9,"enemies":"Large Slime","floor":7,"turns":4},{"damage":18,"enemies":"The Mushroom Lair","floor":14,"turns":3},{"damage":33,"enemies":"Slime Boss","floor":16,"turns":7},{"damage":20,"enemies":"3 Byrds","floor":18,"turns":4},{"damage":16,"enemies":"Spheric Guardian","floor":22,"turns":3},{"damage":20,"enemies":"Cultist and Chosen","floor":23,"turns":3},{"damage":6,"enemies":"3 Cultists","floor":25,"turns":2},{"damage":22,"enemies":"Snake Plant","floor":30,"turns":2},{"damage":18,"enemies":"Shelled Parasite and Fungi","floor":31,"turns":3},{"damage":73,"enemies":"Champ","floor":33,"turns":6},{"damage":0,"enemies":"Orb Walker","floor":35,"turns":1},{"damage":12,"enemies":"3 Darklings","floor":36,"turns":1},{"damage":7,"enemies":"Transient","floor":37,"turns":5},{"damage":30,"enemies":"Spire Growth","floor":38,"turns":3},{"damage":19,"enemies":"3 Darklings","floor":39,"turns":2},{"damage":6,"enemies":"Transient","floor":41,"turns":5},{"damage":69,"enemies":"Writhing Mass","floor":42,"turns":5},{"damage":12,"enemies":"Jaw Worm Horde","floor":44,"turns":1},{"damage":12,"enemies":"Sphere and 2 Shapes","floor":46,"turns":2},{"damage":17,"enemies":"Transient","floor":47,"turns":5},{"damage":61,"enemies":"Donu and Deca","floor":50,"turns":6}],"seed_played":"-6540973048274873743","potions_obtained":[{"floor":2,"key":"SkillPotion"},{"floor":4,"key":"Swift Potion"},{"floor":6,"key":"AttackPotion"},{"floor":16,"key":"Strength Potion"},{"floor":30,"key":"Block Potion"},{"floor":33,"key":"AttackPotion"},{"floor":34,"key":"FearPotion"},{"floor":35,"key":"Weak Potion"},{"floor":38,"key":"GamblersBrew"},{"floor":44,"key":"EssenceOfSteel"},{"floor":47,"key":"LiquidBronze"}],"is_trial":false,"path_per_floor":["M","M","?","M","?","E","M","R","T","$","?","?","?","?","R","B",null,"M","$","?","?","M","M","?","M","T","R","$","R","M","M","R","B",null,"M","M","M","M","M","R","M","M","T","M","R","M","M","$","R","B",null],"character_chosen":"IRONCLAD","items_purchased":["Blood Vial","Fire Breathing","Cleave+1","Swift Potion","Fire Potion","Seeing Red+1","PreservedInsect"],"campfire_rested":7,"item_purchase_floors":[10,19,19,28,28,48,48],"current_hp_per_floor":[88,88,88,83,83,24,21,47,47,47,69,51,48,38,79,54,88,74,74,74,58,50,38,38,40,40,81,81,81,67,57,88,21,93,93,87,88,66,55,93,93,34,34,30,74,74,65,65,98,47],"gold":17,"neow_bonus":"TEN_PERCENT_HP_BONUS","is_prod":false,"is_daily":false,"chose_seed":false,"campfire_upgraded":1,"win_rate":0.0,"timestamp":1570913647,"path_taken":["M","M","?","M","?","E","M","R","T","$","?","?","?","?","R","BOSS","M","$","?","?","M","?","?","M","T","R","$","R","M","M","R","BOSS","M","M","M","M","M","R","M","M","T","M","R","?","M","$","R","BOSS"],"build_version":"2019-07-17","purchased_purges":2,"victory":true,"max_hp_per_floor":[88,88,88,88,88,88,88,88,88,88,88,88,88,88,88,88,88,88,88,88,88,88,88,88,88,88,88,88,88,88,88,88,88,93,93,93,93,93,93,93,93,97,97,97,97,101,101,98,98,102],"card_choices":[{"not_picked":["Thunderclap","Dropkick"],"picked":"Flame Barrier","floor":1},{"not_picked":["Combust","Wild Strike"],"picked":"Sword Boomerang","floor":2},{"not_picked":["Thunderclap","Whirlwind"],"picked":"Double Tap","floor":4},{"not_picked":["Spot Weakness","Clothesline"],"picked":"Pommel Strike","floor":6},{"not_picked":["Dual Wield","Iron Wave+1"],"picked":"Anger+1","floor":7},{"not_picked":["Juggernaut","Thunderclap+1"],"picked":"Searing Blow+1","floor":14},{"not_picked":["Impervious","Exhume"],"picked":"Offering","floor":16},{"not_picked":["Carnage+1","Wild Strike+1","Warcry"],"picked":"SKIP","floor":18},{"not_picked":["Clothesline+1","Evolve","Iron Wave+1"],"picked":"SKIP","floor":22},{"not_picked":["Clothesline+1","Clash+1"],"picked":"Thunderclap+1","floor":23},{"not_picked":["Perfected Strike+1","Corruption"],"picked":"Sword Boomerang+1","floor":25},{"not_picked":["Heavy Blade+1","Body Slam+1"],"picked":"Double Tap+1","floor":30},{"not_picked":["Iron Wave+1","Perfected Strike+1"],"picked":"Flex+1","floor":31},{"not_picked":["Dark Embrace","Juggernaut"],"picked":"Feed+1","floor":33},{"not_picked":["Flame Barrier+1","Clothesline+1"],"picked":"Flex+1","floor":34},{"not_picked":["Shrug It Off+1","Heavy Blade+1"],"picked":"Anger+1","floor":35},{"not_picked":["Metallicize+1","Uppercut+1","Reckless Charge+1"],"picked":"SKIP","floor":36},{"not_picked":["Havoc+1","Metallicize","Iron Wave+1"],"picked":"SKIP","floor":37},{"not_picked":["Dual Wield+1","Shrug It Off+1","Dropkick+1"],"picked":"SKIP","floor":38},{"not_picked":["Shockwave+1","Carnage+1","Warcry+1"],"picked":"SKIP","floor":39},{"not_picked":["Headbutt+1","Thunderclap+1","True Grit+1"],"picked":"SKIP","floor":41},{"not_picked":["Bludgeon+1","Intimidate+1"],"picked":"Anger+1","floor":42},{"not_picked":["Headbutt+1","Sword Boomerang+1"],"picked":"Rage+1","floor":44},{"not_picked":["Wild Strike+1","Anger+1"],"picked":"Flex+1","floor":46},{"not_picked":["True Grit+1","Battle Trance+1","Heavy Blade+1"],"picked":"SKIP","floor":47}],"player_experience":54302,"relics_obtained":[{"floor":6,"key":"Molten Egg 2"},{"floor":9,"key":"Vajra"},{"floor":14,"key":"Odd Mushroom"},{"floor":21,"key":"Enchiridion"},{"floor":26,"key":"Toxic Egg 2"},{"floor":43,"key":"Mercury Hourglass"}],"event_choices":[{"damage_healed":0,"gold_gain":0,"player_choice":"Ignored","damage_taken":0,"max_hp_gain":0,"max_hp_loss":0,"event_name":"Golden Wing","floor":3,"gold_loss":0},{"damage_healed":0,"gold_gain":0,"cards_transformed":["Flame Barrier"],"player_choice":"Change","damage_taken":0,"max_hp_gain":0,"max_hp_loss":0,"event_name":"Living Wall","floor":5,"gold_loss":0,"cards_obtained":["Offering"]},{"damage_healed":22,"gold_gain":0,"player_choice":"Healed","damage_taken":0,"max_hp_gain":0,"max_hp_loss":0,"event_name":"The Cleric","floor":11,"gold_loss":35},{"damage_healed":0,"gold_gain":0,"player_choice":"Entered Light","damage_taken":18,"max_hp_gain":0,"max_hp_loss":0,"event_name":"Shining Light","floor":12,"gold_loss":0,"cards_upgraded":["Strike_R","Strike_R"]},{"damage_healed":0,"gold_gain":0,"player_choice":"Success","damage_taken":3,"relics_obtained":["Regal Pillow"],"max_hp_gain":0,"max_hp_loss":0,"event_name":"Scrap Ooze","floor":13,"gold_loss":0},{"damage_healed":0,"gold_gain":0,"player_choice":"Fought Mushrooms","damage_taken":0,"max_hp_gain":0,"max_hp_loss":0,"event_name":"Mushrooms","floor":14,"gold_loss":0},{"damage_healed":0,"gold_gain":0,"player_choice":"Simplicity","damage_taken":0,"max_hp_gain":0,"max_hp_loss":0,"event_name":"Back to Basics","floor":20,"gold_loss":0,"cards_upgraded":["Strike_R","Strike_R","Strike_R","Defend_R","Defend_R","Defend_R","Defend_R"]},{"damage_healed":0,"gold_gain":0,"player_choice":"Obtained Book","damage_taken":16,"max_hp_gain":0,"max_hp_loss":0,"event_name":"Cursed Tome","floor":21,"gold_loss":0},{"damage_healed":0,"gold_gain":0,"player_choice":"Trade","damage_taken":0,"relics_obtained":["GremlinMask"],"max_hp_gain":0,"max_hp_loss":0,"event_name":"FaceTrader","floor":24,"gold_loss":0}],"is_beta":false,"boss_relics":[{"not_picked":["Empty Cage","Runic Dome"],"picked":"Runic Cube"},{"not_picked":["Orrery","Philosopher\u0027s Stone"],"picked":"Tiny House"}],"items_purged_floors":[28,48],"is_endless":false,"potions_floor_spawned":[2,4,6,16,30,33,35,38,44,47],"ascension_level":0}