{"gold_per_floor":[119,119,136,152,152,178,178,194,194,207,242,252,252,277,277,379,379,397,411,104,104,118,177,177,212,212,212],"floor_reached":27,"playtime":1710,"items_purged":["Grand Finale"],"score":369,"play_id":"a40ebf2c-3042-4f89-8ad8-bcea5f0e2fa5","local_time":"20190917191023","is_ascension_mode":true,"campfire_choices":[{"floor":7,"key":"REST"},{"data":"Crippling Poison","floor":15,"key":"SMITH"},{"floor":24,"key":"REST"}],"neow_cost":"NONE","seed_source_timestamp":3110555832083500,"circlet_count":0,"master_deck":["Survivor","Neutralize","Blur","Poisoned Stab","Poisoned Stab","Crippling Poison+1","Backstab+1","Sucker Punch","Flying Knee","Endless Agony","Infinite Blades","Corpse Explosion","Cloak And Dagger","Slice+1","Finisher","Escape Plan","Escape Plan","Acrobatics","Bullet Time","Footwork","Setup","Backstab+1","Dagger Spray","Footwork","Dagger Throw+1","Catalyst","Venomology"],"relics":["Velvet Choker","Paper Crane","Dead Branch","Mummified Hand","Shuriken","Blue Candle","Pandora\u0027s Box","Whetstone","Nilry\u0027s Codex","Tiny Chest","Lantern","Pantograph"],"potions_floor_usage":[6,11,23,25,27,27],"damage_taken":[{"damage":0,"enemies":"Small Slimes","floor":1,"turns":5},{"damage":0,"enemies":"Jaw Worm","floor":3,"turns":5},{"damage":0,"enemies":"2 Louse","floor":4,"turns":3},{"damage":3,"enemies":"3 Sentries","floor":6,"turns":9},{"damage":0,"enemies":"2 Fungi Beasts","floor":8,"turns":3},{"damage":0,"enemies":"Exordium Wildlife","floor":10,"turns":3},{"damage":5,"enemies":"Gremlin Nob","floor":11,"turns":3},{"damage":0,"enemies":"Lots of Slimes","floor":12,"turns":4},{"damage":10,"enemies":"3 Sentries","floor":14,"turns":6},{"damage":5,"enemies":"The Guardian","floor":16,"turns":8},{"damage":9,"enemies":"2 Thieves","floor":18,"turns":4},{"damage":0,"enemies":"3 Byrds","floor":19,"turns":1},{"damage":10,"enemies":"Snecko","floor":22,"turns":4},{"damage":12,"enemies":"Slavers","floor":23,"turns":2},{"damage":18,"enemies":"Book of Stabbing","floor":25,"turns":4},{"damage":27,"enemies":"Gremlin Leader","floor":27,"turns":5}],"seed_played":"3462661946560606259","potions_obtained":[{"floor":1,"key":"EssenceOfSteel"},{"floor":8,"key":"Weak Potion"},{"floor":10,"key":"PowerPotion"},{"floor":22,"key":"SteroidPotion"},{"floor":23,"key":"SkillPotion"}],"is_trial":false,"path_per_floor":["M","?","M","M","T","E","R","M","T","M","E","M","?","E","R","B",null,"M","M","$","?","M","E","R","E","T","E"],"character_chosen":"THE_SILENT","items_purchased":["Whetstone","Footwork"],"campfire_rested":2,"item_purchase_floors":[20,20],"current_hp_per_floor":[63,49,49,49,49,46,67,67,67,67,62,62,67,57,57,52,69,60,60,60,44,34,22,44,26,26,0],"gold":212,"neow_bonus":"BOSS_RELIC","is_prod":false,"is_daily":false,"chose_seed":false,"campfire_upgraded":1,"win_rate":0,"timestamp":1568740223,"path_taken":["M","?","M","M","?","E","R","M","T","M","E","M","?","E","R","BOSS","M","M","$","?","M","E","R","E","T","E"],"build_version":"2019-07-17","purchased_purges":1,"victory":false,"max_hp_per_floor":[70,70,70,70,70,70,70,70,70,70,70,70,75,75,75,75,75,75,75,75,75,75,75,75,75,75,75],"card_choices":[{"not_picked":["Expertise","Quick Slash"],"picked":"Blur","floor":1},{"not_picked":["Dagger Spray","Sucker Punch"],"picked":"Poisoned Stab","floor":3},{"not_picked":["Prepared","Heel Hook"],"picked":"Poisoned Stab","floor":4},{"not_picked":["Flying Knee","Wraith Form v2"],"picked":"Crippling Poison","floor":6},{"not_picked":["Dagger Throw","Riddle With Holes"],"picked":"Backstab","floor":8},{"not_picked":["Backflip","Dagger Throw"],"picked":"Sucker Punch","floor":10},{"not_picked":["Dodge and Roll","Slice"],"picked":"Flying Knee","floor":11},{"not_picked":["Deflect","Bane"],"picked":"Endless Agony","floor":12},{"not_picked":["Setup","Skewer"],"picked":"Infinite Blades","floor":14},{"not_picked":["Glass Knife","Unload"],"picked":"Corpse Explosion","floor":16},{"not_picked":["Dodge and Roll","Poisoned Stab"],"picked":"Backstab+1","floor":18},{"not_picked":["Poisoned Stab","Prepared+1"],"picked":"Dagger Spray","floor":19},{"not_picked":["Dash","Deflect"],"picked":"Dagger Throw+1","floor":22},{"not_picked":["Escape Plan","Outmaneuver"],"picked":"Catalyst","floor":23},{"not_picked":["Crippling Poison","Dagger Throw+1"],"picked":"Venomology","floor":25}],"player_experience":234280,"relics_obtained":[{"floor":5,"key":"Paper Crane"},{"floor":6,"key":"Dead Branch"},{"floor":9,"key":"Mummified Hand"},{"floor":11,"key":"Shuriken"},{"floor":14,"key":"Blue Candle"},{"floor":21,"key":"Nilry\u0027s Codex"},{"floor":23,"key":"Tiny Chest"},{"floor":25,"key":"Lantern"},{"floor":26,"key":"Pantograph"}],"event_choices":[{"damage_healed":0,"gold_gain":0,"player_choice":"Entered Light","damage_taken":14,"max_hp_gain":0,"max_hp_loss":0,"event_name":"Shining Light","floor":2,"gold_loss":0,"cards_upgraded":["Defend_G","Defend_G"]},{"damage_healed":0,"gold_gain":0,"player_choice":"Donut","damage_taken":0,"max_hp_gain":5,"max_hp_loss":0,"event_name":"Big Fish","floor":13,"gold_loss":0},{"damage_healed":0,"gold_gain":0,"player_choice":"Obtained Book","damage_taken":16,"max_hp_gain":0,"max_hp_loss":0,"event_name":"Cursed Tome","floor":21,"gold_loss":0}],"is_beta":false,"boss_relics":[{"not_picked":["Orrery","HoveringKite"],"picked":"Pandora\u0027s Box"}],"items_purged_floors":[20],"is_endless":false,"potions_floor_spawned":[1,8,10,22,23],"killed_by":"Gremlin Leader","ascension_level":7}