{"gold_per_floor":[113,188,188,208,232,271,49,90,170,190,214,235,270,22,22,146,146,166,185,185,185,199,230,230,254,254,295,295,313,313,386,386,488,488,506,524,1523,1540,1592,1626,806,823,823,27,27,27,46,81,81,81],"floor_reached":51,"playtime":2498,"items_purged":["Injury","Normality","Normality"],"score":1156,"play_id":"f7a6fafc-646b-4bb9-b379-e0572af085f6","local_time":"20190911195132","is_ascension_mode":true,"campfire_choices":[{"floor":15,"key":"DIG"},{"floor":24,"key":"REST"},{"floor":30,"key":"REST"},{"floor":32,"key":"DIG"},{"floor":46,"key":"DIG"},{"floor":49,"key":"DIG"}],"neow_cost":"PERCENT_DAMAGE","seed_source_timestamp":2593824659932500,"circlet_count":0,"master_deck":["Strike_R","Strike_R","Strike_R","Strike_R","Strike_R","Defend_R","Defend_R","Defend_R","Defend_R","Bash","Pommel Strike","Ghostly Armor","Armaments","Blood for Blood","Immolate","Clash","Flex","Cleave","Berserk+1","Flex+1","Dropkick+1","Writhe","Metallicize+1","Iron Wave","Rage","Shockwave+1","Berserk+1","Iron Wave","Perfected Strike+1","Blood for Blood+1","Havoc","Armaments","Juggernaut+1","Deep Breath","Havoc+1","Discovery","Iron Wave","Havoc+1"],"relics":["Burning Blood","FossilizedHelix","Bloody Idol","Shovel","Juzu Bracelet","Regal Pillow","Kunai","Bag of Marbles","Unceasing Top","Pear","Frozen Egg 2","Sozu","Bronze Scales","Anchor","PreservedInsect","Blood Vial","Darkstone Periapt","Pen Nib","Busted Crown","Charon\u0027s Ashes","Centennial Puzzle","Incense Burner","TheAbacus","Vajra","Thread and Needle","Bottled Lightning","Dream Catcher","Champion Belt","Strawberry"],"potions_floor_usage":[6,13,33,33],"damage_taken":[{"damage":0,"enemies":"2 Louse","floor":1,"turns":3},{"damage":0,"enemies":"Jaw Worm","floor":4,"turns":3},{"damage":0,"enemies":"Small Slimes","floor":5,"turns":3},{"damage":21,"enemies":"Lagavulin","floor":6,"turns":9},{"damage":17,"enemies":"3 Sentries","floor":8,"turns":10},{"damage":0,"enemies":"Looter","floor":10,"turns":3},{"damage":0,"enemies":"3 Louse","floor":12,"turns":1},{"damage":0,"enemies":"Gremlin Nob","floor":13,"turns":4},{"damage":3,"enemies":"Slime Boss","floor":16,"turns":9},{"damage":13,"enemies":"Shell Parasite","floor":18,"turns":4},{"damage":22,"enemies":"2 Thieves","floor":19,"turns":3},{"damage":0,"enemies":"Sentry and Sphere","floor":22,"turns":4},{"damage":30,"enemies":"Slavers","floor":23,"turns":4},{"damage":0,"enemies":"Chosen and Byrds","floor":25,"turns":4},{"damage":70,"enemies":"Gremlin Leader","floor":27,"turns":8},{"damage":8,"enemies":"Snake Plant","floor":29,"turns":3},{"damage":51,"enemies":"Collector","floor":33,"turns":8},{"damage":0,"enemies":"3 Darklings","floor":35,"turns":5},{"damage":0,"enemies":"Orb Walker","floor":36,"turns":3},{"damage":30,"enemies":"3 Darklings","floor":38,"turns":4},{"damage":24,"enemies":"2 Orb Walkers","floor":39,"turns":5},{"damage":18,"enemies":"Reptomancer","floor":40,"turns":4},{"damage":6,"enemies":"Maw","floor":42,"turns":7},{"damage":0,"enemies":"Spire Growth","floor":47,"turns":3},{"damage":0,"enemies":"Nemesis","floor":48,"turns":3},{"damage":38,"enemies":"Donu and Deca","floor":50,"turns":6}],"seed_played":"4748886646157922379","potions_obtained":[{"floor":4,"key":"FairyPotion"},{"floor":5,"key":"Block Potion"},{"floor":8,"key":"Dexterity Potion"},{"floor":12,"key":"Swift Potion"},{"floor":16,"key":"Poison Potion"}],"is_trial":false,"path_per_floor":["M","?","?","M","M","E","$","E","T","M","T","M","E","$","R","B",null,"M","M","?","?","M","E","R","M","T","E","?","M","R","T","R","B",null,"M","M","?","M","?","E","$","M","T","$","?","R","M","E","R","B",null],"character_chosen":"IRONCLAD","items_purchased":["Juzu Bracelet","Pear","Incense Burner","TheAbacus","Juggernaut+1","Deep Breath","Thread and Needle","Bottled Lightning","Discovery","Iron Wave"],"campfire_rested":2,"item_purchase_floors":[7,14,41,41,41,41,44,44,44,44],"current_hp_per_floor":[62,51,51,57,63,48,48,37,37,43,43,49,55,65,65,68,85,78,62,62,62,68,44,86,90,90,26,26,31,73,78,78,40,78,90,90,102,83,72,67,67,74,74,74,74,74,87,100,107,77],"gold":81,"neow_bonus":"ONE_RARE_RELIC","is_prod":false,"is_daily":false,"chose_seed":false,"campfire_upgraded":0,"win_rate":0,"timestamp":1568224292,"path_taken":["M","?","?","M","M","E","$","E","T","M","?","M","E","$","R","BOSS","M","M","?","?","M","E","R","M","T","E","?","M","R","?","R","BOSS","M","M","?","M","?","E","$","M","T","$","?","R","M","E","R","BOSS"],"build_version":"2019-07-17","purchased_purges":3,"victory":true,"max_hp_per_floor":[80,80,80,80,80,80,80,80,80,80,80,80,80,90,90,90,90,90,90,90,90,90,90,90,90,90,90,90,90,90,90,90,90,90,90,90,102,102,102,102,102,102,102,102,102,102,102,102,109,109],"card_choices":[{"not_picked":["Body Slam","True Grit"],"picked":"Pommel Strike","floor":1},{"not_picked":["Carnage","Rupture"],"picked":"Ghostly Armor","floor":4},{"not_picked":["Wild Strike","Twin Strike"],"picked":"Armaments","floor":5},{"not_picked":["Clothesline","Uppercut"],"picked":"Blood for Blood","floor":6},{"not_picked":["Twin Strike","Corruption"],"picked":"Immolate","floor":8},{"not_picked":["Havoc","Twin Strike"],"picked":"Clash","floor":10},{"not_picked":["Warcry","Heavy Blade"],"picked":"Flex","floor":12},{"not_picked":["Entrench","Perfected Strike"],"picked":"Cleave","floor":13},{"not_picked":["Limit Break","Demon Form+1"],"picked":"Berserk+1","floor":16},{"not_picked":["Body Slam","Anger"],"picked":"Flex+1","floor":18},{"not_picked":["Body Slam","Shrug It Off"],"picked":"Dropkick+1","floor":19},{"not_picked":["Feel No Pain+1","Pommel Strike"],"picked":"Metallicize+1","floor":22},{"not_picked":["Power Through+1","Warcry","Clothesline"],"picked":"SKIP","floor":23},{"not_picked":["Havoc","True Grit"],"picked":"Iron Wave","floor":25},{"not_picked":["Perfected Strike+1","Double Tap"],"picked":"Rage","floor":27},{"not_picked":["Sever Soul","Cleave"],"picked":"Shockwave","floor":29},{"not_picked":["Double Tap","Limit Break"],"picked":"Berserk+1","floor":33},{"not_picked":[],"picked":"Iron Wave","floor":35},{"not_picked":[],"picked":"Perfected Strike+1","floor":36},{"not_picked":[],"picked":"Blood for Blood+1","floor":38},{"not_picked":[],"picked":"Havoc","floor":39},{"not_picked":[],"picked":"Armaments","floor":40},{"not_picked":[],"picked":"Havoc+1","floor":42},{"not_picked":["Armaments"],"picked":"SKIP","floor":47},{"not_picked":[],"picked":"Havoc+1","floor":48}],"player_experience":133513,"relics_obtained":[{"floor":6,"key":"Shovel"},{"floor":8,"key":"Regal Pillow"},{"floor":9,"key":"Kunai"},{"floor":11,"key":"Bag of Marbles"},{"floor":13,"key":"Unceasing Top"},{"floor":15,"key":"Frozen Egg 2"},{"floor":23,"key":"Anchor"},{"floor":26,"key":"PreservedInsect"},{"floor":27,"key":"Blood Vial"},{"floor":31,"key":"Darkstone Periapt"},{"floor":32,"key":"Pen Nib"},{"floor":39,"key":"Charon\u0027s Ashes"},{"floor":40,"key":"Centennial Puzzle"},{"floor":43,"key":"Vajra"},{"floor":46,"key":"Dream Catcher"},{"floor":48,"key":"Champion Belt"},{"floor":49,"key":"Strawberry"}],"event_choices":[{"damage_healed":0,"gold_gain":75,"player_choice":"Gather Gold","damage_taken":11,"max_hp_gain":0,"max_hp_loss":0,"event_name":"World of Goop","floor":2,"gold_loss":0},{"damage_healed":0,"gold_gain":0,"player_choice":"Take Wound","damage_taken":0,"relics_obtained":["Golden Idol"],"max_hp_gain":0,"max_hp_loss":0,"event_name":"Golden Idol","floor":3,"gold_loss":0,"cards_obtained":["Injury"]},{"damage_healed":0,"gold_gain":0,"player_choice":"Opened","damage_taken":0,"relics_obtained":["Bronze Scales"],"max_hp_gain":0,"max_hp_loss":0,"event_name":"The Mausoleum","floor":20,"gold_loss":0,"cards_obtained":["Writhe"]},{"damage_healed":0,"gold_gain":0,"player_choice":"Ignored","damage_taken":0,"max_hp_gain":0,"max_hp_loss":0,"event_name":"Vampires","floor":21,"gold_loss":0},{"damage_healed":0,"gold_gain":0,"player_choice":"Gave Idol","damage_taken":0,"relics_obtained":["Bloody Idol"],"max_hp_gain":0,"max_hp_loss":0,"event_name":"Forgotten Altar","floor":28,"relics_lost":["Golden Idol"],"gold_loss":0},{"damage_healed":0,"gold_gain":999,"player_choice":"Gold","damage_taken":0,"max_hp_gain":0,"max_hp_loss":0,"event_name":"MindBloom","floor":37,"gold_loss":0,"cards_obtained":["Normality","Normality"]},{"damage_healed":0,"gold_gain":0,"player_choice":"Fight","damage_taken":0,"max_hp_gain":0,"max_hp_loss":0,"event_name":"Mysterious Sphere","floor":39,"gold_loss":0},{"damage_healed":0,"gold_gain":0,"player_choice":"Upgraded","damage_taken":0,"max_hp_gain":0,"max_hp_loss":0,"event_name":"Upgrade Shrine","floor":45,"gold_loss":0,"cards_upgraded":["Shockwave"]}],"is_beta":false,"boss_relics":[{"not_picked":["Velvet Choker","Orrery"],"picked":"Sozu"},{"not_picked":["Black Star","Snecko Eye"],"picked":"Busted Crown"}],"items_purged_floors":[7,41,44],"is_endless":false,"potions_floor_spawned":[4,5,8,12,16,27,29,33,40,47,48],"ascension_level":5}