{"gold_per_floor":[110,127,127,127,302,328,348,373,445,460,495,495,525,564,576,687,699,728,107,118,129,129,129,155,155,155,188,208,208,227,85,85,85],"floor_reached":33,"playtime":1179,"items_purged":["Doubt"],"score":414,"play_id":"220efb05-7efe-4ff9-b557-83aa39b1794b","local_time":"20190913230251","is_ascension_mode":true,"campfire_choices":[{"floor":12,"key":"REST"},{"floor":15,"key":"REST"},{"floor":23,"key":"REST"},{"floor":25,"key":"RECALL"},{"data":"Limit Break","floor":32,"key":"SMITH"}],"neow_cost":"NONE","seed_source_timestamp":123585620012700,"circlet_count":0,"master_deck":["Strike_R","Strike_R","Strike_R+1","Strike_R","Strike_R","Defend_R","Defend_R","Defend_R","Defend_R","Bash+1","Infernal Blade","Disarm","Inflame","Rage","Anger","Anger","Anger+1","Infernal Blade","Limit Break+1","Power Through","Flex","Shrug It Off","Headbutt+1","Flash of Steel+1","Anger+1","Heavy Blade+1","J.A.X.","Whirlwind+1","Cleave+1","Armaments+1","Infernal Blade","Anger+1","Flash of Steel+1"],"relics":["Burning Blood","NeowsBlessing","Unceasing Top","Juzu Bracelet","Paper Frog","Molten Egg 2","MawBank","Blood Vial","Mark of Pain","FossilizedHelix","Oddly Smooth Stone","Mercury Hourglass","Meat on the Bone"],"potions_floor_usage":[8,10,10,24,27,33],"damage_taken":[{"damage":0,"enemies":"Small Slimes","floor":1,"turns":1},{"damage":0,"enemies":"Jaw Worm","floor":2,"turns":1},{"damage":0,"enemies":"Gremlin Nob","floor":6,"turns":1},{"damage":10,"enemies":"2 Louse","floor":7,"turns":2},{"damage":34,"enemies":"Lagavulin","floor":8,"turns":4},{"damage":18,"enemies":"Exordium Thugs","floor":10,"turns":3},{"damage":30,"enemies":"3 Sentries","floor":11,"turns":8},{"damage":31,"enemies":"Lagavulin","floor":13,"turns":4},{"damage":35,"enemies":"Hexaghost","floor":16,"turns":10},{"damage":12,"enemies":"Chosen","floor":18,"turns":3},{"damage":11,"enemies":"3 Byrds","floor":20,"turns":6},{"damage":36,"enemies":"Snecko","floor":21,"turns":6},{"damage":15,"enemies":"Gremlin Leader","floor":24,"turns":6},{"damage":20,"enemies":"Slavers","floor":27,"turns":3},{"damage":21,"enemies":"Snake Plant","floor":28,"turns":4},{"damage":0,"enemies":"Centurion and Healer","floor":30,"turns":3},{"damage":66,"enemies":"Automaton","floor":33,"turns":6}],"seed_played":"-6503327330323008155","potions_obtained":[{"floor":1,"key":"BloodPotion"},{"floor":7,"key":"FearPotion"},{"floor":8,"key":"Swift Potion"},{"floor":16,"key":"Fire Potion"},{"floor":21,"key":"Regen Potion"},{"floor":27,"key":"SteroidPotion"}],"is_trial":false,"path_per_floor":["M","M","$","?","?","E","M","E","T","M","E","R","E","T","R","B",null,"M","$","M","M","?","R","E","R","T","E","M","T","M","$","R","B"],"character_chosen":"IRONCLAD","items_purchased":["Flex","FossilizedHelix","Shrug It Off","Headbutt+1","Flash of Steel+1","Anger+1","Flash of Steel+1"],"campfire_rested":3,"item_purchase_floors":[19,19,19,19,19,31,31],"current_hp_per_floor":[80,80,80,64,64,70,66,38,38,46,22,46,21,21,45,18,80,74,74,71,43,43,67,71,71,71,59,46,46,54,54,54,0],"gold":85,"neow_bonus":"THREE_ENEMY_KILL","is_prod":false,"is_daily":false,"chose_seed":false,"campfire_upgraded":1,"win_rate":0,"timestamp":1568408571,"path_taken":["M","M","$","?","?","E","M","E","T","M","E","R","E","?","R","BOSS","M","$","M","M","?","R","E","R","T","E","M","?","M","$","R","BOSS"],"build_version":"2019-07-17","purchased_purges":1,"victory":false,"max_hp_per_floor":[80,80,80,80,80,80,80,80,80,80,80,80,80,80,80,80,80,80,80,80,80,80,80,80,80,80,80,80,80,80,80,80,80],"card_choices":[{"not_picked":["Seeing Red","Thunderclap"],"picked":"Infernal Blade","floor":1},{"not_picked":["Carnage","Sword Boomerang"],"picked":"Disarm","floor":2},{"not_picked":["Shockwave","True Grit"],"picked":"Inflame","floor":6},{"not_picked":["Perfected Strike","Carnage"],"picked":"Rage","floor":7},{"not_picked":["Infernal Blade","Armaments"],"picked":"Anger","floor":8},{"not_picked":["Shockwave","Thunderclap"],"picked":"Anger","floor":10},{"not_picked":["Reaper","Fiend Fire"],"picked":"Anger","floor":11},{"not_picked":["Armaments","Thunderclap+1"],"picked":"Infernal Blade","floor":13},{"not_picked":["Berserk","Brutality"],"picked":"Limit Break","floor":16},{"not_picked":["Headbutt+1","Flame Barrier"],"picked":"Power Through","floor":18},{"not_picked":["Havoc+1","True Grit"],"picked":"Anger+1","floor":20},{"not_picked":["Twin Strike+1","Perfected Strike+1"],"picked":"Heavy Blade+1","floor":21},{"not_picked":["Carnage+1","Hemokinesis+1"],"picked":"Whirlwind+1","floor":24},{"not_picked":["Exhume","Sword Boomerang+1"],"picked":"Cleave+1","floor":27},{"not_picked":["Flex","Cleave+1"],"picked":"Armaments+1","floor":28},{"not_picked":["Clothesline+1","Seeing Red"],"picked":"Infernal Blade","floor":30}],"player_experience":243250,"relics_obtained":[{"floor":6,"key":"Unceasing Top"},{"floor":8,"key":"Juzu Bracelet"},{"floor":9,"key":"Paper Frog"},{"floor":11,"key":"Molten Egg 2"},{"floor":13,"key":"MawBank"},{"floor":14,"key":"Blood Vial"},{"floor":24,"key":"Oddly Smooth Stone"},{"floor":27,"key":"Mercury Hourglass"},{"floor":29,"key":"Meat on the Bone"}],"event_choices":[{"damage_healed":0,"gold_gain":0,"player_choice":"Entered Light","damage_taken":16,"max_hp_gain":0,"max_hp_loss":0,"event_name":"Shining Light","floor":4,"gold_loss":0,"cards_upgraded":["Bash","Strike_R"]},{"damage_healed":0,"gold_gain":175,"player_choice":"AGREE","damage_taken":0,"max_hp_gain":0,"max_hp_loss":0,"event_name":"Liars Game","floor":5,"gold_loss":0,"cards_obtained":["Doubt"]},{"damage_healed":0,"gold_gain":0,"player_choice":"Obtain J.A.X.","damage_taken":0,"max_hp_gain":0,"max_hp_loss":0,"event_name":"Drug Dealer","floor":22,"gold_loss":0,"cards_obtained":["J.A.X."]}],"is_beta":false,"boss_relics":[{"not_picked":["Sozu","Orrery"],"picked":"Mark of Pain"}],"items_purged_floors":[19],"is_endless":false,"potions_floor_spawned":[1,7,8,16,21,27],"killed_by":"Automaton","ascension_level":3}