{"gold_per_floor":[10,30,30,30,48,87,87,118,118,159,159,172,16,97,97,218,218,237,255,255,255,275,313,338,351,375,62,128,128,148,189,189,318,318,333,758,758,778,797,797],"floor_reached":40,"playtime":3188,"items_purged":["Strike_B"],"score":726,"play_id":"dcb4dc6c-39bb-4a75-8201-8634dccdad3c","local_time":"20190921101118","is_ascension_mode":true,"campfire_choices":[{"floor":7.0,"key":"REST"},{"floor":15.0,"key":"REST"},{"data":"Mayhem","floor":29.0,"key":"SMITH"},{"floor":32.0,"key":"REST"}],"neow_cost":"NO_GOLD","seed_source_timestamp":3422159714426500,"circlet_count":0,"master_deck":["Strike_B+1","Defend_B","Defend_B","Defend_B","Zap","Dualcast","Madness","Forethought+1","Gash","Conserve Battery","Go for the Eyes","Undo","Gash","BootSequence","Rainbow","BootSequence","Reprogram+1","Self Repair","Compile Driver","Darkness","Cold Snap","Go for the Eyes","Loop","Mayhem+1","Hello World","White Noise+1","Thunder Strike","Scrape","Buffer","Consume+1","Auto Shields+1","Lockon","Stack"],"special_seed":0,"relics":["Cracked Core","Golden Idol","Thread and Needle","Torii","Calipers","Centennial Puzzle","DataDisk","Pear","Black Star","Anchor","Pocketwatch","Bag of Marbles","Lantern","Tiny Chest","Strawberry","Meat on the Bone","Sozu","Old Coin"],"potions_floor_usage":[],"damage_taken":[{"damage":7.0,"enemies":"Jaw Worm","floor":1.0,"turns":3.0},{"damage":0.0,"enemies":"Small Slimes","floor":2.0,"turns":3.0},{"damage":0.0,"enemies":"Cultist","floor":5.0,"turns":3.0},{"damage":28.0,"enemies":"Gremlin Nob","floor":6.0,"turns":5.0},{"damage":23.0,"enemies":"Lagavulin","floor":8.0,"turns":6.0},{"damage":1.0,"enemies":"3 Sentries","floor":10.0,"turns":8.0},{"damage":0.0,"enemies":"2 Fungi Beasts","floor":12.0,"turns":4.0},{"damage":11.0,"enemies":"Hexaghost","floor":16.0,"turns":10.0},{"damage":0.0,"enemies":"Chosen","floor":18.0,"turns":6.0},{"damage":7.0,"enemies":"Spheric Guardian","floor":19.0,"turns":4.0},{"damage":0.0,"enemies":"Centurion and Healer","floor":22.0,"turns":8.0},{"damage":32.0,"enemies":"Gremlin Leader","floor":23.0,"turns":9.0},{"damage":7.0,"enemies":"Snake Plant","floor":24.0,"turns":5.0},{"damage":10.0,"enemies":"Cultist and Chosen","floor":25.0,"turns":7.0},{"damage":10.0,"enemies":"Book of Stabbing","floor":28.0,"turns":7.0},{"damage":14.0,"enemies":"Shelled Parasite and Fungi","floor":30.0,"turns":5.0},{"damage":21.0,"enemies":"Gremlin Leader","floor":31.0,"turns":9.0},{"damage":64.0,"enemies":"Automaton","floor":33.0,"turns":10.0},{"damage":20.0,"enemies":"Orb Walker","floor":35.0,"turns":4.0},{"damage":0.0,"enemies":"Mind Bloom Boss Battle","floor":36.0,"turns":6.0},{"damage":1.0,"enemies":"3 Shapes","floor":38.0,"turns":6.0},{"damage":10.0,"enemies":"3 Darklings","floor":39.0,"turns":7.0},{"damage":100,"enemies":"Reptomancer","floor":40,"turns":4}],"seed_played":"-8008384242217210348","potions_obtained":[{"floor":2.0,"key":"AttackPotion"},{"floor":6.0,"key":"AttackPotion"},{"floor":8.0,"key":"Energy Potion"},{"floor":19.0,"key":"FairyPotion"},{"floor":22.0,"key":"Fire Potion"},{"floor":23.0,"key":"EssenceOfSteel"},{"floor":25.0,"key":"SpeedPotion"},{"floor":28.0,"key":"Swift Potion"}],"is_trial":false,"path_per_floor":["M","M","?","?","M","E","R","E","T","E","?","M","$","T","R","B",null,"M","M","?","?","M","E","M","M","T","$","E","R","M","E","R","B",null,"M","?","?","M","M","E"],"character_chosen":"DEFECT","items_purchased":["DataDisk","Mayhem","Hello World"],"campfire_rested":3,"item_purchase_floors":[13,27,27],"current_hp_per_floor":[61,61,61,46,46,18,40,17,17,16,9,9,9,19,44,33,72,72,65,65,65,72,47,47,44,44,44,41,41,34,27,54,28,76,63,70,70,76,73,0],"gold":797,"neow_bonus":"RANDOM_COLORLESS_2","is_prod":false,"is_daily":false,"chose_seed":false,"campfire_upgraded":1,"win_rate":0,"timestamp":1569053478,"path_taken":["M","M","?","?","M","E","R","E","T","E","?","M","$","?","R","BOSS","M","M","?","?","M","E","M","M","T","$","E","R","?","E","R","BOSS","M","?","?","M","M","E"],"build_version":"2019-07-17","purchased_purges":1,"victory":false,"max_hp_per_floor":[75,75,75,75,75,75,75,75,75,75,75,75,75,85,85,85,85,85,85,85,85,85,85,85,85,85,85,85,85,85,92,92,92,92,92,92,92,92,92,92],"card_choices":[{"not_picked":["Beam Cell","Conserve Battery"],"picked":"Gash","floor":1.0},{"not_picked":["Cold Snap","Double Energy"],"picked":"Conserve Battery","floor":2.0},{"not_picked":["Compile Driver","Biased Cognition"],"picked":"Go for the Eyes","floor":5.0},{"not_picked":["Fission","Recycle"],"picked":"Ball Lightning","floor":6.0},{"not_picked":["Streamline","Turbo"],"picked":"Undo","floor":8.0},{"not_picked":["Undo","Conserve Battery"],"picked":"Gash","floor":10.0},{"not_picked":["Go for the Eyes","Redo"],"picked":"BootSequence","floor":12.0},{"not_picked":["Fission","Meteor Strike"],"picked":"Rainbow","floor":16.0},{"not_picked":["Tempest+1","Ball Lightning"],"picked":"BootSequence","floor":18.0},{"not_picked":["Hologram+1","Turbo"],"picked":"Reprogram+1","floor":19.0},{"not_picked":["Go for the Eyes","Leap"],"picked":"Cold Snap","floor":22.0},{"not_picked":["Core Surge","Biased Cognition"],"picked":"Go for the Eyes","floor":23.0},{"not_picked":["Sweeping Beam","Doom and Gloom+1","Beam Cell"],"picked":"SKIP","floor":24.0},{"not_picked":["Beam Cell","Rip and Tear"],"picked":"Loop","floor":25.0},{"not_picked":["Coolheaded","Redo"],"picked":"White Noise+1","floor":28.0},{"not_picked":["Ball Lightning","Conserve Battery"],"picked":"Thunder Strike","floor":30.0},{"not_picked":["FTL","Ball Lightning"],"picked":"Scrape","floor":31.0},{"not_picked":["All For One","Thunder Strike"],"picked":"Buffer","floor":33.0},{"not_picked":["Compile Driver","Fusion"],"picked":"Consume+1","floor":35.0},{"not_picked":["Consume","Sweeping Beam+1"],"picked":"Auto Shields+1","floor":36.0},{"not_picked":["Barrage","Compile Driver+1"],"picked":"Lockon","floor":38.0},{"not_picked":["Hologram+1","Cold Snap"],"picked":"Stack","floor":39.0}],"player_experience":277340,"relics_obtained":[{"floor":6.0,"key":"Thread and Needle"},{"floor":8.0,"key":"Torii"},{"floor":9.0,"key":"Calipers"},{"floor":10.0,"key":"Centennial Puzzle"},{"floor":14.0,"key":"Pear"},{"floor":23.0,"key":"Anchor"},{"floor":23.0,"key":"Pocketwatch"},{"floor":26.0,"key":"Bag of Marbles"},{"floor":28.0,"key":"Lantern"},{"floor":28.0,"key":"Tiny Chest"},{"floor":31.0,"key":"Strawberry"},{"floor":31.0,"key":"Meat on the Bone"},{"floor":36.0,"key":"Old Coin"}],"event_choices":[{"damage_healed":0.0,"max_hp_gain":0.0,"max_hp_loss":0.0,"gold_gain":0.0,"event_name":"Golden Idol","player_choice":"Take Wound","floor":3.0,"gold_loss":0.0,"damage_taken":0.0,"relics_obtained":["Golden Idol"],"cards_obtained":["Injury"]},{"damage_healed":0.0,"max_hp_gain":0.0,"max_hp_loss":0.0,"gold_gain":0.0,"event_name":"Shining Light","player_choice":"Entered Light","floor":4.0,"gold_loss":0.0,"damage_taken":15.0,"cards_upgraded":["Forethought","Strike_B"]},{"cards_removed":["Injury"],"damage_healed":0.0,"max_hp_gain":0.0,"max_hp_loss":0.0,"gold_gain":0.0,"event_name":"Golden Wing","player_choice":"Card Removal","floor":11.0,"gold_loss":0.0,"damage_taken":7.0},{"damage_healed":0.0,"max_hp_gain":0.0,"max_hp_loss":0.0,"gold_gain":0.0,"cards_transformed":["Strike_B","Strike_B"],"event_name":"Drug Dealer","player_choice":"Became Test Subject","floor":20.0,"gold_loss":0.0,"damage_taken":0.0,"cards_obtained":["Self Repair","Compile Driver"]},{"damage_healed":0.0,"max_hp_gain":0.0,"max_hp_loss":0.0,"gold_gain":0.0,"cards_transformed":["Defend_B"],"event_name":"Transmorgrifier","player_choice":"Transformed","floor":21.0,"gold_loss":0.0,"damage_taken":0.0,"cards_obtained":["Darkness"]},{"damage_healed":0.0,"max_hp_gain":0.0,"max_hp_loss":0.0,"gold_gain":0.0,"event_name":"MindBloom","player_choice":"Fight","floor":36.0,"gold_loss":0.0,"damage_taken":0.0},{"cards_removed":["Ball Lightning"],"damage_healed":0.0,"max_hp_gain":0.0,"max_hp_loss":0.0,"gold_gain":0.0,"event_name":"Falling","player_choice":"Removed Attack","floor":37.0,"gold_loss":0.0,"damage_taken":0.0}],"is_beta":false,"boss_relics":[{"not_picked":["Empty Cage","White Beast Statue"],"picked":"Black Star"},{"not_picked":["Snecko Eye","Coffee Dripper"],"picked":"Sozu"}],"items_purged_floors":[27],"is_endless":false,"potions_floor_spawned":[2,6,8,19,22,23,25,28,38,39],"killed_by":"Reptomancer","ascension_level":9}