{"gold_per_floor":[13,30,30,55,76,141,141,177,177,177,177,177],"floor_reached":12,"playtime":454,"items_purged":[],"score":156,"play_id":"8ffdef51-38ee-419f-bd09-dd63e0f34410","local_time":"20191008190245","is_ascension_mode":true,"campfire_choices":[{"floor":7.0,"key":"REST"},{"floor":11,"key":"REST"}],"neow_cost":"NO_GOLD","seed_source_timestamp":853746384388800,"circlet_count":0,"master_deck":["AscendersBane","Strike_B","Strike_B","Strike_B","Strike_B","Defend_B","Defend_B","Defend_B","Defend_B","Zap","Dualcast","Beam Cell","Conserve Battery","Creative AI","Turbo","Gash"],"special_seed":0,"relics":["Cracked Core","Unceasing Top","Golden Idol","Tiny Chest","Odd Mushroom","Meat on the Bone","Incense Burner"],"potions_floor_usage":[8],"damage_taken":[{"damage":10.0,"enemies":"Small Slimes","floor":1.0,"turns":3.0},{"damage":5.0,"enemies":"2 Louse","floor":2.0,"turns":3.0},{"damage":1.0,"enemies":"Cultist","floor":4.0,"turns":4.0},{"damage":11.0,"enemies":"Blue Slaver","floor":5.0,"turns":4.0},{"damage":26.0,"enemies":"3 Sentries","floor":6.0,"turns":5.0},{"damage":23,"enemies":"The Mushroom Lair","floor":8,"turns":6},{"damage":49,"enemies":"Gremlin Nob","floor":12,"turns":4}],"seed_played":"7378156129772226974","potions_obtained":[{"floor":2.0,"key":"Block Potion"},{"floor":5.0,"key":"SneckoOil"}],"is_trial":false,"path_per_floor":["M","M","?","M","M","E","R","?","T","?","R","E"],"character_chosen":"DEFECT","items_purchased":[],"campfire_rested":2,"item_purchase_floors":[],"current_hp_per_floor":[54,49,49,48,37,11,30,7,7,7,26,0],"gold":177,"neow_bonus":"ONE_RARE_RELIC","is_prod":false,"is_daily":false,"chose_seed":false,"campfire_upgraded":0,"win_rate":0,"timestamp":1570554165,"path_taken":["M","M","?","M","M","E","R","?","T","?","R","E"],"build_version":"2019-07-17","purchased_purges":0,"victory":false,"max_hp_per_floor":[71,71,64,64,64,64,64,64,64,64,64,64],"card_choices":[{"not_picked":["Hologram","Compile Driver"],"picked":"Beam Cell","floor":1.0},{"not_picked":["Coolheaded","Steam Power"],"picked":"Stack","floor":2.0},{"not_picked":["Steam Power","Consume"],"picked":"Conserve Battery","floor":4.0},{"not_picked":["Compile Driver","Conserve Battery"],"picked":"Creative AI","floor":5.0},{"not_picked":["Consume","Rebound"],"picked":"Turbo","floor":6.0},{"not_picked":["Undo","Sweeping Beam"],"picked":"Gash","floor":8}],"player_experience":442967,"relics_obtained":[{"floor":6.0,"key":"Tiny Chest"},{"floor":8,"key":"Odd Mushroom"},{"floor":9,"key":"Meat on the Bone"}],"event_choices":[{"damage_healed":0.0,"max_hp_gain":0.0,"max_hp_loss":7.0,"gold_gain":0.0,"event_name":"Golden Idol","player_choice":"Lose Max HP","floor":3.0,"gold_loss":0.0,"damage_taken":0.0,"relics_obtained":["Golden Idol"]},{"damage_healed":0,"gold_gain":0,"player_choice":"Fought Mushrooms","damage_taken":0,"max_hp_gain":0,"max_hp_loss":0,"event_name":"Mushrooms","floor":8,"gold_loss":0},{"cards_removed":["Stack"],"damage_healed":0,"gold_gain":0,"player_choice":"Gave Card","damage_taken":0,"relics_obtained":["Incense Burner"],"max_hp_gain":0,"max_hp_loss":0,"event_name":"WeMeetAgain","floor":10,"gold_loss":0}],"is_beta":false,"boss_relics":[],"items_purged_floors":[],"is_endless":false,"potions_floor_spawned":[2,5],"killed_by":"Gremlin Nob","ascension_level":20}