{"gold_per_floor":[111,131,131,231,4,15,46,64,91,91,119,19,33,33,33,134,134,149,74,85,85,85,85,114,114,140,174,192,202,202,230,230,329,329,339,339,339,339,386,401,401,428,487,531,553,237,257,257,257,257],"floor_reached":51,"playtime":3989,"items_purged":["Strike_G"],"score":950,"play_id":"0d31147f-8d28-44b3-ad55-53d2e84f134d","local_time":"20191011012024","is_ascension_mode":true,"campfire_choices":[{"data":"Dagger Throw","floor":15,"key":"SMITH"},{"data":"Wraith Form v2","floor":23,"key":"SMITH"},{"data":"Flying Knee","floor":30,"key":"SMITH"},{"data":"Backflip","floor":32,"key":"SMITH"},{"floor":41,"key":"REST"},{"floor":49,"key":"REST"}],"neow_cost":"NONE","seed_source_timestamp":75923151060900,"circlet_count":0,"master_deck":["Defend_G+1","Defend_G","Defend_G+1","Defend_G","Survivor","Neutralize+1","Terror+1","Finisher+1","Flying Knee+1","Escape Plan","Dagger Throw+1","Backflip+1","Wraith Form v2+1","Bouncing Flask+1","Bullet Time+1","Underhanded Strike+1","Cloak And Dagger+1","Dagger Spray+1","Backstab+1","Footwork+1","Phantasmal Killer","Dagger Spray+1","Blade Dance+1","Caltrops+1","Die Die Die","Footwork","Sucker Punch+1"],"relics":["Ring of the Snake","Blood Vial","War Paint","Bag of Preparation","Orichalcum","Potion Belt","Astrolabe","MutagenicStrength","Bottled Flame","Centennial Puzzle","Happy Flower","Whetstone","Philosopher\u0027s Stone","Torii","MawBank","Pen Nib","Oddly Smooth Stone","Ornamental Fan"],"potions_floor_usage":[11,16,24,27,33,33,33,44,45,50,50,50],"damage_taken":[{"damage":0,"enemies":"Jaw Worm","floor":1,"turns":6},{"damage":0,"enemies":"Cultist","floor":2,"turns":4},{"damage":0,"enemies":"2 Louse","floor":6,"turns":2},{"damage":17,"enemies":"Lagavulin","floor":7,"turns":7},{"damage":2,"enemies":"Exordium Thugs","floor":8,"turns":4},{"damage":0,"enemies":"Gremlin Nob","floor":11,"turns":2},{"damage":0,"enemies":"2 Fungi Beasts","floor":13,"turns":2},{"damage":4,"enemies":"Hexaghost","floor":16,"turns":9},{"damage":0,"enemies":"Spheric Guardian","floor":18,"turns":1},{"damage":0,"enemies":"3 Byrds","floor":20,"turns":4},{"damage":1,"enemies":"Slavers","floor":24,"turns":4},{"damage":0,"enemies":"Gremlin Leader","floor":27,"turns":6},{"damage":0,"enemies":"Shelled Parasite and Fungi","floor":28,"turns":2},{"damage":0,"enemies":"Centurion and Healer","floor":29,"turns":1},{"damage":1,"enemies":"Book of Stabbing","floor":31,"turns":3},{"damage":13,"enemies":"Automaton","floor":33,"turns":9},{"damage":0,"enemies":"Orb Walker","floor":35,"turns":2},{"damage":19,"enemies":"2 Orb Walkers","floor":39,"turns":3},{"damage":8,"enemies":"3 Shapes","floor":40,"turns":1},{"damage":1,"enemies":"Nemesis","floor":42,"turns":3},{"damage":7,"enemies":"Reptomancer","floor":44,"turns":4},{"damage":1,"enemies":"3 Darklings","floor":45,"turns":3},{"damage":24,"enemies":"4 Shapes","floor":47,"turns":1},{"damage":58,"enemies":"Time Eater","floor":50,"turns":10}],"seed_played":"3569828284014113322","potions_obtained":[{"floor":2,"key":"LiquidBronze"},{"floor":8,"key":"PowerPotion"},{"floor":11,"key":"GhostInAJar"},{"floor":16,"key":"Dexterity Potion"},{"floor":18,"key":"Energy Potion"},{"floor":20,"key":"SteroidPotion"},{"floor":28,"key":"Fire Potion"},{"floor":29,"key":"Weak Potion"},{"floor":31,"key":"EssenceOfSteel"},{"floor":35,"key":"Explosive Potion"},{"floor":40,"key":"FearPotion"},{"floor":45,"key":"AttackPotion"}],"is_trial":false,"path_per_floor":["M","M","?","?","$","M","E","M","T","?","E","$","M","$","R","B",null,"M","?","M","?","?","R","E","$","T","E","M","M","R","E","R","B",null,"M","?","?","$","?","M","R","E","T","E","M","$","M","?","R","B",null],"character_chosen":"THE_SILENT","items_purchased":["War Paint","Finisher","Backflip","Ornamental Fan","Footwork"],"campfire_rested":2,"item_purchase_floors":[5,5,12,46,46],"current_hp_per_floor":[70,70,70,70,70,70,53,53,53,39,41,41,43,43,43,41,70,70,70,70,70,70,70,69,69,69,70,70,70,70,69,69,57,70,70,70,70,70,51,45,66,67,67,62,63,63,41,41,60,4],"gold":257,"neow_bonus":"RANDOM_COMMON_RELIC","is_prod":false,"is_daily":false,"chose_seed":false,"campfire_upgraded":4,"win_rate":0,"timestamp":1570774824,"path_taken":["M","M","?","?","$","M","E","?","T","?","E","$","M","?","R","BOSS","M","?","M","?","?","R","E","$","T","E","M","?","R","E","R","BOSS","M","?","?","$","?","M","R","E","T","E","?","?","?","?","R","BOSS"],"build_version":"2019-07-17","purchased_purges":1,"victory":true,"max_hp_per_floor":[70,70,70,70,70,70,70,70,70,70,70,70,70,70,70,70,70,70,70,70,70,70,70,70,70,70,70,70,70,70,70,70,70,70,70,70,70,70,70,70,70,70,70,70,70,70,70,66,66,66],"card_choices":[{"not_picked":["Underhanded Strike","Prepared","Eviscerate"],"picked":"SKIP","floor":1},{"not_picked":["Expertise","Catalyst"],"picked":"Terror","floor":2},{"not_picked":["PiercingWail","Prepared"],"picked":"Flying Knee","floor":6},{"not_picked":["Terror","Catalyst"],"picked":"Escape Plan","floor":7},{"not_picked":["Prepared","Outmaneuver"],"picked":"Dagger Throw","floor":8},{"not_picked":["Expertise","Bane"],"picked":"Die Die Die","floor":11},{"not_picked":["Dagger Spray","Deflect","Flechettes"],"picked":"SKIP","floor":13},{"not_picked":["Grand Finale","Unload"],"picked":"Wraith Form v2","floor":16},{"not_picked":["Outmaneuver+1","Dagger Spray","Prepared"],"picked":"SKIP","floor":18},{"not_picked":["Blade Dance","Sucker Punch"],"picked":"Cloak And Dagger+1","floor":20},{"not_picked":["Concentrate","Dagger Spray","Blade Dance"],"picked":"SKIP","floor":24},{"not_picked":["Concentrate","Dagger Spray","Blade Dance"],"picked":"SKIP","floor":24},{"not_picked":["Concentrate","Blade Dance"],"picked":"Dagger Spray","floor":24},{"not_picked":["Bullet Time","Underhanded Strike"],"picked":"Backstab+1","floor":27},{"not_picked":["Slice","Eviscerate","Cloak And Dagger"],"picked":"SKIP","floor":28},{"not_picked":["Dagger Spray","Bane","Heel Hook"],"picked":"SKIP","floor":29},{"not_picked":["Endless Agony","Quick Slash"],"picked":"Footwork+1","floor":31},{"not_picked":["Die Die Die","Venomology"],"picked":"Phantasmal Killer","floor":33},{"not_picked":["Masterful Stab+1","Escape Plan+1"],"picked":"Dagger Spray+1","floor":35},{"not_picked":["Heel Hook","Reflex"],"picked":"Blade Dance+1","floor":39},{"not_picked":["Deadly Poison","Prepared"],"picked":"Caltrops+1","floor":40},{"not_picked":["Deflect+1","Dagger Throw"],"picked":"Die Die Die","floor":42},{"not_picked":["Infinite Blades","Tactician+1","Predator"],"picked":"SKIP","floor":44},{"not_picked":["Blade Dance+1","Flying Knee","Choke"],"picked":"SKIP","floor":45},{"not_picked":["Prepared","Flying Knee"],"picked":"Sucker Punch+1","floor":47}],"player_experience":238687,"relics_obtained":[{"floor":7,"key":"Bag of Preparation"},{"floor":9,"key":"Orichalcum"},{"floor":11,"key":"Potion Belt"},{"floor":24,"key":"Bottled Flame"},{"floor":26,"key":"Centennial Puzzle"},{"floor":27,"key":"Happy Flower"},{"floor":31,"key":"Whetstone"},{"floor":39,"key":"Torii"},{"floor":42,"key":"MawBank"},{"floor":43,"key":"Pen Nib"},{"floor":44,"key":"Oddly Smooth Stone"}],"event_choices":[{"damage_healed":0,"gold_gain":0,"player_choice":"Grow","damage_taken":0,"max_hp_gain":0,"max_hp_loss":0,"event_name":"Living Wall","floor":3,"gold_loss":0,"cards_upgraded":["Neutralize"]},{"damage_healed":0,"gold_gain":100,"player_choice":"Pray","damage_taken":0,"max_hp_gain":0,"max_hp_loss":0,"event_name":"Golden Shrine","floor":4,"gold_loss":0},{"damage_healed":0,"gold_gain":0,"player_choice":"Entered Light","damage_taken":14,"max_hp_gain":0,"max_hp_loss":0,"event_name":"Shining Light","floor":10,"gold_loss":0,"cards_upgraded":["Finisher","Defend_G"]},{"cards_removed":["Strike_G"],"damage_healed":0,"gold_gain":0,"player_choice":"Gave Gold","damage_taken":0,"max_hp_gain":0,"max_hp_loss":0,"event_name":"Beggar","floor":19,"gold_loss":75},{"damage_healed":0,"gold_gain":0,"player_choice":"Inject Mutagens","damage_taken":0,"relics_obtained":["MutagenicStrength"],"max_hp_gain":0,"max_hp_loss":0,"event_name":"Drug Dealer","floor":21,"gold_loss":0},{"cards_removed":["Strike_G"],"damage_healed":0,"gold_gain":0,"player_choice":"Purged","damage_taken":0,"max_hp_gain":0,"max_hp_loss":0,"event_name":"Purifier","floor":22,"gold_loss":0},{"damage_healed":0,"gold_gain":0,"player_choice":"Memory 1","damage_taken":0,"max_hp_gain":0,"max_hp_loss":0,"event_name":"SensoryStone","floor":36,"gold_loss":0},{"cards_removed":["Die Die Die"],"damage_healed":0,"gold_gain":0,"player_choice":"Removed Attack","damage_taken":0,"max_hp_gain":0,"max_hp_loss":0,"event_name":"Falling","floor":37,"gold_loss":0},{"damage_healed":0,"gold_gain":0,"player_choice":"Fight","damage_taken":0,"max_hp_gain":0,"max_hp_loss":0,"event_name":"Mysterious Sphere","floor":39,"gold_loss":0},{"damage_healed":0,"gold_gain":0,"player_choice":"Max HP","damage_taken":0,"max_hp_gain":0,"max_hp_loss":4,"event_name":"Winding Halls","floor":48,"gold_loss":0}],"is_beta":false,"boss_relics":[{"not_picked":["Calling Bell","Coffee Dripper"],"picked":"Astrolabe"},{"not_picked":["Black Star","Pandora\u0027s Box"],"picked":"Philosopher\u0027s Stone"}],"items_purged_floors":[12],"is_endless":false,"potions_floor_spawned":[2,8,11,16,18,20,28,29,31,35,40,45],"ascension_level":4}