{"gold_per_floor":[117,130,90,101,101,101,121,138,190,190,210,43,59,69,69,173,173,190,213,312,326,326,326,339,352,376,387,387,397,408,420,420,420],"floor_reached":33,"playtime":1253,"items_purged":[],"score":297,"play_id":"dc2af463-7e16-4021-9860-e7950bf4ea70","local_time":"20191003004126","is_ascension_mode":false,"campfire_choices":[{"data":"Defend_R","floor":6,"key":"SMITH"},{"data":"Anger","floor":10,"key":"SMITH"},{"data":"Immolate","floor":15,"key":"SMITH"},{"data":"Barricade","floor":23,"key":"SMITH"},{"data":"Ghostly","floor":32,"key":"SMITH"}],"neow_cost":"NONE","seed_source_timestamp":218784723902500,"circlet_count":0,"master_deck":["Strike_R","Strike_R","Strike_R","Strike_R","Strike_R","Defend_R+1","Defend_R","Defend_R","Defend_R","Bash+1","Headbutt","Headbutt","Anger+1","Shrug It Off","Immolate+1","Ghostly Armor","Barricade+1","Bloodletting+1","Cleave","Ghostly","Ghostly","Ghostly","Ghostly","Ghostly+1","Shrug It Off","Metallicize","Headbutt","Shrug It Off","Inflame","Headbutt"],"relics":["Burning Blood"],"potions_floor_usage":[7,16,18,24,29,29,29,31,33,33],"damage_taken":[{"damage":6,"enemies":"Cultist","floor":1,"turns":3},{"damage":0,"enemies":"Small Slimes","floor":2,"turns":3},{"damage":6,"enemies":"Jaw Worm","floor":4,"turns":3},{"damage":3,"enemies":"Large Slime","floor":7,"turns":5},{"damage":21,"enemies":"2 Fungi Beasts","floor":8,"turns":3},{"damage":12,"enemies":"Blue Slaver","floor":11,"turns":2},{"damage":0,"enemies":"Lots of Slimes","floor":13,"turns":1},{"damage":10,"enemies":"Looter","floor":14,"turns":3},{"damage":67,"enemies":"The Guardian","floor":16,"turns":9},{"damage":22,"enemies":"2 Thieves","floor":18,"turns":3},{"damage":32,"enemies":"Shell Parasite","floor":21,"turns":5},{"damage":6,"enemies":"Centurion and Healer","floor":24,"turns":7},{"damage":5,"enemies":"Snecko","floor":25,"turns":6},{"damage":21,"enemies":"Snake Plant","floor":27,"turns":8},{"damage":7,"enemies":"Shelled Parasite and Fungi","floor":29,"turns":8},{"damage":11,"enemies":"Sentry and Sphere","floor":30,"turns":8},{"damage":2,"enemies":"Snecko","floor":31,"turns":6},{"damage":41,"enemies":"Champ","floor":33,"turns":14}],"seed_played":"-6293187099259074500","potions_obtained":[{"floor":2,"key":"EntropicBrew"},{"floor":3,"key":"SkillPotion"},{"floor":3,"key":"Regen Potion"},{"floor":4,"key":"BloodPotion"},{"floor":7,"key":"GamblersBrew"},{"floor":16,"key":"Poison Potion"},{"floor":18,"key":"Ancient Potion"},{"floor":27,"key":"SpeedPotion"}],"is_trial":false,"path_per_floor":["M","M","?","M","?","R","M","M","T","R","M","$","M","M","R","B",null,"M","T","?","M","?","R","M","M","T","M","?","M","M","M","R","B"],"character_chosen":"IRONCLAD","items_purchased":["Shrug It Off","Immolate"],"campfire_rested":0,"item_purchase_floors":[12,12],"current_hp_per_floor":[88,88,88,88,88,88,88,73,73,73,67,67,73,69,69,30,88,72,72,72,46,44,44,44,44,44,29,29,28,23,27,27,0],"gold":420,"neow_bonus":"TEN_PERCENT_HP_BONUS","is_prod":false,"is_daily":false,"chose_seed":false,"campfire_upgraded":5,"win_rate":0,"timestamp":1570056086,"path_taken":["M","M","?","?","?","R","M","M","T","R","?","$","?","M","R","BOSS","M","?","?","M","?","R","M","M","T","M","?","M","?","?","R","BOSS"],"build_version":"2019-07-17","purchased_purges":0,"victory":false,"max_hp_per_floor":[88,88,88,88,88,88,88,88,88,88,88,88,88,88,88,88,88,88,88,88,88,44,44,44,44,44,44,44,44,44,44,44,44],"card_choices":[{"not_picked":["Anger","Cleave"],"picked":"Headbutt","floor":1},{"not_picked":["Infernal Blade","Heavy Blade","Rupture"],"picked":"SKIP","floor":2},{"not_picked":["Rage","Corruption"],"picked":"Headbutt","floor":4},{"not_picked":["True Grit","Clash"],"picked":"Anger","floor":7},{"not_picked":["Body Slam","Heavy Blade","Second Wind"],"picked":"SKIP","floor":8},{"not_picked":["Havoc","Pummel","Twin Strike"],"picked":"SKIP","floor":11},{"not_picked":["Seeing Red","Thunderclap"],"picked":"Ghostly Armor","floor":13},{"not_picked":["Perfected Strike","Combust","Armaments"],"picked":"SKIP","floor":14},{"not_picked":["Juggernaut","Demon Form"],"picked":"Barricade","floor":16},{"not_picked":["Thunderclap","Perfected Strike"],"picked":"Bloodletting+1","floor":18},{"not_picked":["Clothesline+1","Havoc+1"],"picked":"Cleave","floor":21},{"not_picked":["Disarm","Dual Wield"],"picked":"Shrug It Off","floor":24},{"not_picked":["Rampage","Havoc"],"picked":"Metallicize","floor":25},{"not_picked":["Cleave","Warcry"],"picked":"Headbutt","floor":27},{"not_picked":["Armaments+1","Brutality"],"picked":"Shrug It Off","floor":29},{"not_picked":["Dual Wield","Infernal Blade"],"picked":"Inflame","floor":30},{"not_picked":["Wild Strike","Sentinel+1"],"picked":"Headbutt","floor":31}],"player_experience":256814,"relics_obtained":[],"event_choices":[{"damage_healed":0,"gold_gain":0,"player_choice":"Bought 3 Potions","damage_taken":0,"max_hp_gain":0,"max_hp_loss":0,"event_name":"The Woman in Blue","floor":3,"gold_loss":0},{"damage_healed":0,"gold_gain":0,"player_choice":"Forge","damage_taken":0,"max_hp_gain":0,"max_hp_loss":0,"event_name":"Accursed Blacksmith","floor":5,"gold_loss":0,"cards_upgraded":["Bash"]},{"damage_healed":0,"gold_gain":99,"player_choice":"Stole From Cult","damage_taken":0,"max_hp_gain":0,"max_hp_loss":0,"event_name":"Nest","floor":20,"gold_loss":0},{"damage_healed":0,"gold_gain":0,"player_choice":"Became a Ghost","damage_taken":0,"max_hp_gain":0,"max_hp_loss":44,"event_name":"Ghosts","floor":22,"gold_loss":0,"cards_obtained":["Ghostly","Ghostly","Ghostly","Ghostly","Ghostly"]}],"is_beta":false,"boss_relics":[{"not_picked":["Ectoplasm","Philosopher\u0027s Stone","Black Star"]}],"items_purged_floors":[],"is_endless":false,"potions_floor_spawned":[2,4,7,8,16,18,21,27,30],"killed_by":"Champ","ascension_level":0}