{"gold_per_floor":[215,231,15,31,45,80,96,109,132,167,179,191,223,251,263,370,382,375,387,409,439,461,473],"floor_reached":23,"playtime":1304,"items_purged":[],"score":209,"play_id":"89128656-d6bc-45f7-9cf8-61e8a9397ed6","local_time":"20190729005428","is_ascension_mode":false,"campfire_choices":[{"floor":11,"key":"REST"},{"floor":15,"key":"RECALL"}],"neow_cost":"NONE","seed_source_timestamp":1032548133777714,"circlet_count":0,"master_deck":["Strike_R+1","Strike_R+1","Strike_R+1","Strike_R+1","Defend_R+1","Defend_R+1","Defend_R+1","Defend_R+1","Bash","Rupture","Ghostly Armor","Combust","Twin Strike","Shrug It Off","Heavy Blade","Sword Boomerang","Rage","Dual Wield","Second Wind","Armaments","Brutality","Reckless Charge","Entrench+1","Flex","Iron Wave+1"],"relics":["Burning Blood","Blood Vial","Sundial","MawBank","Eternal Feather"],"potions_floor_usage":[6,6,14,16,22,22],"damage_taken":[{"damage":5,"enemies":"Jaw Worm","floor":1,"turns":4},{"damage":5,"enemies":"Cultist","floor":2,"turns":4},{"damage":4,"enemies":"2 Louse","floor":4,"turns":3},{"damage":15,"enemies":"Large Slime","floor":5,"turns":6},{"damage":12,"enemies":"3 Sentries","floor":6,"turns":5},{"damage":21,"enemies":"Exordium Thugs","floor":7,"turns":4},{"damage":17,"enemies":"Lots of Slimes","floor":8,"turns":4},{"damage":25,"enemies":"Lagavulin","floor":10,"turns":7},{"damage":5,"enemies":"2 Fungi Beasts","floor":13,"turns":5},{"damage":1,"enemies":"3 Louse","floor":14,"turns":3},{"damage":21,"enemies":"Slime Boss","floor":16,"turns":9},{"damage":23,"enemies":"2 Thieves","floor":18,"turns":4},{"damage":7,"enemies":"Chosen","floor":20,"turns":6},{"damage":48,"enemies":"Snake Plant","floor":21,"turns":6},{"damage":12,"enemies":"Snecko","floor":22,"turns":6},{"damage":22,"enemies":"Book of Stabbing","floor":23,"turns":5}],"seed_played":"-5342480145869457421","potions_obtained":[{"floor":2,"key":"AttackPotion"},{"floor":4,"key":"PowerPotion"},{"floor":6,"key":"SteroidPotion"},{"floor":10,"key":"Swift Potion"},{"floor":16,"key":"Ancient Potion"},{"floor":20,"key":"PowerPotion"}],"is_trial":false,"path_per_floor":["M","M","$","M","M","E","M","M","T","E","R","?","M","M","R","B",null,"M","?","M","M","M","E"],"character_chosen":"IRONCLAD","items_purchased":["Combust","Blood Vial"],"campfire_rested":1,"item_purchase_floors":[3,3],"current_hp_per_floor":[80,80,80,80,71,67,54,45,45,28,52,52,55,62,62,49,80,63,63,64,24,20,0],"gold":473,"neow_bonus":"HUNDRED_GOLD","is_prod":false,"is_daily":false,"chose_seed":false,"campfire_upgraded":0,"win_rate":0,"timestamp":1564354468,"path_taken":["M","M","$","M","M","E","M","M","T","E","R","?","?","M","R","BOSS","M","?","M","M","M","E"],"build_version":"2019-07-17","purchased_purges":0,"victory":false,"max_hp_per_floor":[80,80,80,80,80,80,80,80,80,80,80,80,80,80,80,80,80,80,80,80,80,80,80],"card_choices":[{"not_picked":["Thunderclap","Perfected Strike"],"picked":"Rupture","floor":1},{"not_picked":["Uppercut","Cleave"],"picked":"Ghostly Armor","floor":2},{"not_picked":["Body Slam","Carnage"],"picked":"Twin Strike","floor":4},{"not_picked":["Clothesline","Metallicize"],"picked":"Shrug It Off","floor":5},{"not_picked":["True Grit","Battle Trance"],"picked":"Heavy Blade","floor":6},{"not_picked":["Clash","Combust"],"picked":"Sword Boomerang","floor":7},{"not_picked":["True Grit","Wild Strike"],"picked":"Rage","floor":8},{"not_picked":["Bludgeon","Anger"],"picked":"Dual Wield","floor":10},{"not_picked":["Heavy Blade","Anger"],"picked":"Second Wind","floor":13},{"not_picked":["Rage","Blood for Blood"],"picked":"Armaments","floor":14},{"not_picked":["Offering","Dark Embrace"],"picked":"Brutality","floor":16},{"not_picked":["Shrug It Off","Headbutt+1"],"picked":"Reckless Charge","floor":18},{"not_picked":["Dropkick","Body Slam+1"],"picked":"Entrench+1","floor":20},{"not_picked":["Thunderclap","Armaments"],"picked":"Flex","floor":21},{"not_picked":["Metallicize+1","Flex"],"picked":"Iron Wave+1","floor":22}],"player_experience":131395,"relics_obtained":[{"floor":6,"key":"Sundial"},{"floor":10,"key":"MawBank"}],"event_choices":[{"cards_removed":["Strike_R"],"damage_healed":0,"gold_gain":0,"player_choice":"Purged","damage_taken":0,"max_hp_gain":0,"max_hp_loss":0,"event_name":"Purifier","floor":12,"gold_loss":0},{"damage_healed":0,"gold_gain":0,"player_choice":"Simplicity","damage_taken":0,"max_hp_gain":0,"max_hp_loss":0,"event_name":"Back to Basics","floor":19,"gold_loss":0,"cards_upgraded":["Strike_R","Strike_R","Strike_R","Strike_R","Defend_R","Defend_R","Defend_R","Defend_R"]}],"is_beta":false,"boss_relics":[{"not_picked":["Runic Cube","Empty Cage"],"picked":"Eternal Feather"}],"items_purged_floors":[],"is_endless":false,"potions_floor_spawned":[2,4,6,10,16,20],"killed_by":"Book of Stabbing","ascension_level":0}