{"gold_per_floor":[113,113,39,49,49,69,102,102,102,122,156,231,231,241,241,338,338,357,357,373,373,386,414,414,66,66,66,95,106,106,132,132,228,228,239,239,4,0,14,14,42,42,67,79,105,105,116,136,136,136],"floor_reached":51,"playtime":4627,"items_purged":[],"score":873,"play_id":"236a2f3c-570b-4b40-8e9f-38e9604f9fd9","local_time":"20190710003558","is_ascension_mode":false,"campfire_choices":[{"floor":13,"key":"REST"},{"data":"Heavy Blade","floor":15,"key":"SMITH"},{"floor":27,"key":"REST"},{"floor":30,"key":"REST"},{"floor":32,"key":"REST"},{"floor":40,"key":"REST"},{"floor":49,"key":"REST"}],"neow_cost":"NONE","seed_source_timestamp":509616503860111,"circlet_count":0,"master_deck":["Strike_R","Strike_R","Strike_R","Strike_R","Defend_R","Defend_R","Defend_R","Defend_R","Bash+1","Rupture+1","Pommel Strike+1","Shrug It Off","Spot Weakness","Heavy Blade+1","Brutality","Headbutt+1","Dual Wield","Pommel Strike","Feed","Whirlwind","Pommel Strike","Rage","Hemokinesis","Armaments","Heavy Blade","Barricade+1","Carnage+1","Bludgeon+1","Seeing Red","Madness","Madness","Inflame+1","Shrug It Off","Ghostly Armor+1","Blood for Blood+1","Pommel Strike+1","Mayhem+1","Twin Strike+1","Uppercut+1","Iron Wave+1"],"relics":["Burning Blood","Gremlin Horn","Frozen Egg 2","Whetstone","Velvet Choker","Nunchaku","Mercury Hourglass","Enchiridion","Mango","Shuriken","Champion Belt","Molten Egg 2","White Beast Statue","OrangePellets","Red Mask","Pear","Dream Catcher","Ancient Tea Set"],"potions_floor_usage":[11,16,16,22,23,29,33,39,41,45,45,45,47,48,50,50,50],"damage_taken":[{"damage":3,"enemies":"Jaw Worm","floor":1,"turns":5},{"damage":0,"enemies":"Cultist","floor":4,"turns":5},{"damage":7,"enemies":"2 Louse","floor":6,"turns":2},{"damage":41,"enemies":"3 Sentries","floor":7,"turns":10},{"damage":3,"enemies":"Looter","floor":10,"turns":4},{"damage":21,"enemies":"Gremlin Nob","floor":11,"turns":4},{"damage":6,"enemies":"Red Slaver","floor":14,"turns":2},{"damage":51,"enemies":"The Guardian","floor":16,"turns":7},{"damage":7,"enemies":"Chosen","floor":18,"turns":4},{"damage":17,"enemies":"Shell Parasite","floor":20,"turns":6},{"damage":0,"enemies":"3 Cultists","floor":22,"turns":2},{"damage":63,"enemies":"Book of Stabbing","floor":23,"turns":6},{"damage":3,"enemies":"Gremlin Leader","floor":28,"turns":3},{"damage":20,"enemies":"Shelled Parasite and Fungi","floor":29,"turns":3},{"damage":46,"enemies":"Slavers","floor":31,"turns":3},{"damage":67,"enemies":"Collector","floor":33,"turns":7},{"damage":25,"enemies":"3 Shapes","floor":35,"turns":3},{"damage":46,"enemies":"3 Darklings","floor":39,"turns":4},{"damage":78,"enemies":"Giant Head","floor":41,"turns":7},{"damage":13,"enemies":"4 Shapes","floor":44,"turns":3},{"damage":46,"enemies":"Nemesis","floor":45,"turns":5},{"damage":24,"enemies":"Spire Growth","floor":47,"turns":5},{"damage":30,"enemies":"Maw","floor":48,"turns":6},{"damage":28,"enemies":"Time Eater","floor":50,"turns":6}],"seed_played":"8243972690462253155","potions_obtained":[{"floor":7,"key":"Fire Potion"},{"floor":10,"key":"BloodPotion"},{"floor":11,"key":"AttackPotion"},{"floor":14,"key":"Dexterity Potion"},{"floor":18,"key":"AttackPotion"},{"floor":20,"key":"SteroidPotion"},{"floor":22,"key":"SteroidPotion"},{"floor":35,"key":"Poison Potion"},{"floor":39,"key":"Fruit Juice"},{"floor":41,"key":"EntropicBrew"},{"floor":44,"key":"SteroidPotion"},{"floor":45,"key":"Regen Potion"},{"floor":47,"key":"PowerPotion"},{"floor":48,"key":"LiquidBronze"}],"is_trial":false,"path_per_floor":["M","?","$","M","?","M","E","?","T","M","E","?","R","M","R","B",null,"M","?","M","?","M","E","?","$","T","R","E","M","R","E","R","B",null,"M","?","$","?","M","R","E","?","T","M","E","?","M","M","R","B",null],"character_chosen":"IRONCLAD","items_purchased":["Pommel Strike","Shrug It Off","Mango","Armaments","Inflame+1","OrangePellets"],"campfire_rested":6,"item_purchase_floors":[3,3,25,25,37,37],"current_hp_per_floor":[88,88,88,88,88,87,52,52,52,55,40,29,55,55,55,32,88,90,90,79,79,85,28,12,26,26,57,60,50,82,45,78,20,115,96,82,82,82,47,83,21,114,114,107,67,67,61,65,99,77],"gold":136,"neow_bonus":"TEN_PERCENT_HP_BONUS","is_prod":false,"is_daily":false,"chose_seed":false,"campfire_upgraded":1,"win_rate":0,"timestamp":1562711758,"path_taken":["M","?","?","M","?","M","E","?","T","?","E","?","R","M","R","BOSS","M","?","M","?","?","E","?","$","T","R","E","M","R","E","R","BOSS","M","?","$","?","M","R","E","?","T","M","E","?","M","M","R","BOSS"],"build_version":"2019-07-05","purchased_purges":0,"victory":true,"max_hp_per_floor":[88,88,88,88,88,88,88,88,88,88,88,88,88,88,88,88,88,91,91,91,91,91,91,91,105,105,105,105,109,109,112,112,115,115,115,115,115,115,120,120,130,114,114,114,114,114,114,114,114,114],"card_choices":[{"not_picked":["Cleave","Clash"],"picked":"Rupture","floor":1},{"not_picked":["Searing Blow","Corruption"],"picked":"Spot Weakness","floor":4},{"not_picked":["Pummel","Iron Wave"],"picked":"Heavy Blade","floor":6},{"not_picked":["Demon Form","Clothesline"],"picked":"Brutality","floor":7},{"not_picked":["Flame Barrier","Perfected Strike"],"picked":"Headbutt","floor":10},{"not_picked":["Rupture+1","Perfected Strike"],"picked":"Dual Wield","floor":11},{"not_picked":["Cleave","Infernal Blade"],"picked":"Pommel Strike","floor":14},{"not_picked":["Brutality+1","Limit Break"],"picked":"Feed","floor":16},{"not_picked":["Pommel Strike","Disarm"],"picked":"Whirlwind","floor":18},{"not_picked":["Spot Weakness","Sword Boomerang"],"picked":"Pommel Strike","floor":20},{"not_picked":["Flex","Thunderclap"],"picked":"Rage","floor":22},{"not_picked":["Clothesline","Second Wind"],"picked":"Hemokinesis","floor":23},{"not_picked":["Uppercut","True Grit"],"picked":"Heavy Blade","floor":28},{"not_picked":["Infernal Blade","Pommel Strike+1"],"picked":"Barricade+1","floor":29},{"not_picked":["Thunderclap","Berserk+1"],"picked":"Carnage","floor":31},{"not_picked":["Berserk+1","Brutality+1"],"picked":"Bludgeon+1","floor":33},{"not_picked":["Warcry","Pommel Strike+1"],"picked":"Seeing Red","floor":35},{"not_picked":["Armaments","Headbutt+1"],"picked":"Shrug It Off","floor":39},{"not_picked":["Body Slam+1","Uppercut+1"],"picked":"Ghostly Armor+1","floor":41},{"not_picked":["Cleave+1","Pummel+1"],"picked":"Blood for Blood+1","floor":44},{"not_picked":["True Grit+1","Entrench"],"picked":"Pommel Strike+1","floor":45},{"not_picked":["Finesse","Madness"],"picked":"Mayhem+1","floor":46},{"not_picked":["Armaments","Corruption+1"],"picked":"Twin Strike+1","floor":47},{"not_picked":["Carnage+1","Pommel Strike+1"],"picked":"Uppercut+1","floor":48},{"not_picked":["Entrench","Perfected Strike+1"],"picked":"Iron Wave+1","floor":49}],"player_experience":20528,"relics_obtained":[{"floor":7,"key":"Gremlin Horn"},{"floor":9,"key":"Frozen Egg 2"},{"floor":11,"key":"Whetstone"},{"floor":23,"key":"Mercury Hourglass"},{"floor":24,"key":"Enchiridion"},{"floor":26,"key":"Shuriken"},{"floor":28,"key":"Champion Belt"},{"floor":31,"key":"Molten Egg 2"},{"floor":41,"key":"Pear"},{"floor":43,"key":"Dream Catcher"},{"floor":45,"key":"Ancient Tea Set"}],"event_choices":[{"damage_healed":0,"gold_gain":0,"player_choice":"Upgraded","damage_taken":0,"max_hp_gain":0,"max_hp_loss":0,"event_name":"Upgrade Shrine","floor":2,"gold_loss":0,"cards_upgraded":["Rupture"]},{"damage_healed":0,"gold_gain":0,"player_choice":"Grow","damage_taken":0,"max_hp_gain":0,"max_hp_loss":0,"event_name":"Living Wall","floor":5,"gold_loss":0,"cards_upgraded":["Pommel Strike"]},{"cards_removed":["Strike_R"],"damage_healed":0,"gold_gain":0,"player_choice":"Purged","damage_taken":0,"max_hp_gain":0,"max_hp_loss":0,"event_name":"Purifier","floor":8,"gold_loss":0},{"damage_healed":0,"gold_gain":75,"player_choice":"Gather Gold","damage_taken":11,"max_hp_gain":0,"max_hp_loss":0,"event_name":"World of Goop","floor":12,"gold_loss":0},{"damage_healed":0,"gold_gain":0,"player_choice":"Opened","damage_taken":0,"relics_obtained":["Nunchaku"],"max_hp_gain":0,"max_hp_loss":0,"event_name":"The Mausoleum","floor":19,"gold_loss":0,"cards_obtained":["Writhe"]},{"cards_removed":["Writhe"],"damage_healed":0,"gold_gain":0,"player_choice":"Purged","damage_taken":0,"max_hp_gain":0,"max_hp_loss":0,"event_name":"Purifier","floor":21,"gold_loss":0},{"damage_healed":0,"gold_gain":0,"player_choice":"Obtained Book","damage_taken":16,"max_hp_gain":0,"max_hp_loss":0,"event_name":"Cursed Tome","floor":24,"gold_loss":0},{"damage_healed":0,"gold_gain":0,"player_choice":"Embrace Madness","damage_taken":14,"max_hp_gain":0,"max_hp_loss":0,"event_name":"Winding Halls","floor":36,"gold_loss":0,"cards_obtained":["Madness","Madness"]},{"damage_healed":0,"gold_gain":0,"player_choice":"Paid","damage_taken":0,"relics_obtained":["Red Mask"],"max_hp_gain":0,"max_hp_loss":0,"event_name":"Tomb of Lord Red Mask","floor":38,"gold_loss":4},{"damage_healed":114,"gold_gain":0,"player_choice":"Heal","damage_taken":0,"max_hp_gain":0,"max_hp_loss":16,"event_name":"The Moai Head","floor":42,"gold_loss":0},{"damage_healed":0,"gold_gain":0,"player_choice":"Memory 1","damage_taken":0,"max_hp_gain":0,"max_hp_loss":0,"event_name":"SensoryStone","floor":46,"gold_loss":0}],"is_beta":false,"boss_relics":[{"not_picked":["Empty Cage","Runic Cube"],"picked":"Velvet Choker"},{"not_picked":["Astrolabe","Calling Bell"],"picked":"White Beast Statue"}],"items_purged_floors":[],"is_endless":false,"potions_floor_spawned":[7,10,11,14,18,20,22,35,39,41,44,45,47,48],"ascension_level":0}