{"gold_per_floor":[116,216,232,250,268,297,309,337,390,390,416,430,41,59,59,160,160,171,270,270,270,25,55,55,71,95,108,108,143,153,14,14,116,116,127,146,196,209,209,226,241,4,54,69,69,82,182,182,182,182],"floor_reached":50,"playtime":3678,"items_purged":["Shame","Strike_G","Shame"],"score":792,"play_id":"64c97209-3372-4cb6-bedc-17524ef0f2ce","local_time":"20190919185442","is_ascension_mode":true,"campfire_choices":[{"floor":10,"key":"REST"},{"floor":15,"key":"REST"},{"floor":24,"key":"REST"},{"data":"Noxious Fumes","floor":28,"key":"SMITH"},{"floor":32,"key":"REST"},{"floor":45,"key":"REST"},{"floor":49,"key":"REST"}],"neow_cost":"NONE","seed_source_timestamp":3280378689981600,"circlet_count":0,"master_deck":["Strike_G","Strike_G+1","Strike_G","Strike_G","Defend_G","Defend_G","Defend_G","Defend_G","Defend_G","Survivor","Neutralize","Deadly Poison","Dodge and Roll","Skewer","Burst","Terror","Backstab","Crippling Poison","PiercingWail","Flying Knee","Footwork","Adrenaline","Deadly Poison","Poisoned Stab","Flying Knee+1","Corpse Explosion","Noxious Fumes+1","Bane+1","Backflip+1","Backflip+1","Flying Knee","Malaise","Envenom","Noxious Fumes","Bane","Flying Knee+1","Dash","Flying Knee","Transmutation","Parasite","Sucker Punch+1","Caltrops+1","Corpse Explosion"],"relics":["Cursed Key","Bottled Lightning","Lantern","Bag of Marbles","Mercury Hourglass","Membership Card","Velvet Choker","Strawberry","Meat on the Bone","Regal Pillow","Whetstone","Blue Candle","Lizard Tail","Tough Bandages","Oddly Smooth Stone","Ancient Tea Set","Snake Skull","StoneCalendar"],"potions_floor_usage":[6,6,11,14,16,18,23,27,37,38,50,50],"damage_taken":[{"damage":2,"enemies":"Jaw Worm","floor":1,"turns":6},{"damage":0,"enemies":"Cultist","floor":3,"turns":4},{"damage":0,"enemies":"Small Slimes","floor":4,"turns":4},{"damage":0,"enemies":"Looter","floor":5,"turns":4},{"damage":7,"enemies":"Gremlin Nob","floor":6,"turns":3},{"damage":1,"enemies":"Large Slime","floor":7,"turns":5},{"damage":25,"enemies":"Lagavulin","floor":8,"turns":6},{"damage":1,"enemies":"3 Sentries","floor":11,"turns":7},{"damage":8,"enemies":"Exordium Wildlife","floor":12,"turns":3},{"damage":0,"enemies":"Red Slaver","floor":14,"turns":1},{"damage":8,"enemies":"The Guardian","floor":16,"turns":7},{"damage":1,"enemies":"Spheric Guardian","floor":18,"turns":3},{"damage":38,"enemies":"Book of Stabbing","floor":23,"turns":5},{"damage":15,"enemies":"2 Thieves","floor":25,"turns":4},{"damage":1,"enemies":"Snake Plant","floor":27,"turns":2},{"damage":29,"enemies":"Slavers","floor":29,"turns":2},{"damage":1,"enemies":"Shelled Parasite and Fungi","floor":30,"turns":4},{"damage":64,"enemies":"Champ","floor":33,"turns":11},{"damage":7,"enemies":"3 Shapes","floor":35,"turns":4},{"damage":34,"enemies":"3 Darklings","floor":36,"turns":4},{"damage":21,"enemies":"2 Orb Walkers","floor":37,"turns":5},{"damage":24,"enemies":"Spire Growth","floor":38,"turns":5},{"damage":9,"enemies":"4 Shapes","floor":40,"turns":5},{"damage":33,"enemies":"Sphere and 2 Shapes","floor":41,"turns":3},{"damage":8,"enemies":"Jaw Worm Horde","floor":44,"turns":5},{"damage":25,"enemies":"3 Darklings","floor":46,"turns":4},{"damage":0,"enemies":"Mind Bloom Boss Battle","floor":47,"turns":7},{"damage":132,"enemies":"Awakened One","floor":50,"turns":9}],"seed_played":"-3351349938351503335","potions_obtained":[{"floor":3,"key":"AttackPotion"},{"floor":4,"key":"FearPotion"},{"floor":7,"key":"LiquidBronze"},{"floor":8,"key":"EssenceOfSteel"},{"floor":12,"key":"Explosive Potion"},{"floor":14,"key":"SpeedPotion"},{"floor":16,"key":"Fire Potion"},{"floor":25,"key":"Block Potion"},{"floor":29,"key":"FearPotion"},{"floor":33,"key":"Ancient Potion"},{"floor":36,"key":"GhostInAJar"},{"floor":37,"key":"GamblersBrew"},{"floor":41,"key":"PowerPotion"},{"floor":44,"key":"FairyPotion"},{"floor":46,"key":"Fire Potion"}],"is_trial":false,"path_per_floor":["M","?","M","M","M","E","M","E","T","R","E","M","$","M","R","B",null,"M","?","?","?","$","E","R","M","T","M","R","E","M","$","R","B",null,"M","M","?","M","?","M","M","$","T","M","R","M","?","?","R","B"],"character_chosen":"THE_SILENT","items_purchased":["Membership Card","Footwork","Adrenaline","Deadly Poison","Poisoned Stab","Strawberry","Meat on the Bone","Malaise","Oddly Smooth Stone","Ancient Tea Set","Transmutation"],"campfire_rested":6,"item_purchase_floors":[13,13,13,13,13,22,22,31,42,42,42],"current_hp_per_floor":[61,61,61,61,61,54,53,28,28,49,48,40,40,40,61,53,66,65,65,65,52,59,33,72,57,57,56,56,39,50,50,82,30,69,62,40,31,19,11,14,42,42,42,46,82,57,57,57,82,0],"gold":182,"neow_bonus":"BOSS_RELIC","is_prod":false,"is_daily":false,"chose_seed":false,"campfire_upgraded":1,"win_rate":0,"timestamp":1568912082,"path_taken":["M","?","M","M","M","E","M","E","T","R","E","M","$","?","R","BOSS","M","?","?","?","$","E","R","M","T","M","R","E","M","$","R","BOSS","M","M","?","M","?","?","M","$","T","M","R","M","?","?","R","BOSS"],"build_version":"2019-07-17","purchased_purges":3,"victory":false,"max_hp_per_floor":[70,70,70,70,70,70,70,70,70,70,70,70,70,70,70,70,70,70,70,70,75,82,82,82,82,82,82,82,82,82,82,82,82,82,82,82,82,82,82,82,82,82,82,82,82,82,82,82,82,82],"card_choices":[{"not_picked":["Quick Slash","Escape Plan"],"picked":"Deadly Poison","floor":1},{"not_picked":["Quick Slash","Prepared"],"picked":"Dodge and Roll","floor":3},{"not_picked":["Finisher","Endless Agony"],"picked":"Skewer","floor":4},{"not_picked":["Slice","Dagger Throw"],"picked":"Burst","floor":5},{"not_picked":["Deflect","Backflip"],"picked":"Terror","floor":6},{"not_picked":["Dodge and Roll","Skewer"],"picked":"Backstab","floor":7},{"not_picked":["Expertise","Flying Knee"],"picked":"Crippling Poison","floor":8},{"not_picked":["Deflect","Blade Dance"],"picked":"PiercingWail","floor":11},{"not_picked":["Dash","Slice"],"picked":"Flying Knee","floor":12},{"not_picked":["PiercingWail","Storm of Steel"],"picked":"Flying Knee","floor":14},{"not_picked":["After Image","A Thousand Cuts"],"picked":"Corpse Explosion","floor":16},{"not_picked":["Underhanded Strike+1","Slice"],"picked":"Noxious Fumes","floor":18},{"not_picked":["Quick Slash","Distraction"],"picked":"Flechettes","floor":23},{"not_picked":["Cloak And Dagger+1","Terror"],"picked":"Bane+1","floor":25},{"not_picked":["Prepared","Endless Agony"],"picked":"Backflip+1","floor":27},{"not_picked":["Dagger Throw","Endless Agony"],"picked":"Backflip+1","floor":29},{"not_picked":["Distraction+1","Blade Dance"],"picked":"Flying Knee","floor":30},{"not_picked":["Storm of Steel","Die Die Die"],"picked":"Envenom","floor":33},{"not_picked":["Infinite Blades+1","Quick Slash+1"],"picked":"Noxious Fumes","floor":35},{"not_picked":["Prepared+1","PiercingWail"],"picked":"Bane","floor":36},{"not_picked":["Cloak And Dagger","Dodge and Roll"],"picked":"Flying Knee+1","floor":37},{"not_picked":["Adrenaline","Accuracy"],"picked":"Dash","floor":38},{"not_picked":["Cloak And Dagger+1","Outmaneuver+1"],"picked":"Flying Knee","floor":40},{"not_picked":["Infinite Blades","Heel Hook","Blade Dance"],"picked":"SKIP","floor":41},{"not_picked":["Cloak And Dagger","Tactician+1"],"picked":"Sucker Punch+1","floor":44},{"not_picked":["Backflip","Slice+1"],"picked":"Caltrops+1","floor":46},{"not_picked":["Quick Slash","Blade Dance+1"],"picked":"Corpse Explosion","floor":47}],"player_experience":254900,"relics_obtained":[{"floor":6,"key":"Bottled Lightning"},{"floor":8,"key":"Lantern"},{"floor":9,"key":"Bag of Marbles"},{"floor":11,"key":"Mercury Hourglass"},{"floor":23,"key":"Regal Pillow"},{"floor":26,"key":"Whetstone"},{"floor":29,"key":"Blue Candle"},{"floor":37,"key":"Tough Bandages"},{"floor":43,"key":"Snake Skull"},{"floor":47,"key":"StoneCalendar"}],"event_choices":[{"damage_healed":0,"gold_gain":100,"player_choice":"Gold","damage_taken":0,"max_hp_gain":0,"max_hp_loss":0,"event_name":"Wheel of Change","floor":2,"gold_loss":0},{"damage_healed":0,"gold_gain":99,"player_choice":"Stole From Cult","damage_taken":0,"max_hp_gain":0,"max_hp_loss":0,"event_name":"Nest","floor":19,"gold_loss":0},{"damage_healed":0,"gold_gain":0,"player_choice":"Ignored","damage_taken":0,"max_hp_gain":0,"max_hp_loss":0,"event_name":"Beggar","floor":20,"gold_loss":0},{"damage_healed":0,"gold_gain":0,"player_choice":"Shed Blood","damage_taken":18,"max_hp_gain":5,"max_hp_loss":0,"event_name":"Forgotten Altar","floor":21,"gold_loss":0},{"damage_healed":0,"gold_gain":0,"player_choice":"Fight","damage_taken":0,"max_hp_gain":0,"max_hp_loss":0,"event_name":"Mysterious Sphere","floor":37,"gold_loss":0},{"damage_healed":0,"gold_gain":0,"player_choice":"Damaged","damage_taken":8,"max_hp_gain":0,"max_hp_loss":0,"event_name":"Wheel of Change","floor":39,"gold_loss":0},{"damage_healed":0,"gold_gain":0,"player_choice":"Fight","damage_taken":0,"max_hp_gain":0,"max_hp_loss":0,"event_name":"MindBloom","floor":47,"gold_loss":0},{"cards_removed":["Flechettes"],"damage_healed":0,"gold_gain":0,"player_choice":"Removed Attack","damage_taken":0,"max_hp_gain":0,"max_hp_loss":0,"event_name":"Falling","floor":48,"gold_loss":0}],"is_beta":false,"boss_relics":[{"not_picked":["Ectoplasm","Runic Dome"],"picked":"Velvet Choker"},{"not_picked":["Snecko Eye","WristBlade"],"picked":"Lizard Tail"}],"items_purged_floors":[13,22,31],"is_endless":false,"potions_floor_spawned":[3,4,7,8,12,14,16,25,29,33,36,37,41,44,46],"killed_by":"Awakened One","ascension_level":7}