{"gold_per_floor":[114,189,189,189,189,216,216,70,146,158,189,54,71,106,106,210,210,225,241,259,147,160,160,120,147,195,213,233,245,245,255,255,356,356,369,269,75,75,86,86,13,32,32,44,72,92,92,108,108,108],"floor_reached":50,"playtime":4957,"items_purged":["Strike_G","Strike_G","Strike_G"],"score":707,"play_id":"fe7d9509-df1a-44e3-a4d0-df78f1687c7f","local_time":"20191003190204","is_ascension_mode":true,"campfire_choices":[{"data":"Caltrops","floor":7,"key":"SMITH"},{"floor":15,"key":"REST"},{"data":"Deadly Poison","floor":23,"key":"SMITH"},{"data":"Adrenaline","floor":30,"key":"SMITH"},{"data":"Footwork","floor":32,"key":"SMITH"},{"data":"Footwork","floor":40,"key":"SMITH"},{"data":"Catalyst","floor":47,"key":"SMITH"},{"data":"Catalyst","floor":49,"key":"SMITH"}],"neow_cost":"NONE","seed_source_timestamp":258452073174700,"circlet_count":0,"master_deck":["Strike_G","Strike_G","Defend_G","Defend_G","Defend_G","Defend_G","Defend_G","Survivor","Neutralize+1","Caltrops+1","Leg Sweep","Backflip","Deadly Poison+1","Footwork+1","Backstab","Corpse Explosion","Poisoned Stab+1","Acrobatics+1","Footwork+1","PiercingWail+1","Adrenaline+1","Catalyst+1","Die Die Die","Catalyst+1","Backstab","Catalyst+1"],"relics":["Ring of the Snake","NeowsBlessing","Letter Opener","Gremlin Horn","Vajra","Kunai","Art of War","PreservedInsect","Sozu","Blood Vial","Ancient Tea Set","Orrery","Meat on the Bone","Mummified Hand"],"potions_floor_usage":[11,14,16],"damage_taken":[{"damage":0,"enemies":"Jaw Worm","floor":1,"turns":1},{"damage":0,"enemies":"3 Sentries","floor":6,"turns":1},{"damage":0,"enemies":"Small Slimes","floor":10,"turns":1},{"damage":33,"enemies":"Lagavulin","floor":11,"turns":12},{"damage":0,"enemies":"2 Louse","floor":13,"turns":2},{"damage":0,"enemies":"3 Sentries","floor":14,"turns":8},{"damage":16,"enemies":"Hexaghost","floor":16,"turns":10},{"damage":7,"enemies":"Spheric Guardian","floor":18,"turns":6},{"damage":0,"enemies":"Shell Parasite","floor":19,"turns":6},{"damage":2,"enemies":"Snake Plant","floor":20,"turns":4},{"damage":0,"enemies":"Shelled Parasite and Fungi","floor":22,"turns":6},{"damage":11,"enemies":"Slavers","floor":25,"turns":2},{"damage":2,"enemies":"Cultist and Chosen","floor":27,"turns":7},{"damage":0,"enemies":"Snecko","floor":28,"turns":6},{"damage":8,"enemies":"Snake Plant","floor":29,"turns":5},{"damage":0,"enemies":"Chosen and Byrds","floor":31,"turns":4},{"damage":4,"enemies":"Champ","floor":33,"turns":13},{"damage":0,"enemies":"3 Shapes","floor":35,"turns":2},{"damage":0,"enemies":"3 Darklings","floor":39,"turns":4},{"damage":6,"enemies":"Maw","floor":42,"turns":9},{"damage":18,"enemies":"Spire Growth","floor":44,"turns":3},{"damage":2,"enemies":"Giant Head","floor":45,"turns":4},{"damage":0,"enemies":"3 Darklings","floor":46,"turns":2},{"damage":0,"enemies":"Maw","floor":48,"turns":4},{"damage":79,"enemies":"Donu and Deca","floor":50,"turns":6}],"seed_played":"-6483589350085683640","potions_obtained":[{"floor":6,"key":"Fruit Juice"},{"floor":13,"key":"Block Potion"},{"floor":14,"key":"GamblersBrew"}],"is_trial":false,"path_per_floor":["M","?","?","?","?","E","R","$","T","M","E","$","M","E","R","B",null,"M","M","M","$","M","R","?","E","T","M","M","M","R","M","R","B",null,"M","$","$","?","M","R","$","M","T","M","E","M","R","M","R","B"],"character_chosen":"THE_SILENT","items_purchased":["Vajra","Deadly Poison","Footwork","Footwork","Backstab","Catalyst"],"campfire_rested":1,"item_purchase_floors":[8,12,12,21,37,41],"current_hp_per_floor":[70,59,64,52,52,52,52,52,52,52,24,24,24,24,48,32,80,73,73,71,71,71,71,71,60,60,60,62,56,56,58,58,56,80,80,80,80,80,80,80,80,74,74,58,58,60,60,62,62,0],"gold":108,"neow_bonus":"THREE_ENEMY_KILL","is_prod":false,"is_daily":false,"chose_seed":false,"campfire_upgraded":7,"win_rate":0,"timestamp":1570147324,"path_taken":["M","?","?","?","?","E","R","$","T","M","E","?","?","E","R","BOSS","M","M","M","$","M","R","?","E","T","M","M","M","R","M","R","BOSS","M","?","$","?","M","R","$","M","T","M","E","?","R","M","R","BOSS"],"build_version":"2019-07-17","purchased_purges":3,"victory":false,"max_hp_per_floor":[70,70,75,75,75,75,75,75,75,75,80,80,80,80,80,80,80,80,80,80,80,80,80,80,80,80,80,80,80,80,80,80,80,80,80,80,80,80,80,80,80,80,80,80,80,80,80,80,80,80],"card_choices":[{"not_picked":["Dagger Spray","Cloak And Dagger","Escape Plan"],"picked":"SKIP","floor":1},{"not_picked":["Slice","Flying Knee"],"picked":"Caltrops","floor":6},{"not_picked":["Deflect","Cloak And Dagger"],"picked":"Leg Sweep","floor":10},{"not_picked":["Choke","PiercingWail"],"picked":"Backflip","floor":11},{"not_picked":["Night Terror","Outmaneuver","Dodge and Roll"],"picked":"SKIP","floor":13},{"not_picked":["Sucker Punch","Acrobatics"],"picked":"Backstab","floor":14},{"not_picked":["Burst","Unload"],"picked":"Corpse Explosion","floor":16},{"not_picked":["Accuracy","Blade Dance","Setup"],"picked":"SKIP","floor":18},{"not_picked":["Infinite Blades","Dagger Spray"],"picked":"Poisoned Stab","floor":19},{"not_picked":["Finisher","Choke"],"picked":"Acrobatics+1","floor":20},{"not_picked":["Backflip","Poisoned Stab"],"picked":"PiercingWail+1","floor":22},{"not_picked":["Noxious Fumes","Dagger Throw"],"picked":"Adrenaline","floor":25},{"not_picked":["Flying Knee+1","Terror","Sucker Punch"],"picked":"SKIP","floor":27},{"not_picked":["Cloak And Dagger","Masterful Stab","Backstab"],"picked":"SKIP","floor":28},{"not_picked":["Setup+1","Footwork+1","Infinite Blades"],"picked":"SKIP","floor":29},{"not_picked":["Dagger Spray","Acrobatics"],"picked":"Catalyst+1","floor":31},{"not_picked":["Corpse Explosion","Doppelganger"],"picked":"Die Die Die","floor":33},{"not_picked":["Backflip+1","Sucker Punch+1"],"picked":"Catalyst","floor":34},{"not_picked":["Leg Sweep+1","PiercingWail","Cloak And Dagger+1"],"picked":"SKIP","floor":35},{"not_picked":["Prepared","Acrobatics+1","Cloak And Dagger+1"],"picked":"SKIP","floor":39},{"not_picked":["Catalyst","Heel Hook","Outmaneuver"],"picked":"SKIP","floor":42},{"not_picked":["Wraith Form v2","Acrobatics","Deflect+1"],"picked":"SKIP","floor":44},{"not_picked":["Die Die Die","Accuracy","Skewer"],"picked":"SKIP","floor":45},{"not_picked":["Cloak And Dagger+1","Underhanded Strike+1","Dash+1"],"picked":"SKIP","floor":46},{"not_picked":["Bane+1","Deflect+1","Backflip"],"picked":"SKIP","floor":48}],"player_experience":154695,"relics_obtained":[{"floor":6,"key":"Gremlin Horn"},{"floor":9,"key":"Kunai"},{"floor":11,"key":"Art of War"},{"floor":14,"key":"PreservedInsect"},{"floor":25,"key":"Blood Vial"},{"floor":26,"key":"Ancient Tea Set"},{"floor":43,"key":"Meat on the Bone"},{"floor":45,"key":"Mummified Hand"}],"event_choices":[{"damage_healed":0,"gold_gain":75,"player_choice":"Gather Gold","damage_taken":11,"max_hp_gain":0,"max_hp_loss":0,"event_name":"World of Goop","floor":2,"gold_loss":0},{"damage_healed":0,"gold_gain":0,"player_choice":"Donut","damage_taken":0,"max_hp_gain":5,"max_hp_loss":0,"event_name":"Big Fish","floor":3,"gold_loss":0},{"damage_healed":0,"gold_gain":0,"player_choice":"Success","damage_taken":12,"relics_obtained":["Letter Opener"],"max_hp_gain":0,"max_hp_loss":0,"event_name":"Scrap Ooze","floor":4,"gold_loss":0},{"damage_healed":0,"gold_gain":0,"player_choice":"Grow","damage_taken":0,"max_hp_gain":0,"max_hp_loss":0,"event_name":"Living Wall","floor":5,"gold_loss":0,"cards_upgraded":["Neutralize"]},{"damage_healed":0,"gold_gain":0,"player_choice":"Upgrade","damage_taken":0,"max_hp_gain":0,"max_hp_loss":0,"event_name":"Designer","floor":24,"gold_loss":40,"cards_upgraded":["Poisoned Stab"]},{"damage_healed":0,"gold_gain":0,"player_choice":"Ignored","damage_taken":0,"max_hp_gain":0,"max_hp_loss":0,"event_name":"Transmorgrifier","floor":38,"gold_loss":0}],"is_beta":false,"boss_relics":[{"not_picked":["Tiny House","Lizard Tail"],"picked":"Sozu"},{"not_picked":["Eternal Feather","Runic Pyramid"],"picked":"Orrery"}],"items_purged_floors":[21,36,37],"is_endless":false,"potions_floor_spawned":[6,13,14,18,25,28,29,33,45,48],"killed_by":"Donu and Deca","ascension_level":4}