{"gold_per_floor":[109,120,130,130,140,140,160,160,160,160,160,83,102,119,119,223,223,233,249,262,282,282,282,282,299,374,393,393,406,247,247],"floor_reached":31,"playtime":981,"items_purged":["Strike_R"],"score":258,"play_id":"4b97c56a-c898-4c0c-b273-12cb8502d0bc","local_time":"20191003221331","is_ascension_mode":false,"campfire_choices":[{"data":"Heavy Blade","floor":6,"key":"SMITH"},{"data":"Flex","floor":8,"key":"SMITH"},{"data":"Flex","floor":15,"key":"SMITH"},{"floor":24,"key":"REST"},{"data":"Heavy Blade","floor":28,"key":"SMITH"}],"neow_cost":"NONE","seed_source_timestamp":296586924975000,"circlet_count":0,"master_deck":["Strike_R","Strike_R","Strike_R","Defend_R","Defend_R","Defend_R+1","Defend_R","Bash","Flex+1","Immolate","Iron Wave","Heavy Blade+1","Headbutt+1","Blood for Blood","Headbutt","Shrug It Off","Immolate","Flex+1","Double Tap","Spot Weakness+1","Heavy Blade+1","True Grit+1","Ghostly","Ghostly","Ghostly","Ghostly","Ghostly","Clash","Seeing Red+1","Jack Of All Trades"],"relics":["Burning Blood"],"potions_floor_usage":[16,20,21,27,31],"damage_taken":[{"damage":2,"enemies":"2 Louse","floor":1,"turns":3},{"damage":1,"enemies":"Cultist","floor":2,"turns":3},{"damage":10,"enemies":"Small Slimes","floor":3,"turns":3},{"damage":10,"enemies":"Looter","floor":5,"turns":3},{"damage":15,"enemies":"Exordium Thugs","floor":7,"turns":4},{"damage":9,"enemies":"Exordium Wildlife","floor":13,"turns":4},{"damage":0,"enemies":"Gremlin Gang","floor":14,"turns":1},{"damage":26,"enemies":"Slime Boss","floor":16,"turns":7},{"damage":42,"enemies":"Shell Parasite","floor":18,"turns":5},{"damage":10,"enemies":"Spheric Guardian","floor":19,"turns":3},{"damage":35,"enemies":"Shelled Parasite and Fungi","floor":20,"turns":4},{"damage":8,"enemies":"Cultist and Chosen","floor":21,"turns":4},{"damage":6,"enemies":"Snake Plant","floor":25,"turns":5},{"damage":3,"enemies":"3 Cultists","floor":27,"turns":4},{"damage":23,"enemies":"Shelled Parasite and Fungi","floor":29,"turns":8},{"damage":20,"enemies":"Cultist and Chosen","floor":31,"turns":7}],"seed_played":"3682060024053120660","potions_obtained":[{"floor":3,"key":"FearPotion"},{"floor":5,"key":"SteroidPotion"},{"floor":16,"key":"GamblersBrew"},{"floor":20,"key":"Swift Potion"},{"floor":21,"key":"Block Potion"}],"is_trial":false,"path_per_floor":["M","M","M","?","M","R","M","R","T","?","?","$","M","M","R","B",null,"M","M","M","M","?","T","R","M","T","M","R","M","$","M"],"character_chosen":"IRONCLAD","items_purchased":["Headbutt","Shrug It Off","Jack Of All Trades"],"campfire_rested":1,"item_purchase_floors":[12,12,30],"current_hp_per_floor":[88,88,84,84,80,80,71,71,71,53,53,53,50,56,56,36,88,52,48,19,17,17,17,30,30,30,33,33,16,16,0],"gold":247,"neow_bonus":"TEN_PERCENT_HP_BONUS","is_prod":false,"is_daily":false,"chose_seed":false,"campfire_upgraded":4,"win_rate":0,"timestamp":1570133611,"path_taken":["M","M","M","?","?","R","M","R","T","?","?","$","?","M","R","BOSS","M","M","M","M","?","?","R","M","T","M","R","M","?","?"],"build_version":"2019-07-17","purchased_purges":1,"victory":false,"max_hp_per_floor":[88,88,88,88,88,88,88,88,88,88,88,88,88,88,88,88,88,88,88,88,88,44,44,44,44,44,44,44,44,44,44],"card_choices":[{"not_picked":["Thunderclap","True Grit"],"picked":"Flex","floor":1},{"not_picked":["Cleave","Thunderclap"],"picked":"Immolate","floor":2},{"not_picked":["Sever Soul","True Grit"],"picked":"Iron Wave","floor":3},{"not_picked":["Combust","True Grit"],"picked":"Heavy Blade","floor":5},{"not_picked":["Pommel Strike","Reckless Charge"],"picked":"Headbutt","floor":7},{"not_picked":["Perfected Strike","Combust"],"picked":"Immolate","floor":13},{"not_picked":["Anger","Iron Wave"],"picked":"Flex","floor":14},{"not_picked":["Dark Embrace","Offering"],"picked":"Double Tap","floor":16},{"not_picked":["Dual Wield","Burning Pact"],"picked":"Spot Weakness+1","floor":18},{"not_picked":["Entrench+1","Anger+1"],"picked":"Heavy Blade","floor":19},{"not_picked":["Sever Soul","Searing Blow+1","Clash+1"],"picked":"SKIP","floor":20},{"not_picked":["Clothesline","Carnage"],"picked":"True Grit+1","floor":21},{"not_picked":["Entrench","Intimidate"],"picked":"Clash","floor":25},{"not_picked":["Iron Wave","Heavy Blade","Second Wind"],"picked":"SKIP","floor":27},{"not_picked":["Shrug It Off+1","Metallicize"],"picked":"Seeing Red+1","floor":29}],"player_experience":259964,"relics_obtained":[],"event_choices":[{"damage_healed":0,"gold_gain":0,"player_choice":"Ignored","damage_taken":0,"max_hp_gain":0,"max_hp_loss":0,"event_name":"WeMeetAgain","floor":4,"gold_loss":0},{"damage_healed":0,"gold_gain":0,"player_choice":"Entered Light","damage_taken":18,"max_hp_gain":0,"max_hp_loss":0,"event_name":"Shining Light","floor":10,"gold_loss":0,"cards_upgraded":["Headbutt","Defend_R"]},{"damage_healed":0,"gold_gain":0,"cards_transformed":["Strike_R"],"player_choice":"Transformed","damage_taken":0,"max_hp_gain":0,"max_hp_loss":0,"event_name":"Transmorgrifier","floor":11,"gold_loss":0,"cards_obtained":["Blood for Blood"]},{"damage_healed":0,"gold_gain":0,"player_choice":"Became a Ghost","damage_taken":0,"max_hp_gain":0,"max_hp_loss":44,"event_name":"Ghosts","floor":22,"gold_loss":0,"cards_obtained":["Ghostly","Ghostly","Ghostly","Ghostly","Ghostly"]}],"is_beta":false,"boss_relics":[{"not_picked":["White Beast Statue","Tiny House","Sozu"]}],"items_purged_floors":[30],"is_endless":false,"potions_floor_spawned":[3,5,16,20,21],"killed_by":"Cultist and Chosen","ascension_level":0}