{"gold_per_floor":[113,129,149,149,149,174,174,194,262,289,289,20,40,72,72,173,173,191,206,206,206,225,225,257,284,307,320,350,30,47,66,66,165,165,177,197,217,231,47,47,63,94,170,170,170,170,196,206,206,206],"floor_reached":51,"playtime":4096,"items_purged":["Strike_G"],"score":1046,"play_id":"d471e9ce-b570-4155-80f8-4e1454f67ec9","local_time":"20190921201301","is_ascension_mode":true,"campfire_choices":[{"floor":7.0,"key":"REST"},{"data":"Crippling Poison","floor":15.0,"key":"SMITH"},{"floor":23.0,"key":"REST"},{"data":"Adrenaline","floor":32.0,"key":"SMITH"},{"data":"Neutralize","floor":40,"key":"SMITH"},{"floor":46,"key":"REST"},{"floor":49,"key":"REST"}],"neow_cost":"NONE","seed_source_timestamp":3457102021307000,"circlet_count":0,"master_deck":["Strike_G","Strike_G","Strike_G","Strike_G","Defend_G","Defend_G","Defend_G","Defend_G","Defend_G","Survivor","Neutralize+1","Crippling Poison","Sucker Punch","Dagger Throw","PiercingWail","Flying Knee","Crippling Poison+1","Footwork+1","Heel Hook","Infinite Blades+1","Adrenaline+1","Crippling Poison","Dagger Spray+1","Underhanded Strike+1","Well Laid Plans+1","Heel Hook","Adrenaline","Caltrops+1","Prepared+1","Poisoned Stab","Envenom+1","Dagger Throw","Poisoned Stab+1","Parasite","Crippling Poison+1","Deflect+1","Caltrops+1","Backflip+1","Footwork+1","Discovery","Unload","All Out Attack"],"special_seed":0,"relics":["Ring of the Serpent","Tough Bandages","Anchor","Frozen Egg 2","Matryoshka","Tiny Chest","Centennial Puzzle","Sozu","Dodecahedron","Pear","Orichalcum","Bag of Preparation","Meat on the Bone","Snake Skull","Art of War","Bottled Tornado","Bronze Scales","Mercury Hourglass","Ornamental Fan","Lantern","Strawberry"],"potions_floor_usage":[50],"damage_taken":[{"damage":8.0,"enemies":"Small Slimes","floor":1.0,"turns":6.0},{"damage":8.0,"enemies":"Cultist","floor":2.0,"turns":6.0},{"damage":6.0,"enemies":"2 Louse","floor":3.0,"turns":2.0},{"damage":14.0,"enemies":"3 Sentries","floor":6.0,"turns":11.0},{"damage":4.0,"enemies":"2 Fungi Beasts","floor":8.0,"turns":5.0},{"damage":23.0,"enemies":"Gremlin Nob","floor":10.0,"turns":5.0},{"damage":0.0,"enemies":"Blue Slaver","floor":13.0,"turns":5.0},{"damage":1.0,"enemies":"Lagavulin","floor":14.0,"turns":5.0},{"damage":11.0,"enemies":"Slime Boss","floor":16.0,"turns":12.0},{"damage":1.0,"enemies":"Shell Parasite","floor":18.0,"turns":7.0},{"damage":7.0,"enemies":"Chosen","floor":19.0,"turns":5.0},{"damage":0.0,"enemies":"Centurion and Healer","floor":22.0,"turns":6.0},{"damage":3.0,"enemies":"Slavers","floor":24.0,"turns":5.0},{"damage":12.0,"enemies":"Snake Plant","floor":27.0,"turns":4.0},{"damage":13.0,"enemies":"Gremlin Leader","floor":28.0,"turns":5.0},{"damage":0.0,"enemies":"3 Cultists","floor":30.0,"turns":3.0},{"damage":0.0,"enemies":"Chosen and Byrds","floor":31.0,"turns":5.0},{"damage":40.0,"enemies":"Collector","floor":33.0,"turns":10.0},{"damage":0.0,"enemies":"3 Shapes","floor":35.0,"turns":5.0},{"damage":3.0,"enemies":"3 Darklings","floor":36.0,"turns":4.0},{"damage":0,"enemies":"Writhing Mass","floor":37,"turns":5},{"damage":0,"enemies":"4 Shapes","floor":38,"turns":4},{"damage":4,"enemies":"Transient","floor":41,"turns":5},{"damage":1,"enemies":"Giant Head","floor":42,"turns":7},{"damage":31,"enemies":"Nemesis","floor":47,"turns":5},{"damage":22,"enemies":"Spire Growth","floor":48,"turns":4},{"damage":16,"enemies":"Awakened One","floor":50,"turns":10}],"seed_played":"-5864277566540654242","potions_obtained":[{"floor":2.0,"key":"Swift Potion"},{"floor":3.0,"key":"GhostInAJar"},{"floor":5.0,"key":"Regen Potion"},{"floor":5.0,"key":"Poison Potion"},{"floor":10.0,"key":"Weak Potion"},{"floor":13.0,"key":"SkillPotion"}],"is_trial":false,"path_per_floor":["M","M","M","?","?","E","R","M","T","E","$","$","M","E","R","B",null,"M","M","?","?","M","R","E","T","T","M","E","$","M","M","R","B",null,"M","M","M","M","$","R","M","E","T","?","T","R","E","M","R","B",null],"character_chosen":"THE_SILENT","items_purchased":["Tiny Chest","Footwork+1","Caltrops+1","Bottled Tornado","Bronze Scales","Caltrops+1"],"campfire_rested":4,"item_purchase_floors":[12,12,29,29,39,39],"current_hp_per_floor":[62,54,48,36,36,37,60,56,56,33,33,33,33,32,32,21,63,62,55,55,41,41,65,72,72,72,60,47,47,47,47,47,19,74,74,71,71,71,71,71,67,66,66,66,66,92,68,58,87,71],"gold":206,"neow_bonus":"TEN_PERCENT_HP_BONUS","is_prod":false,"is_daily":false,"chose_seed":false,"campfire_upgraded":3,"win_rate":0,"timestamp":1569089581,"path_taken":["M","M","M","?","?","E","R","?","T","E","?","$","M","E","R","BOSS","M","M","?","?","M","R","E","?","T","M","E","$","M","M","R","BOSS","M","M","M","?","$","R","M","E","T","?","?","R","E","M","R","BOSS"],"build_version":"2019-07-17","purchased_purges":1,"victory":true,"max_hp_per_floor":[77,77,77,77,77,77,77,77,77,77,77,77,77,77,77,77,77,77,77,77,82,82,82,92,92,92,92,92,92,92,92,92,92,92,92,92,92,92,92,92,92,92,92,92,92,92,99,99,99,99],"card_choices":[{"not_picked":["Underhanded Strike","Infinite Blades"],"picked":"Crippling Poison","floor":1.0},{"not_picked":["Blade Dance","Quick Slash"],"picked":"Sucker Punch","floor":2.0},{"not_picked":["Riddle With Holes","Blade Dance"],"picked":"Dagger Throw","floor":3.0},{"not_picked":["Dagger Throw","Night Terror"],"picked":"PiercingWail","floor":6.0},{"not_picked":["Deflect","Accuracy"],"picked":"Flying Knee","floor":8.0},{"not_picked":["PiercingWail","Reflex"],"picked":"Crippling Poison","floor":10.0},{"not_picked":["Cloak And Dagger","Underhanded Strike"],"picked":"Heel Hook","floor":13.0},{"not_picked":["Prepared","Deflect"],"picked":"Infinite Blades+1","floor":14.0},{"not_picked":["Wraith Form v2+1","Storm of Steel"],"picked":"Adrenaline","floor":16.0},{"not_picked":["Flying Knee","Accuracy+1"],"picked":"Crippling Poison","floor":18.0},{"not_picked":["PiercingWail","Deadly Poison"],"picked":"Dagger Spray+1","floor":19.0},{"not_picked":["Concentrate","Outmaneuver+1"],"picked":"Underhanded Strike+1","floor":22.0},{"not_picked":["Slice+1","Infinite Blades+1"],"picked":"Well Laid Plans+1","floor":24.0},{"not_picked":["Well Laid Plans+1","Backstab"],"picked":"Heel Hook","floor":27.0},{"not_picked":["Poisoned Stab","Distraction"],"picked":"Adrenaline","floor":28.0},{"not_picked":["Underhanded Strike+1","Choke+1"],"picked":"Prepared+1","floor":30.0},{"not_picked":["Eviscerate","Dagger Throw"],"picked":"Poisoned Stab","floor":31.0},{"not_picked":["Glass Knife","Wraith Form v2+1"],"picked":"Envenom+1","floor":33.0},{"not_picked":["Riddle With Holes","Predator"],"picked":"Dagger Throw","floor":35.0},{"not_picked":["Blade Dance+1","Outmaneuver"],"picked":"Poisoned Stab+1","floor":36.0},{"not_picked":["Outmaneuver","Underhanded Strike"],"picked":"Crippling Poison+1","floor":37},{"not_picked":["Underhanded Strike","PiercingWail"],"picked":"Deflect+1","floor":38},{"not_picked":["Wraith Form v2+1","Blade Dance+1"],"picked":"Backflip+1","floor":41},{"not_picked":["Escape Plan","Expertise"],"picked":"Footwork+1","floor":42},{"not_picked":["Sadistic Nature+1","Trip"],"picked":"Discovery","floor":44},{"not_picked":["Leg Sweep","Accuracy+1"],"picked":"Unload","floor":47},{"not_picked":["Deadly Poison+1","Outmaneuver"],"picked":"All Out Attack","floor":48}],"player_experience":282377,"relics_obtained":[{"floor":6.0,"key":"Anchor"},{"floor":9.0,"key":"Frozen Egg 2"},{"floor":10.0,"key":"Matryoshka"},{"floor":14.0,"key":"Centennial Puzzle"},{"floor":24.0,"key":"Pear"},{"floor":25.0,"key":"Orichalcum"},{"floor":25.0,"key":"Bag of Preparation"},{"floor":26.0,"key":"Meat on the Bone"},{"floor":26.0,"key":"Snake Skull"},{"floor":28.0,"key":"Art of War"},{"floor":42,"key":"Mercury Hourglass"},{"floor":43,"key":"Ornamental Fan"},{"floor":45,"key":"Lantern"},{"floor":47,"key":"Strawberry"}],"event_choices":[{"damage_healed":0.0,"max_hp_gain":0.0,"max_hp_loss":0.0,"gold_gain":0.0,"event_name":"Scrap Ooze","player_choice":"Success","floor":4.0,"gold_loss":0.0,"damage_taken":12.0,"relics_obtained":["Tough Bandages"]},{"damage_healed":0.0,"max_hp_gain":0.0,"max_hp_loss":0.0,"gold_gain":0.0,"event_name":"Lab","player_choice":"Got Potions","floor":5.0,"gold_loss":0.0,"damage_taken":0.0},{"damage_healed":0.0,"max_hp_gain":0.0,"max_hp_loss":0.0,"gold_gain":0.0,"event_name":"The Mausoleum","player_choice":"Opened","floor":20.0,"gold_loss":0.0,"damage_taken":0.0,"relics_obtained":["Dodecahedron"]},{"damage_healed":0.0,"max_hp_gain":5.0,"max_hp_loss":0.0,"gold_gain":0.0,"event_name":"Forgotten Altar","player_choice":"Shed Blood","floor":21.0,"gold_loss":0.0,"damage_taken":19.0},{"damage_healed":0,"gold_gain":0,"player_choice":"Memory 1","damage_taken":0,"max_hp_gain":0,"max_hp_loss":0,"event_name":"SensoryStone","floor":44,"gold_loss":0}],"is_beta":false,"boss_relics":[{"not_picked":["Snecko Eye","Ectoplasm"],"picked":"Sozu"},{"not_picked":["White Beast Statue","Astrolabe"],"picked":"Ring of the Serpent"}],"items_purged_floors":[12],"is_endless":false,"potions_floor_spawned":[2,3,10,13,18,19,28,30,35,36,47],"ascension_level":7}