{"gold_per_floor":[12,12,28,47,58,233,233,308,308,322,341,41,75,75,75,75],"floor_reached":16,"playtime":1781,"items_purged":[],"score":102,"play_id":"748efcab-093d-45db-8dfd-cedd73a4dcd4","local_time":"20190918203337","is_ascension_mode":false,"campfire_choices":[{"data":"CutThroughFate","floor":7.0,"key":"SMITH"},{"floor":15.0,"key":"REST"}],"neow_cost":"NO_GOLD","seed_source_timestamp":135307192592400,"circlet_count":0,"master_deck":["Strike_P","Strike_P","Strike_P","Strike_P","Defend_P","Defend_P","Defend_P","Defend_P","Eruption","Vigilance","JustLucky","BowlingBash","Vengeance","CutThroughFate+1","Establishment","Evaluate","Nirvana"],"special_seed":0,"relics":["PureWater","Sundial","Blood Vial","Vajra","Juzu Bracelet"],"potions_floor_usage":[],"damage_taken":[{"damage":0.0,"enemies":"Small Slimes","floor":1.0,"turns":3.0},{"damage":0.0,"enemies":"Cultist","floor":3.0,"turns":2.0},{"damage":1.0,"enemies":"Jaw Worm","floor":4.0,"turns":2.0},{"damage":0.0,"enemies":"Looter","floor":5.0,"turns":4.0},{"damage":1.0,"enemies":"Large Slime","floor":10.0,"turns":7.0},{"damage":16.0,"enemies":"Red Slaver","floor":11.0,"turns":5.0},{"damage":34.0,"enemies":"Lagavulin","floor":13.0,"turns":6.0},{"damage":35,"enemies":"Hexaghost","floor":16,"turns":9}],"seed_played":"1994848670707142377","potions_obtained":[{"floor":1.0,"key":"Poison Potion"},{"floor":4.0,"key":"Block Potion"},{"floor":5.0,"key":"DuplicationPotion"}],"is_trial":false,"path_per_floor":["M","?","M","M","M","?","R","?","T","M","M","$","E","?","R","B"],"character_chosen":"WATCHER","items_purchased":["Blood Vial","Vajra"],"campfire_rested":1,"item_purchase_floors":[12,12],"current_hp_per_floor":[77,70,70,69,69,69,69,58,58,57,41,41,9,9,32,0],"gold":75,"neow_bonus":"TWENTY_PERCENT_HP_BONUS","is_prod":false,"is_daily":false,"chose_seed":false,"campfire_upgraded":1,"win_rate":0,"timestamp":1568864017,"path_taken":["M","?","M","?","M","?","R","?","T","M","M","$","E","?","R","BOSS"],"build_version":"2019-09-18","purchased_purges":0,"victory":false,"max_hp_per_floor":[77,77,77,77,77,77,77,77,77,77,77,77,77,77,77,77],"card_choices":[{"not_picked":["Scrawl","Perseverance"],"picked":"JustLucky","floor":1.0},{"not_picked":["PathToVictory","Sanctity"],"picked":"BowlingBash","floor":3.0},{"not_picked":["Protect","CrushJoints"],"picked":"Vengeance","floor":4.0},{"not_picked":["Perseverance","WindmillStrike"],"picked":"CutThroughFate","floor":5.0},{"not_picked":["EmptyBody","CrushJoints"],"picked":"Establishment","floor":10.0},{"not_picked":["BowlingBash","EmptyFist"],"picked":"Evaluate","floor":11.0},{"not_picked":["JustLucky","Scrawl"],"picked":"Nirvana","floor":13.0}],"player_experience":260701,"relics_obtained":[{"floor":9.0,"key":"Sundial"},{"floor":13.0,"key":"Juzu Bracelet"}],"event_choices":[{"damage_healed":0.0,"max_hp_gain":0.0,"max_hp_loss":0.0,"gold_gain":0.0,"event_name":"Wheel of Change","player_choice":"Damaged","floor":2.0,"gold_loss":0.0,"damage_taken":7.0},{"damage_healed":0.0,"max_hp_gain":0.0,"max_hp_loss":0.0,"gold_gain":175.0,"event_name":"Liars Game","player_choice":"AGREE","floor":6.0,"gold_loss":0.0,"damage_taken":0.0,"cards_obtained":["Doubt"]},{"damage_healed":0.0,"max_hp_gain":0.0,"max_hp_loss":0.0,"gold_gain":75.0,"event_name":"World of Goop","player_choice":"Gather Gold","floor":8.0,"gold_loss":0.0,"damage_taken":11.0},{"cards_removed":["Doubt"],"damage_healed":0.0,"max_hp_gain":0.0,"max_hp_loss":0.0,"gold_gain":0.0,"event_name":"Fountain of Cleansing","player_choice":"Removed Curses","floor":14.0,"gold_loss":0.0,"damage_taken":0.0}],"is_beta":true,"boss_relics":[],"items_purged_floors":[],"is_endless":false,"potions_floor_spawned":[1,4,5],"killed_by":"Hexaghost","ascension_level":0}