{"gold_per_floor":[112,112,125,137,2,32,32,57,110,128,128,141,141,66,66,139,139,158,118],"floor_reached":19,"playtime":727,"items_purged":["Strike_B"],"score":345,"play_id":"467e6027-a394-44b1-8a13-d79f056d0898","local_time":"20191006164647","is_ascension_mode":true,"campfire_choices":[{"floor":7.0,"key":"REST"},{"data":"Defragment","floor":11.0,"key":"SMITH"},{"floor":13.0,"key":"REST"},{"data":"Defragment","floor":15.0,"key":"SMITH"}],"neow_cost":"NONE","seed_source_timestamp":672681302138300,"circlet_count":0,"master_deck":["AscendersBane","Strike_B","Strike_B","Strike_B","Defend_B","Defend_B","Defend_B","Defend_B","Zap","Dualcast","Gash","Barrage","Rip and Tear","Zap","Loop","Auto Shields","Defragment+1","Gash","Stack","Go for the Eyes","Defragment+1","Leap","All For One","Loop"],"special_seed":0,"relics":["Cracked Core","Kunai","Pen Nib","Lantern","Inserter"],"potions_floor_usage":[19],"damage_taken":[{"damage":9.0,"enemies":"Jaw Worm","floor":1.0,"turns":4.0},{"damage":0.0,"enemies":"Cultist","floor":3.0,"turns":3.0},{"damage":9.0,"enemies":"2 Louse","floor":4.0,"turns":2.0},{"damage":25.0,"enemies":"Gremlin Nob","floor":6.0,"turns":4.0},{"damage":30.0,"enemies":"3 Sentries","floor":8.0,"turns":6.0},{"damage":1.0,"enemies":"2 Fungi Beasts","floor":10.0,"turns":3.0},{"damage":8.0,"enemies":"Looter","floor":12.0,"turns":3.0},{"damage":6,"enemies":"The Guardian","floor":16,"turns":8},{"damage":61,"enemies":"3 Byrds","floor":18,"turns":6},{"damage":6,"enemies":"2 Thieves","floor":19,"turns":1}],"seed_played":"-2228925457006345000","potions_obtained":[{"floor":6.0,"key":"SpeedPotion"},{"floor":8.0,"key":"FocusPotion"},{"floor":12.0,"key":"GamblersBrew"}],"is_trial":false,"path_per_floor":["M","?","M","M","$","E","R","E","T","M","R","M","R","$","R","B",null,"M","M"],"character_chosen":"DEFECT","items_purchased":["Defragment","Gash"],"campfire_rested":2,"item_purchase_floors":[5,5],"current_hp_per_floor":[62,62,62,53,53,28,51,21,21,20,20,12,35,35,35,29,66,5,0],"gold":118,"neow_bonus":"TEN_PERCENT_HP_BONUS","is_prod":false,"is_daily":false,"chose_seed":false,"campfire_upgraded":2,"win_rate":0,"timestamp":1570373207,"path_taken":["M","?","M","?","$","E","R","E","T","M","R","M","R","$","R","BOSS","M","M"],"build_version":"2019-07-17","purchased_purges":1,"victory":false,"max_hp_per_floor":[78,78,78,78,78,78,78,78,78,78,78,78,78,78,78,78,78,78,78],"card_choices":[{"not_picked":["Redo","Go for the Eyes"],"picked":"Gash","floor":1.0},{"not_picked":["Steam","Ball Lightning"],"picked":"Loop","floor":3.0},{"not_picked":["Rip and Tear","Reprogram"],"picked":"Auto Shields","floor":4.0},{"not_picked":["Barrage","Redo"],"picked":"Stack","floor":6.0},{"not_picked":["Redo","Compile Driver"],"picked":"Go for the Eyes","floor":8.0},{"not_picked":["Barrage","Go for the Eyes"],"picked":"Defragment","floor":10.0},{"not_picked":["Recycle","Consume"],"picked":"Leap","floor":12.0},{"not_picked":["Creative AI","Amplify"],"picked":"All For One","floor":16},{"not_picked":["Turbo","Ball Lightning"],"picked":"Loop","floor":18}],"player_experience":424732,"relics_obtained":[{"floor":6.0,"key":"Kunai"},{"floor":8.0,"key":"Pen Nib"},{"floor":9.0,"key":"Lantern"}],"event_choices":[{"damage_healed":0.0,"max_hp_gain":0.0,"max_hp_loss":0.0,"gold_gain":0.0,"event_name":"Match and Keep!","player_choice":"3 cards matched","floor":2.0,"gold_loss":0.0,"damage_taken":0.0,"cards_obtained":["Barrage","Rip and Tear","Zap"]}],"is_beta":false,"boss_relics":[{"not_picked":["Orrery","Empty Cage"],"picked":"Inserter"}],"items_purged_floors":[14],"is_endless":false,"potions_floor_spawned":[6,8,12],"killed_by":"2 Thieves","ascension_level":19}