{"gold_per_floor":[117,117,136,136,154,187,362,379,436,436,455,455,455,455],"floor_reached":14,"playtime":493,"items_purged":[],"score":97,"play_id":"f301ec80-38d6-4312-9721-e0d80441e134","local_time":"20180706232840","is_ascension_mode":true,"campfire_choices":[{"floor":13,"key":"REST"}],"neow_cost":"","seed_source_timestamp":1761832568407840,"circlet_count":0,"master_deck":["Strike_B","Strike_B","Strike_B","Defend_B","Defend_B","Defend_B","Defend_B","Zap","Dualcast","Hologram","Loop","Conserve Battery","Reprogram","Doubt","Gash","Darkness","Skim"],"relics":["Cracked Core","Dream Catcher","Orichalcum","Tiny Chest","Matryoshka"],"potions_floor_usage":[12,14,14],"damage_taken":[{"damage":0,"enemies":"2 Louse","floor":1,"turns":2},{"damage":0,"enemies":"Small Slimes","floor":3,"turns":3},{"damage":3,"enemies":"Cultist","floor":5,"turns":4},{"damage":32,"enemies":"Lagavulin","floor":6,"turns":8},{"damage":9,"enemies":"Large Slime","floor":8,"turns":6},{"damage":2,"enemies":"Looter","floor":11,"turns":4},{"damage":9,"enemies":"3 Louse","floor":12,"turns":3},{"damage":30,"enemies":"Gremlin Nob","floor":14,"turns":3}],"seed_played":"-2603407644747722379","potions_obtained":[{"floor":1,"key":"SmokeBomb"},{"floor":6,"key":"PowerPotion"},{"floor":8,"key":"FocusPotion"}],"is_trial":false,"path_per_floor":["M","?","M","?","M","E","?","M","T","T","M","M","R"],"character_chosen":"DEFECT","items_purchased":[],"campfire_rested":1,"item_purchase_floors":[],"current_hp_per_floor":[75,68,68,61,58,26,26,17,17,17,15,6,28,0],"gold":455,"neow_bonus":"","is_prod":false,"is_daily":false,"chose_seed":false,"campfire_upgraded":0,"win_rate":0,"timestamp":1530912520,"path_taken":["M","?","M","?","M","E","?","M","T","?","M","?","R","E"],"build_version":"2018-07-05","purchased_purges":0,"victory":false,"max_hp_per_floor":[75,75,75,75,75,75,75,75,75,75,75,75,75,75],"card_choices":[{"not_picked":["Storm","Sweeping Beam"],"picked":"Hologram","floor":1},{"not_picked":["Stack","Force Field"],"picked":"Loop","floor":3},{"not_picked":["Melter","Compile Driver"],"picked":"Conserve Battery","floor":5},{"not_picked":["Loop","Tempest"],"picked":"Reprogram","floor":6},{"not_picked":["Coolheaded","Sweeping Beam"],"picked":"Gash","floor":8},{"not_picked":["Beam Cell","Loop"],"picked":"Darkness","floor":11},{"not_picked":["Blizzard","Turbo"],"picked":"Skim","floor":13}],"player_experience":55320,"relics_obtained":[{"floor":6,"key":"Orichalcum"},{"floor":9,"key":"Tiny Chest"},{"floor":10,"key":"Matryoshka"}],"event_choices":[{"event_name":"Scrap Ooze","player_choice":"success","floor":2,"damage_taken":7},{"event_name":"Golden Wing","player_choice":"Card Removal","floor":4,"damage_taken":0},{"event_name":"Liars Game","player_choice":"agreed","floor":7,"damage_taken":0}],"boss_relics":[],"items_purged_floors":[],"is_endless":false,"potions_floor_spawned":[1,6,8,12],"killed_by":"Gremlin Nob","ascension_level":1}