{"gold_per_floor":[117,127,145,164,135,163,163,163,163,163,188,188,188,220,220,296,296,316,531,456,456,456,456],"floor_reached":23,"playtime":910,"items_purged":[],"score":418,"play_id":"81c165fd-6a75-4dcf-99ab-6f28955141a6","local_time":"20191008192229","is_ascension_mode":true,"campfire_choices":[{"floor":7.0,"key":"REST"},{"data":"Zap","floor":10.0,"key":"SMITH"},{"floor":13.0,"key":"REST"},{"floor":15.0,"key":"REST"}],"neow_cost":"NONE","seed_source_timestamp":854434136000700,"circlet_count":0,"master_deck":["AscendersBane","Defend_B","Defend_B","Defend_B","Defend_B","Zap+1","Dualcast","Conserve Battery","Doom and Gloom","Coolheaded","Gash","Streamline","Genetic Algorithm+1","Seek+1","Defragment","Electrodynamics","Auto Shields+1","Hologram+1","Electrodynamics+1","Stack+1","Writhe","BootSequence+1"],"special_seed":0,"relics":["Cracked Core","Toxic Egg 2","Darkstone Periapt","Pen Nib","Dodecahedron","Astrolabe","Old Coin","Dream Catcher"],"potions_floor_usage":[],"damage_taken":[{"damage":12.0,"enemies":"Small Slimes","floor":1.0,"turns":3.0},{"damage":12.0,"enemies":"Jaw Worm","floor":2.0,"turns":4.0},{"damage":6.0,"enemies":"2 Louse","floor":3.0,"turns":2.0},{"damage":0.0,"enemies":"Large Slime","floor":4.0,"turns":4.0},{"damage":18.0,"enemies":"Exordium Thugs","floor":5.0,"turns":4.0},{"damage":35.0,"enemies":"3 Sentries","floor":6.0,"turns":6.0},{"damage":40.0,"enemies":"Gremlin Nob","floor":11.0,"turns":4.0},{"damage":0.0,"enemies":"Red Slaver","floor":12.0,"turns":1.0},{"damage":18.0,"enemies":"3 Sentries","floor":14.0,"turns":6.0},{"damage":25.0,"enemies":"Hexaghost","floor":16.0,"turns":9.0},{"damage":18.0,"enemies":"Chosen","floor":18.0,"turns":4.0},{"damage":49,"enemies":"Book of Stabbing","floor":23,"turns":5}],"seed_played":"1023999890116562467","potions_obtained":[{"floor":3.0,"key":"SteroidPotion"},{"floor":4.0,"key":"Regen Potion"},{"floor":11.0,"key":"SmokeBomb"},{"floor":16.0,"key":"Explosive Potion"},{"floor":18.0,"key":"SteroidPotion"}],"is_trial":false,"path_per_floor":["M","M","M","M","M","E","R","?","T","R","E","M","R","E","R","B",null,"M","?","?","?","?","E"],"character_chosen":"DEFECT","items_purchased":[],"campfire_rested":3,"item_purchase_floors":[],"current_hp_per_floor":[59,47,41,41,37,2,25,44,44,44,4,4,27,9,32,7,60,42,42,42,48,48,0],"gold":456,"neow_bonus":"TEN_PERCENT_HP_BONUS","is_prod":false,"is_daily":false,"chose_seed":false,"campfire_upgraded":1,"win_rate":0,"timestamp":1570555349,"path_taken":["M","M","M","M","M","E","R","?","T","R","E","M","R","E","R","BOSS","M","?","?","?","?","E"],"build_version":"2019-07-17","purchased_purges":0,"victory":false,"max_hp_per_floor":[78,78,78,78,78,78,78,78,78,78,78,78,78,78,78,78,78,78,78,75,81,81,81],"card_choices":[{"not_picked":["Leap","Storm"],"picked":"Conserve Battery","floor":1.0},{"not_picked":["Double Energy","Sweeping Beam"],"picked":"Doom and Gloom","floor":2.0},{"not_picked":["Compile Driver","Recycle"],"picked":"Coolheaded","floor":3.0},{"not_picked":["Undo","Blizzard"],"picked":"Gash","floor":4.0},{"not_picked":["Beam Cell","Leap"],"picked":"Streamline","floor":5.0},{"not_picked":["Sweeping Beam","Heatsinks"],"picked":"Genetic Algorithm","floor":6.0},{"not_picked":["Stack+1","Auto Shields+1"],"picked":"Seek+1","floor":11.0},{"not_picked":["Electrodynamics","Consume+1"],"picked":"Defragment","floor":14.0},{"not_picked":["Multi-Cast+1","Meteor Strike"],"picked":"Electrodynamics","floor":16.0},{"not_picked":["Hologram+1","Go for the Eyes+1"],"picked":"Stack+1","floor":18.0}],"player_experience":443421,"relics_obtained":[{"floor":6.0,"key":"Toxic Egg 2"},{"floor":9.0,"key":"Darkstone Periapt"},{"floor":11.0,"key":"Pen Nib"},{"floor":14.0,"key":"Dodecahedron"}],"event_choices":[{"damage_healed":19.0,"max_hp_gain":0.0,"max_hp_loss":0.0,"gold_gain":0.0,"event_name":"Mushrooms","player_choice":"Healed and dodged fight","floor":8.0,"gold_loss":0.0,"damage_taken":0.0,"cards_obtained":["Parasite"]},{"damage_healed":0.0,"max_hp_gain":0.0,"max_hp_loss":0.0,"gold_gain":0.0,"event_name":"Addict","player_choice":"Obtained Relic","floor":19.0,"gold_loss":85.0,"damage_taken":0.0,"relics_obtained":["Old Coin"]},{"cards_removed":["Parasite"],"damage_healed":0.0,"max_hp_gain":0.0,"max_hp_loss":0.0,"gold_gain":0.0,"event_name":"Beggar","player_choice":"Gave Gold","floor":20.0,"gold_loss":75.0,"damage_taken":0.0},{"damage_healed":0.0,"max_hp_gain":0.0,"max_hp_loss":0.0,"gold_gain":0.0,"event_name":"The Mausoleum","player_choice":"Opened","floor":21.0,"gold_loss":0.0,"damage_taken":0.0,"relics_obtained":["Dream Catcher"],"cards_obtained":["Writhe"]},{"damage_healed":0.0,"max_hp_gain":0.0,"max_hp_loss":0.0,"gold_gain":0.0,"cards_transformed":["Strike_B"],"event_name":"Transmorgrifier","player_choice":"Transformed","floor":22.0,"gold_loss":0.0,"damage_taken":0.0,"cards_obtained":["BootSequence"]}],"is_beta":false,"boss_relics":[{"not_picked":["Nuclear Battery","Runic Pyramid"],"picked":"Astrolabe"}],"items_purged_floors":[],"is_endless":false,"potions_floor_spawned":[3,4,11,16,18],"killed_by":"Book of Stabbing","ascension_level":20}