{"gold_per_floor":[116,116,129,54,68,68,100,100,176,193,224,224,235,265,265,336,336,349,624,634,92,92,92,92,118,118,118,132,165,165,177,177,252,252,272,1271,1271,1319,1329,1329,792,792,792,818,818,851,868,171,171,171],"floor_reached":51,"playtime":3023,"items_purged":["Regret","Normality","Strike_B"],"score":1392,"play_id":"44999826-f823-4887-b0a9-15055206edb2","local_time":"20190930211314","is_ascension_mode":true,"campfire_choices":[{"data":"Zap","floor":6.0,"key":"SMITH"},{"floor":8.0,"key":"REST"},{"floor":12.0,"key":"REST"},{"data":"Double Energy","floor":15.0,"key":"SMITH"},{"floor":23.0,"key":"REST"},{"floor":27.0,"key":"REST"},{"floor":30.0,"key":"REST"},{"data":"Mayhem","floor":32.0,"key":"SMITH"},{"floor":40,"key":"REST"},{"floor":42,"key":"REST"},{"floor":45,"key":"REST"},{"data":"Secret Weapon","floor":49,"key":"SMITH"}],"neow_cost":"CURSE","seed_source_timestamp":167878391436400,"circlet_count":0,"master_deck":["AscendersBane","Strike_B","Strike_B","Defend_B","Defend_B","Defend_B","Defend_B","Zap+1","Dualcast","Gash","Gash","Streamline","FTL","Double Energy+1","Coolheaded","Tempest","Blizzard","Stack","Cold Snap","Reinforced Body","FTL","Self Repair","Gash","Mayhem+1","Madness","Coolheaded","All For One","Beam Cell","Conserve Battery+1","Hologram","White Noise","Stack","Buffer","Storm+1","Barrage+1","Normality","Glacier","Stack+1","Steam","Hologram","Forethought","Buffer","Rebound","Go for the Eyes","Recycle","BootSequence+1","Secret Weapon+1","Discovery","Chill","Capacitor","Beam Cell","Conserve Battery","Rip and Tear"],"special_seed":0,"relics":["Cracked Core","Dead Branch","Blood Vial","Pear","Prayer Wheel","Smiling Mask","Sozu","Membership Card","Anchor","Ginger","Pantograph","Gremlin Horn","Inserter","Omamori","Calipers","Mercury Hourglass","Lantern","Sling","Mummified Hand","DataDisk","Bag of Marbles","Blue Candle","Strange Spoon","Centennial Puzzle"],"potions_floor_usage":[],"damage_taken":[{"damage":2.0,"enemies":"Small Slimes","floor":1.0,"turns":3.0},{"damage":1.0,"enemies":"Cultist","floor":3.0,"turns":4.0},{"damage":7.0,"enemies":"Jaw Worm","floor":5.0,"turns":3.0},{"damage":21.0,"enemies":"Gremlin Nob","floor":7.0,"turns":4.0},{"damage":8.0,"enemies":"Large Slime","floor":10.0,"turns":4.0},{"damage":25.0,"enemies":"3 Sentries","floor":11.0,"turns":7.0},{"damage":12.0,"enemies":"Lots of Slimes","floor":13.0,"turns":6.0},{"damage":20.0,"enemies":"Lagavulin","floor":14.0,"turns":6.0},{"damage":13.0,"enemies":"Slime Boss","floor":16.0,"turns":8.0},{"damage":2.0,"enemies":"Chosen","floor":18.0,"turns":3.0},{"damage":38.0,"enemies":"3 Byrds","floor":20.0,"turns":5.0},{"damage":58.0,"enemies":"Slavers","floor":25.0,"turns":6.0},{"damage":26.0,"enemies":"Snecko","floor":28.0,"turns":6.0},{"damage":23.0,"enemies":"Gremlin Leader","floor":29.0,"turns":4.0},{"damage":1.0,"enemies":"Centurion and Healer","floor":31.0,"turns":4.0},{"damage":31.0,"enemies":"Champ","floor":33.0,"turns":11.0},{"damage":0.0,"enemies":"Orb Walker","floor":35.0,"turns":4.0},{"damage":79.0,"enemies":"2 Orb Walkers","floor":38.0,"turns":7.0},{"damage":20,"enemies":"3 Shapes","floor":39,"turns":7},{"damage":0,"enemies":"Nemesis","floor":46,"turns":5},{"damage":0,"enemies":"Writhing Mass","floor":47,"turns":6},{"damage":53,"enemies":"Awakened One","floor":50,"turns":10}],"seed_played":"2808959042027257523","potions_obtained":[{"floor":7.0,"key":"FairyPotion"},{"floor":10.0,"key":"Poison Potion"},{"floor":11.0,"key":"Regen Potion"}],"is_trial":false,"path_per_floor":["M","?","M","?","M","R","E","R","T","M","E","R","M","E","R","B",null,"M","?","M","$","?","R","?","E","T","R","M","E","R","M","R","B",null,"M","?","T","?","M","R","$","R","T","T","R","E","M","$","R","B",null],"character_chosen":"DEFECT","items_purchased":["Membership Card","Gash","Anchor","Mayhem","Madness","Coolheaded","Hologram","Forethought","Mercury Hourglass","Lantern","Sling","Buffer","Rebound","Blue Candle","Secret Weapon","Discovery","Chill","Capacitor","Beam Cell","Conserve Battery","Strange Spoon","Centennial Puzzle","Rip and Tear"],"campfire_rested":8,"item_purchase_floors":[21,21,21,21,21,21,41,41,41,41,41,41,41,48,48,48,48,48,48,48,48,48,48],"current_hp_per_floor":[62,62,61,61,54,54,33,53,63,57,34,57,62,44,44,33,67,67,67,31,31,9,33,93,42,42,69,52,38,65,73,73,69,87,93,93,93,21,10,37,37,64,64,64,91,93,93,93,93,47],"gold":171,"neow_bonus":"ONE_RARE_RELIC","is_prod":false,"is_daily":false,"chose_seed":false,"campfire_upgraded":4,"win_rate":0,"timestamp":1569870794,"path_taken":["M","?","?","?","M","R","E","R","T","M","E","R","M","E","R","BOSS","M","?","?","$","?","R","?","E","T","R","?","E","R","M","R","BOSS","M","?","?","?","M","R","$","R","T","?","R","E","?","?","R","BOSS"],"build_version":"2019-07-17","purchased_purges":3,"victory":true,"max_hp_per_floor":[71,68,68,68,68,68,68,68,78,78,78,78,78,78,78,78,78,78,78,78,78,83,83,93,93,93,93,93,93,93,93,93,93,93,93,93,93,93,93,93,93,93,93,93,93,93,93,93,93,93],"card_choices":[{"not_picked":["Turbo","Chaos"],"picked":"Gash","floor":1.0},{"not_picked":["Stack","FTL"],"picked":"Gash","floor":3.0},{"not_picked":["Ball Lightning","Beam Cell"],"picked":"Streamline","floor":5.0},{"not_picked":["Melter","Coolheaded"],"picked":"FTL","floor":7.0},{"not_picked":["Hologram","Hello World"],"picked":"Double Energy","floor":10.0},{"not_picked":["Redo","Force Field"],"picked":"Coolheaded","floor":11.0},{"not_picked":["Compile Driver","Barrage"],"picked":"Tempest","floor":13.0},{"not_picked":["Ball Lightning","Steam"],"picked":"Blizzard","floor":13.0},{"not_picked":["Streamline","Steam Power"],"picked":"Stack","floor":14.0},{"not_picked":["Core Surge","Fission"],"picked":"Multi-Cast","floor":16.0},{"not_picked":["Beam Cell","Hologram"],"picked":"Cold Snap","floor":18.0},{"not_picked":["Static Discharge","Turbo"],"picked":"Reinforced Body","floor":18.0},{"not_picked":["Sunder","Barrage+1"],"picked":"FTL","floor":20.0},{"not_picked":["Redo","Chill"],"picked":"Self Repair","floor":20.0},{"not_picked":["Gash","Compile Driver"],"picked":"All For One","floor":25.0},{"not_picked":["Cold Snap","Rebound"],"picked":"Beam Cell","floor":28.0},{"not_picked":["Force Field","Rip and Tear"],"picked":"Conserve Battery+1","floor":28.0},{"not_picked":["Storm","Gash"],"picked":"Hologram","floor":29.0},{"not_picked":["Force Field","Ball Lightning"],"picked":"White Noise","floor":31.0},{"not_picked":["Scrape","Leap"],"picked":"Stack","floor":31.0},{"not_picked":["Rainbow","Meteor Strike"],"picked":"Buffer","floor":33.0},{"not_picked":["Stack","Coolheaded"],"picked":"Storm+1","floor":35.0},{"not_picked":["Fusion","Steam Power+1"],"picked":"Barrage+1","floor":35.0},{"not_picked":["Compile Driver","Blizzard+1"],"picked":"Glacier","floor":38.0},{"not_picked":["FTL","Barrage"],"picked":"Stack+1","floor":39},{"not_picked":["Redo","Coolheaded"],"picked":"Steam","floor":39},{"not_picked":["Lockon","Reprogram"],"picked":"Go for the Eyes","floor":46},{"not_picked":["Undo","Stack"],"picked":"Recycle","floor":47},{"not_picked":["Compile Driver","Sweeping Beam"],"picked":"BootSequence+1","floor":47}],"player_experience":390181,"relics_obtained":[{"floor":7.0,"key":"Blood Vial"},{"floor":9.0,"key":"Pear"},{"floor":11.0,"key":"Prayer Wheel"},{"floor":14.0,"key":"Smiling Mask"},{"floor":25.0,"key":"Ginger"},{"floor":26.0,"key":"Pantograph"},{"floor":29.0,"key":"Gremlin Horn"},{"floor":37.0,"key":"Omamori"},{"floor":38.0,"key":"Calipers"},{"floor":43,"key":"Mummified Hand"},{"floor":44,"key":"DataDisk"},{"floor":46,"key":"Bag of Marbles"}],"event_choices":[{"cards_removed":["Parasite"],"damage_healed":0.0,"max_hp_gain":0.0,"max_hp_loss":0.0,"gold_gain":0.0,"event_name":"Purifier","player_choice":"Purged","floor":2.0,"gold_loss":0.0,"damage_taken":0.0},{"cards_removed":["Strike_B"],"damage_healed":0.0,"max_hp_gain":0.0,"max_hp_loss":0.0,"gold_gain":0.0,"event_name":"The Cleric","player_choice":"Card Removal","floor":4.0,"gold_loss":75.0,"damage_taken":0.0},{"damage_healed":0.0,"max_hp_gain":0.0,"max_hp_loss":0.0,"gold_gain":275.0,"event_name":"Golden Shrine","player_choice":"Desecrate","floor":19.0,"gold_loss":0.0,"damage_taken":0.0,"cards_obtained":["Regret"]},{"damage_healed":0.0,"max_hp_gain":5.0,"max_hp_loss":0.0,"gold_gain":0.0,"event_name":"Forgotten Altar","player_choice":"Shed Blood","floor":22.0,"gold_loss":0.0,"damage_taken":27.0},{"cards_removed":["Multi-Cast"],"damage_healed":50.0,"max_hp_gain":10.0,"max_hp_loss":0.0,"gold_gain":0.0,"event_name":"Bonfire Elementals","player_choice":"Offered Rare","floor":24.0,"gold_loss":0.0,"damage_taken":0.0},{"damage_healed":0.0,"max_hp_gain":0.0,"max_hp_loss":0.0,"gold_gain":999.0,"event_name":"MindBloom","player_choice":"Gold","floor":36.0,"gold_loss":0.0,"damage_taken":0.0,"cards_obtained":["Normality","Normality"]},{"damage_healed":0.0,"max_hp_gain":0.0,"max_hp_loss":0.0,"gold_gain":0.0,"event_name":"Mysterious Sphere","player_choice":"Fight","floor":38.0,"gold_loss":0.0,"damage_taken":0.0}],"is_beta":false,"boss_relics":[{"not_picked":["Fusion Hammer","Velvet Choker"],"picked":"Sozu"},{"not_picked":["Snecko Eye","Calling Bell"],"picked":"Inserter"}],"items_purged_floors":[21,41,48],"is_endless":false,"potions_floor_spawned":[7,10,11,18,20,28,33,35,39],"ascension_level":16}