{"gold_per_floor":[118,131,131,56,79,106,106,138,164,195,213,195,195,205,205,300,300,316,330,330],"floor_reached":20,"playtime":1086,"items_purged":["Defend_B"],"score":204,"play_id":"a6306190-7880-4415-900e-7a09c182216a","local_time":"20190818122625","is_ascension_mode":true,"campfire_choices":[{"floor":7,"key":"REST"},{"floor":13,"key":"REST"},{"data":"Zap","floor":15,"key":"SMITH"}],"neow_cost":"NONE","seed_source_timestamp":258519219834000,"circlet_count":0,"master_deck":["Strike_B","Defend_B","Defend_B","Defend_B","Zap+1","Dualcast","Capacitor","Go for the Eyes","Melter","Conserve Battery","Glacier","Go for the Eyes","Loop","Ball Lightning","Fission","Self Repair","Streamline"],"relics":["Sozu","Regal Pillow","Strawberry","Bag of Marbles","Smiling Mask","Empty Cage"],"potions_floor_usage":[],"damage_taken":[{"damage":3,"enemies":"Jaw Worm","floor":1,"turns":4},{"damage":0,"enemies":"Cultist","floor":2,"turns":4},{"damage":28,"enemies":"Gremlin Nob","floor":6,"turns":4},{"damage":38,"enemies":"3 Sentries","floor":8,"turns":9},{"damage":30,"enemies":"Lagavulin","floor":10,"turns":7},{"damage":0,"enemies":"Small Slimes","floor":11,"turns":4},{"damage":0,"enemies":"Exordium Thugs","floor":12,"turns":5},{"damage":2,"enemies":"Blue Slaver","floor":14,"turns":4},{"damage":42,"enemies":"The Guardian","floor":16,"turns":10},{"damage":15,"enemies":"Chosen","floor":18,"turns":8},{"damage":6,"enemies":"Shell Parasite","floor":19,"turns":8},{"damage":74,"enemies":"Cultist and Chosen","floor":20,"turns":7}],"seed_played":"-3523050330514601746","potions_obtained":[],"is_trial":false,"path_per_floor":["M","M","?","$","T","E","R","E","T","E","M","M","R","M","R","B",null,"M","M","M"],"character_chosen":"DEFECT","items_purchased":[],"campfire_rested":2,"item_purchase_floors":[],"current_hp_per_floor":[72,72,72,72,72,44,75,44,44,14,14,14,53,51,51,9,82,67,68,0],"gold":330,"neow_bonus":"BOSS_RELIC","is_prod":false,"is_daily":false,"chose_seed":false,"campfire_upgraded":1,"win_rate":0,"timestamp":1566123985,"path_taken":["M","M","?","?","?","E","R","E","T","E","M","M","R","?","R","BOSS","M","?","M"],"build_version":"2019-07-17","purchased_purges":1,"victory":false,"max_hp_per_floor":[75,75,75,75,75,75,75,82,82,82,82,82,82,82,82,82,82,82,82,82],"card_choices":[{"not_picked":["Tempest","Sweeping Beam"],"picked":"Capacitor","floor":1},{"not_picked":["White Noise","Turbo"],"picked":"Go for the Eyes","floor":2},{"not_picked":["Force Field","Fusion"],"picked":"Melter","floor":6},{"not_picked":["Capacitor","Sunder"],"picked":"Conserve Battery","floor":8},{"not_picked":["Beam Cell","Creative AI"],"picked":"Glacier","floor":10},{"not_picked":["Heatsinks","Scrape"],"picked":"Go for the Eyes","floor":11},{"not_picked":["Leap","Barrage"],"picked":"Loop","floor":12},{"not_picked":["Compile Driver","Undo"],"picked":"Ball Lightning","floor":14},{"not_picked":["Rainbow","Reboot"],"picked":"Fission","floor":16},{"not_picked":["Hologram","Storm"],"picked":"Self Repair","floor":18},{"not_picked":["Conserve Battery+1","Steam"],"picked":"Streamline","floor":19}],"player_experience":122347,"relics_obtained":[{"floor":6,"key":"Regal Pillow"},{"floor":8,"key":"Strawberry"},{"floor":9,"key":"Bag of Marbles"},{"floor":10,"key":"Smiling Mask"}],"event_choices":[{"cards_removed":["Strike_B"],"damage_healed":0,"gold_gain":0,"player_choice":"Purged","damage_taken":0,"max_hp_gain":0,"max_hp_loss":0,"event_name":"Purifier","floor":3,"gold_loss":0}],"is_beta":false,"boss_relics":[{"not_picked":["Velvet Choker","Busted Crown"],"picked":"Empty Cage"}],"items_purged_floors":[4],"is_endless":false,"potions_floor_spawned":[1,6,10,12,19],"killed_by":"Cultist and Chosen","ascension_level":1}