{"gold_per_floor":[112,124,124,52,65,65,92,110,110,110,120,154,154,165,165,268,268,283,302,302,313,329,329,363,377,377,377,388,388,401,141,141,242,242,253,253,139,151,168,201,201,234,234,234,234,81,96,115,115,115],"floor_reached":51,"playtime":3166,"items_purged":[],"score":1031,"play_id":"d7fac8ef-8e50-4989-ba23-56d6cb669fc2","local_time":"20190828011243","is_ascension_mode":true,"campfire_choices":[{"data":"Zap","floor":6,"key":"SMITH"},{"data":"Loop","floor":10,"key":"SMITH"},{"data":"Capacitor","floor":13,"key":"SMITH"},{"data":"Machine Learning","floor":15,"key":"SMITH"},{"floor":23,"key":"REST"},{"floor":29,"key":"REST"},{"floor":32,"key":"REST"},{"floor":41,"key":"REST"},{"floor":49,"key":"REST"}],"neow_cost":"NONE","seed_source_timestamp":88533786834287,"circlet_count":0,"master_deck":["Zap+1","Dualcast","Loop","FTL","Capacitor+1","Self Repair","Loop+1","Sweeping Beam","Glacier","Machine Learning+1","Self Repair","Echo Form","Stack+1","Defragment","Redo+1","Redo+1","Redo+1","Turbo","Conserve Battery","Melter+1","Creative AI","Sweeping Beam","Aggregate","Melter","Force Field","Consume","Scrape","Multi-Cast","Hologram+1","Static Discharge","Leap+1","Double Energy+1","Heatsinks+1","Hologram","Parasite","Stack+1","Beam Cell+1","Redo+1"],"relics":["Cracked Core","NeowsBlessing","Question Card","Symbiotic Virus","Pear","Fusion Hammer","Bag of Preparation","Dodecahedron","MutagenicStrength","Mummified Hand","Pandora\u0027s Box","Prayer Wheel","Vajra","Shuriken"],"potions_floor_usage":[12,18,28,28,28,30,35,48,50,50],"damage_taken":[{"damage":0,"enemies":"Small Slimes","floor":1,"turns":1},{"damage":0,"enemies":"Cultist","floor":2,"turns":1},{"damage":0,"enemies":"Jaw Worm","floor":5,"turns":1},{"damage":27,"enemies":"Gremlin Nob","floor":7,"turns":4},{"damage":14,"enemies":"2 Fungi Beasts","floor":8,"turns":4},{"damage":7,"enemies":"Exordium Wildlife","floor":11,"turns":3},{"damage":27,"enemies":"3 Sentries","floor":12,"turns":7},{"damage":0,"enemies":"Large Slime","floor":14,"turns":4},{"damage":22,"enemies":"Hexaghost","floor":16,"turns":8},{"damage":28,"enemies":"2 Thieves","floor":18,"turns":5},{"damage":5,"enemies":"Spheric Guardian","floor":19,"turns":5},{"damage":37,"enemies":"Snake Plant","floor":21,"turns":6},{"damage":17,"enemies":"Snecko","floor":22,"turns":5},{"damage":62,"enemies":"Book of Stabbing","floor":24,"turns":6},{"damage":36,"enemies":"Centurion and Healer","floor":25,"turns":6},{"damage":26,"enemies":"Cultist and Chosen","floor":28,"turns":7},{"damage":15,"enemies":"Snake Plant","floor":30,"turns":5},{"damage":44,"enemies":"Collector","floor":33,"turns":16},{"damage":34,"enemies":"3 Darklings","floor":35,"turns":4},{"damage":5,"enemies":"Orb Walker","floor":38,"turns":5},{"damage":6,"enemies":"Spire Growth","floor":39,"turns":4},{"damage":13,"enemies":"Giant Head","floor":40,"turns":7},{"damage":66,"enemies":"Nemesis","floor":42,"turns":5},{"damage":16,"enemies":"Writhing Mass","floor":47,"turns":5},{"damage":7,"enemies":"Transient","floor":48,"turns":5},{"damage":43,"enemies":"Donu and Deca","floor":50,"turns":9}],"seed_played":"-4715858625076511489","potions_obtained":[{"floor":3,"key":"PowerPotion"},{"floor":3,"key":"SkillPotion"},{"floor":3,"key":"SpeedPotion"},{"floor":5,"key":"Regen Potion"},{"floor":8,"key":"Explosive Potion"},{"floor":12,"key":"AttackPotion"},{"floor":19,"key":"Strength Potion"},{"floor":21,"key":"Block Potion"},{"floor":28,"key":"EssenceOfSteel"},{"floor":30,"key":"AttackPotion"},{"floor":33,"key":"Strength Potion"},{"floor":38,"key":"Strength Potion"},{"floor":40,"key":"Energy Potion"}],"is_trial":false,"path_per_floor":["M","M","?","$","M","R","E","M","T","R","M","E","R","M","R","B",null,"M","M","?","M","M","R","E","M","T","?","M","R","M","$","R","B",null,"M","?","$","M","M","E","R","E","T","?","?","$","M","M","R","B",null],"character_chosen":"DEFECT","items_purchased":["Capacitor","Mummified Hand","Static Discharge","Auto Shields","EntropicBrew","Block Potion"],"campfire_rested":5,"item_purchase_floors":[4,31,37,37,46,46],"current_hp_per_floor":[68,68,68,68,68,68,48,41,41,41,41,46,46,53,53,45,75,61,84,68,59,63,90,42,34,34,34,36,63,55,55,82,52,81,61,61,61,70,78,86,90,38,38,38,38,38,36,43,70,41],"gold":115,"neow_bonus":"THREE_ENEMY_KILL","is_prod":false,"is_daily":false,"chose_seed":false,"campfire_upgraded":4,"win_rate":0,"timestamp":1566969163,"path_taken":["M","M","?","$","M","R","E","?","T","R","M","E","R","M","R","BOSS","M","M","?","M","M","R","E","M","T","?","M","R","M","?","R","BOSS","M","?","$","M","M","E","R","E","T","?","?","$","M","M","R","BOSS"],"build_version":"2019-08-26","purchased_purges":0,"victory":true,"max_hp_per_floor":[75,75,75,75,75,75,75,75,75,75,75,85,85,85,85,85,85,85,85,90,90,90,90,90,90,90,90,90,90,90,90,90,90,90,90,90,90,90,90,90,90,90,90,90,90,90,90,90,90,90],"card_choices":[{"not_picked":["Stack","Steam"],"picked":"Loop","floor":1},{"not_picked":["Tempest","Barrage"],"picked":"FTL","floor":2},{"not_picked":["Lockon","Sweeping Beam"],"picked":"Self Repair","floor":5},{"not_picked":["Storm","Sweeping Beam"],"picked":"Loop","floor":7},{"not_picked":["Gash","Genetic Algorithm","Rebound"],"picked":"Sweeping Beam","floor":8},{"not_picked":["Cold Snap","Reprogram","Steam"],"picked":"Glacier","floor":11},{"not_picked":["Leap","Redo","Double Energy"],"picked":"Machine Learning","floor":12},{"not_picked":["Ball Lightning","FTL","Skim"],"picked":"Self Repair","floor":14},{"not_picked":["Hyperbeam","Rainbow","Buffer"],"picked":"Echo Form","floor":16},{"not_picked":["Steam","Hologram","BootSequence"],"picked":"Stack+1","floor":18},{"not_picked":["Glacier","Leap+1","Beam Cell"],"picked":"Defragment","floor":19},{"not_picked":["Heatsinks","Go for the Eyes","Lockon+1"],"picked":"Redo+1","floor":21},{"not_picked":["Rebound+1","Sweeping Beam+1","Aggregate"],"picked":"Redo+1","floor":22},{"not_picked":["Hello World","Steam","Fission"],"picked":"Redo+1","floor":24},{"not_picked":["Rebound","Redo","Multi-Cast"],"picked":"Turbo","floor":25},{"not_picked":["Go for the Eyes","FTL","Steam"],"picked":"Conserve Battery","floor":28},{"not_picked":["Heatsinks","Redo","Reinforced Body"],"picked":"Melter+1","floor":30},{"not_picked":["Rainbow","Buffer","Electrodynamics"],"picked":"Creative AI","floor":33},{"not_picked":["Streamline+1","Sweeping Beam+1","Fusion"],"picked":"Hologram+1","floor":35},{"not_picked":["Turbo+1","Redo","Streamline+1"],"picked":"Leap+1","floor":38},{"not_picked":["Hologram+1","Auto Shields","Coolheaded+1"],"picked":"Double Energy+1","floor":39},{"not_picked":["Reprogram","Blizzard+1","Sweeping Beam+1","Leap"],"picked":"SKIP","floor":40},{"not_picked":["Leap","Chaos","Auto Shields"],"picked":"Heatsinks+1","floor":42},{"not_picked":["Hologram+1","Recycle+1","Turbo"],"picked":"Stack+1","floor":47},{"not_picked":["Leap","Auto Shields","Reboot","Steam"],"picked":"SKIP","floor":47},{"not_picked":["Blizzard+1","Melter+1","Gash"],"picked":"Beam Cell+1","floor":48},{"not_picked":["Reinforced Body+1","Go for the Eyes+1","Gash"],"picked":"Redo+1","floor":48}],"player_experience":117489,"relics_obtained":[{"floor":7,"key":"Question Card"},{"floor":9,"key":"Symbiotic Virus"},{"floor":12,"key":"Pear"},{"floor":24,"key":"Bag of Preparation"},{"floor":26,"key":"Dodecahedron"},{"floor":40,"key":"Prayer Wheel"},{"floor":42,"key":"Vajra"},{"floor":43,"key":"Shuriken"}],"event_choices":[{"damage_healed":0,"gold_gain":0,"player_choice":"Got Potions","damage_taken":0,"max_hp_gain":0,"max_hp_loss":0,"event_name":"Lab","floor":3,"gold_loss":0},{"damage_healed":0,"gold_gain":0,"player_choice":"Shed Blood","damage_taken":21,"max_hp_gain":5,"max_hp_loss":0,"event_name":"Forgotten Altar","floor":20,"gold_loss":0},{"damage_healed":0,"gold_gain":0,"player_choice":"Inject Mutagens","damage_taken":0,"relics_obtained":["MutagenicStrength"],"max_hp_gain":0,"max_hp_loss":0,"event_name":"Drug Dealer","floor":27,"gold_loss":0},{"damage_healed":0,"gold_gain":0,"player_choice":"Ignored","damage_taken":0,"max_hp_gain":0,"max_hp_loss":0,"event_name":"Tomb of Lord Red Mask","floor":36,"gold_loss":0},{"cards_removed":["Doom and Gloom"],"damage_healed":0,"gold_gain":0,"player_choice":"Removed Attack","damage_taken":0,"max_hp_gain":0,"max_hp_loss":0,"event_name":"Falling","floor":44,"gold_loss":0},{"damage_healed":0,"gold_gain":0,"cards_transformed":["Auto Shields"],"player_choice":"Transformed","damage_taken":0,"max_hp_gain":0,"max_hp_loss":0,"event_name":"Transmorgrifier","floor":45,"gold_loss":0,"cards_obtained":["Hologram"]}],"is_beta":true,"boss_relics":[{"not_picked":["Orrery","Nuclear Battery"],"picked":"Fusion Hammer"},{"not_picked":["FrozenCore","Busted Crown"],"picked":"Pandora\u0027s Box"}],"items_purged_floors":[],"is_endless":false,"potions_floor_spawned":[5,8,11,12,19,21,28,30,33,38,40,47],"ascension_level":6}