{"gold_per_floor":[216,229,245,420,430,430,464,464,489,489,509,533,548,40,40,137,137,151,170,20,37,56,56,71,71],"floor_reached":25,"playtime":1846,"items_purged":["Doubt"],"score":217,"play_id":"8c16f1a1-415a-4d05-9eb8-ca93092d1ce4","local_time":"20190815145144","is_ascension_mode":true,"campfire_choices":[{"floor":6,"key":"RECALL"},{"floor":10,"key":"REST"},{"data":"Terror","floor":15,"key":"SMITH"},{"data":"Corpse Explosion","floor":23,"key":"SMITH"}],"neow_cost":"NONE","seed_source_timestamp":7274968061400,"circlet_count":0,"master_deck":["Strike_G","Strike_G","Strike_G","Strike_G","Strike_G","Defend_G","Defend_G","Defend_G","Defend_G","Survivor","Neutralize","Dagger Spray","Dagger Throw","Escape Plan","Noxious Fumes","Flying Knee","Expertise","Terror+1","Bandage Up","Corpse Explosion+1","Blur","Escape Plan","Expertise+1","Dagger Throw","Accuracy"],"relics":["Ring of the Snake","Bronze Scales","Blood Vial","Vajra","Frozen Eye","HoveringKite","Anchor"],"potions_floor_usage":[7,7,24],"damage_taken":[{"damage":0,"enemies":"2 Louse","floor":1,"turns":5},{"damage":2,"enemies":"Jaw Worm","floor":2,"turns":5},{"damage":0,"enemies":"Cultist","floor":3,"turns":3},{"damage":9,"enemies":"Large Slime","floor":5,"turns":7},{"damage":46,"enemies":"Gremlin Nob","floor":7,"turns":6},{"damage":0,"enemies":"Blue Slaver","floor":11,"turns":3},{"damage":3,"enemies":"Red Slaver","floor":13,"turns":3},{"damage":37,"enemies":"Hexaghost","floor":16,"turns":8},{"damage":25,"enemies":"Spheric Guardian","floor":18,"turns":4},{"damage":16,"enemies":"Shell Parasite","floor":19,"turns":5},{"damage":7,"enemies":"Snecko","floor":21,"turns":4},{"damage":0,"enemies":"Centurion and Healer","floor":22,"turns":5},{"damage":28,"enemies":"Shelled Parasite and Fungi","floor":24,"turns":5},{"damage":25,"enemies":"Book of Stabbing","floor":25,"turns":3}],"seed_played":"-967391137301902928","potions_obtained":[{"floor":2,"key":"Regen Potion"},{"floor":3,"key":"Weak Potion"},{"floor":5,"key":"SpeedPotion"},{"floor":7,"key":"Ancient Potion"},{"floor":19,"key":"SteroidPotion"}],"is_trial":false,"path_per_floor":["M","M","M","?","M","R","E","?","T","R","M","T","M","$","R","B",null,"M","M","$","M","M","R","M","E"],"character_chosen":"THE_SILENT","items_purchased":["Vajra","Frozen Eye","Bandage Up","Anchor"],"campfire_rested":1,"item_purchase_floors":[14,14,14,20],"current_hp_per_floor":[70,68,68,68,59,59,28,28,28,49,49,49,48,48,48,17,70,45,35,35,34,40,40,18,0],"gold":71,"neow_bonus":"HUNDRED_GOLD","is_prod":false,"is_daily":false,"chose_seed":false,"campfire_upgraded":2,"win_rate":0,"timestamp":1565873504,"path_taken":["M","M","M","?","M","R","E","?","T","R","M","?","M","$","R","BOSS","M","M","$","M","M","R","M","E"],"build_version":"2019-07-17","purchased_purges":1,"victory":false,"max_hp_per_floor":[70,70,70,70,70,70,70,70,70,70,70,70,70,70,70,70,70,70,70,70,70,70,70,70,70],"card_choices":[{"not_picked":["PiercingWail","Endless Agony"],"picked":"Dagger Spray","floor":1},{"not_picked":["Reflex","Underhanded Strike"],"picked":"Dagger Throw","floor":2},{"not_picked":["Infinite Blades","Expertise"],"picked":"Escape Plan","floor":3},{"not_picked":["Dodge and Roll","Deflect"],"picked":"Noxious Fumes","floor":5},{"not_picked":["Deflect","Blade Dance"],"picked":"Flying Knee","floor":7},{"not_picked":["Outmaneuver","Prepared"],"picked":"Expertise","floor":11},{"not_picked":["Prepared","Reflex"],"picked":"Terror","floor":13},{"not_picked":["Doppelganger","Tools of the Trade"],"picked":"Corpse Explosion","floor":16},{"not_picked":["Crippling Poison","Tactician"],"picked":"Blur","floor":18},{"not_picked":["Backstab","PiercingWail"],"picked":"Escape Plan","floor":19},{"not_picked":["Underhanded Strike","Outmaneuver"],"picked":"Expertise+1","floor":21},{"not_picked":["Deflect","Cloak And Dagger"],"picked":"Dagger Throw","floor":22},{"not_picked":["Endless Agony+1","Bane+1"],"picked":"Accuracy","floor":24}],"player_experience":81487,"relics_obtained":[{"floor":7,"key":"Bronze Scales"},{"floor":12,"key":"Blood Vial"}],"event_choices":[{"damage_healed":0,"gold_gain":175,"player_choice":"AGREE","damage_taken":0,"max_hp_gain":0,"max_hp_loss":0,"event_name":"Liars Game","floor":4,"gold_loss":0,"cards_obtained":["Doubt"]},{"cards_removed":["Defend_G"],"damage_healed":0,"gold_gain":0,"player_choice":"Forget","damage_taken":0,"max_hp_gain":0,"max_hp_loss":0,"event_name":"Living Wall","floor":8,"gold_loss":0}],"is_beta":false,"boss_relics":[{"not_picked":["Fusion Hammer","Coffee Dripper"],"picked":"HoveringKite"}],"items_purged_floors":[14],"is_endless":false,"potions_floor_spawned":[2,3,5,7,19],"killed_by":"Book of Stabbing","ascension_level":1}