{"gold_per_floor":[117,133,147,170,245,245,263,263,263,263,276,289,305,15,15,116,116,128,128,68,68],"floor_reached":21,"playtime":542,"items_purged":[],"score":257,"play_id":"a7d1d271-52a8-4334-a463-fe701eae4693","local_time":"20190616200630","is_ascension_mode":true,"campfire_choices":[{"data":"Sunder","floor":6,"key":"SMITH"},{"data":"Zap","floor":8,"key":"SMITH"},{"data":"Loop","floor":10,"key":"SMITH"},{"floor":15,"key":"REST"}],"neow_cost":"NONE","seed_source_timestamp":271231265936900,"circlet_count":0,"master_deck":["AscendersBane","Strike_B","Strike_B","Strike_B","Strike_B","Defend_B","Defend_B","Defend_B","Defend_B","Zap+1","Dualcast","Loop+1","Sunder+1","Skim","Loop","Reboot+1","Go for the Eyes","Capacitor","Hologram+1","Gash","Echo Form"],"relics":["Cracked Core","NeowsBlessing","Regal Pillow","Toxic Egg 2","Strawberry","Inserter","GremlinMask"],"potions_floor_usage":[],"damage_taken":[{"damage":0,"enemies":"Cultist","floor":1,"turns":1},{"damage":0,"enemies":"Small Slimes","floor":2,"turns":1},{"damage":0,"enemies":"Jaw Worm","floor":3,"turns":1},{"damage":12,"enemies":"Looter","floor":7,"turns":3},{"damage":7,"enemies":"Large Slime","floor":11,"turns":5},{"damage":15,"enemies":"Gremlin Gang","floor":12,"turns":5},{"damage":9,"enemies":"Red Slaver","floor":13,"turns":2},{"damage":41,"enemies":"The Guardian","floor":16,"turns":11},{"damage":32,"enemies":"Chosen","floor":18,"turns":7},{"damage":21,"enemies":"2 Thieves","floor":20,"turns":4},{"damage":13,"enemies":"Centurion and Healer","floor":21,"turns":1}],"seed_played":"8991989422647560960","potions_obtained":[{"floor":2,"key":"PowerPotion"},{"floor":3,"key":"Dexterity Potion"},{"floor":7,"key":"LiquidBronze"},{"floor":18,"key":"Block Potion"}],"is_trial":false,"path_per_floor":["M","M","M","T","?","R","M","R","T","R","M","M","M","$","R","B",null,"M","?","M","M"],"character_chosen":"DEFECT","items_purchased":["Capacitor","Hologram+1","Strawberry","Gash"],"campfire_rested":1,"item_purchase_floors":[14,14,14,14],"current_hp_per_floor":[68,68,68,68,57,57,45,45,45,45,38,23,14,21,60,19,66,34,34,13,0],"gold":68,"neow_bonus":"THREE_ENEMY_KILL","is_prod":false,"is_daily":false,"chose_seed":false,"campfire_upgraded":3,"win_rate":0,"timestamp":1560711990,"path_taken":["M","M","M","?","?","R","M","R","T","R","M","M","M","$","R","BOSS","M","?","?","M"],"build_version":"2019-01-23","purchased_purges":0,"victory":false,"max_hp_per_floor":[75,75,75,75,75,75,75,75,75,75,75,75,75,82,82,82,82,82,82,82,82],"card_choices":[{"not_picked":["Sweeping Beam","Darkness"],"picked":"Loop","floor":1},{"not_picked":["Undo","Force Field"],"picked":"Sunder","floor":2},{"not_picked":["Rebound","Darkness"],"picked":"Skim","floor":3},{"not_picked":["Skim","Aggregate","Compile Driver"],"picked":"SKIP","floor":7},{"not_picked":["Sweeping Beam","Darkness+1"],"picked":"Loop","floor":11},{"not_picked":["Sweeping Beam","Darkness+1"],"picked":"Reboot+1","floor":12},{"not_picked":["Rebound","Gash"],"picked":"Go for the Eyes","floor":13},{"not_picked":["Electrodynamics","Biased Cognition"],"picked":"Echo Form","floor":16},{"not_picked":["Go for the Eyes+1","Hello World","Scrape"],"picked":"SKIP","floor":18},{"not_picked":["Gash","Fusion+1","Recycle+1"],"picked":"SKIP","floor":20}],"player_experience":159369,"relics_obtained":[{"floor":4,"key":"Regal Pillow"},{"floor":9,"key":"Toxic Egg 2"}],"event_choices":[{"damage_healed":0,"gold_gain":75,"player_choice":"Gather Gold","damage_taken":11,"max_hp_gain":0,"max_hp_loss":0,"event_name":"World of Goop","floor":5,"gold_loss":0},{"damage_healed":0,"gold_gain":0,"player_choice":"Trade","damage_taken":0,"relics_obtained":["GremlinMask"],"max_hp_gain":0,"max_hp_loss":0,"event_name":"FaceTrader","floor":19,"gold_loss":0}],"is_beta":false,"boss_relics":[{"not_picked":["Sozu","Eternal Feather"],"picked":"Inserter"}],"items_purged_floors":[],"is_endless":false,"potions_floor_spawned":[2,3,7,11,13,18],"killed_by":"Centurion and Healer","ascension_level":10}