{"gold_per_floor":[116,131,7,27,27,62,62,76,101,130,195,195,195,209,209,310,310,330,315,315],"floor_reached":20,"playtime":768,"items_purged":[],"score":328,"play_id":"a09aa65b-035d-469c-aa7b-95fe37536975","local_time":"20190612005350","is_ascension_mode":true,"campfire_choices":[{"data":"Zap","floor":7.0,"key":"SMITH"},{"floor":13.0,"key":"REST"},{"data":"Go for the Eyes","floor":15.0,"key":"SMITH"}],"neow_cost":"NONE","seed_source_timestamp":1856590442665500,"circlet_count":0,"master_deck":["Strike_B","Strike_B","Strike_B","Defend_B","Defend_B","Defend_B","Defend_B","Zap+1","Dualcast","Glacier","Sweeping Beam","FTL","Compile Driver","Loop","Defragment","Doubt","Gash","Genetic Algorithm","Go for the Eyes+1","Creative AI","Cold Snap","Glacier+1"],"special_seed":0,"relics":["Cursed Key","Pen Nib","Lantern","Dream Catcher","Bronze Scales","Snecko Eye"],"potions_floor_usage":[],"damage_taken":[{"damage":3.0,"enemies":"Jaw Worm","floor":1.0,"turns":4.0},{"damage":0.0,"enemies":"2 Louse","floor":2.0,"turns":2.0},{"damage":2.0,"enemies":"Cultist","floor":4.0,"turns":4.0},{"damage":4.0,"enemies":"Lagavulin","floor":6.0,"turns":8.0},{"damage":2.0,"enemies":"Looter","floor":8.0,"turns":3.0},{"damage":24.0,"enemies":"Gremlin Nob","floor":10.0,"turns":5.0},{"damage":10.0,"enemies":"Gremlin Nob","floor":11.0,"turns":6.0},{"damage":7.0,"enemies":"2 Fungi Beasts","floor":14.0,"turns":3.0},{"damage":0.0,"enemies":"Hexaghost","floor":16.0,"turns":10.0},{"damage":7.0,"enemies":"Chosen","floor":18.0,"turns":6.0},{"damage":26.0,"enemies":"2 Thieves","floor":19.0,"turns":4.0},{"damage":46,"enemies":"Masked Bandits","floor":20,"turns":5}],"seed_played":"-2044106712588394355","potions_obtained":[{"floor":1.0,"key":"Poison Potion"},{"floor":8.0,"key":"Strength Potion"},{"floor":12.0,"key":"AttackPotion"},{"floor":12.0,"key":"Strength Potion"},{"floor":12.0,"key":"Weak Potion"},{"floor":16.0,"key":"FearPotion"}],"is_trial":false,"path_per_floor":["M","M","$","M","?","E","R","M","T","E","?","?","R","M","R","B",null,"M","M","?"],"character_chosen":"DEFECT","items_purchased":["FTL","Compile Driver"],"campfire_rested":1,"item_purchase_floors":[3,3],"current_hp_per_floor":[65,65,65,63,56,52,52,50,50,26,16,16,38,31,31,31,64,57,31,0],"gold":315,"neow_bonus":"BOSS_RELIC","is_prod":false,"is_daily":false,"chose_seed":false,"campfire_upgraded":2,"win_rate":0,"timestamp":1560297230,"path_taken":["M","M","$","M","?","E","R","M","T","E","?","?","R","?","R","BOSS","M","M","?"],"build_version":"2019-01-23","purchased_purges":0,"victory":false,"max_hp_per_floor":[75,75,75,75,75,75,75,75,75,75,75,75,75,75,75,75,75,75,75,75],"card_choices":[{"not_picked":["Go for the Eyes","Fusion"],"picked":"Glacier","floor":1.0},{"not_picked":["Beam Cell","Compile Driver"],"picked":"Sweeping Beam","floor":2.0},{"not_picked":["Chill","Consume"],"picked":"Loop","floor":4.0},{"not_picked":["Redo","Rebound","Turbo"],"picked":"SKIP","floor":6.0},{"not_picked":["Compile Driver","Cold Snap"],"picked":"Defragment","floor":8.0},{"not_picked":["Reprogram","Chaos"],"picked":"Gash","floor":10.0},{"not_picked":["Auto Shields","Turbo"],"picked":"Genetic Algorithm","floor":11.0},{"not_picked":["Rebound","Undo"],"picked":"Go for the Eyes","floor":14.0},{"not_picked":["Reboot","Thunder Strike"],"picked":"Creative AI","floor":16.0},{"not_picked":["Go for the Eyes","White Noise"],"picked":"Cold Snap","floor":18.0},{"not_picked":["Gash+1","Compile Driver+1"],"picked":"Glacier+1","floor":19.0}],"player_experience":145971,"relics_obtained":[{"floor":6.0,"key":"Pen Nib"},{"floor":9.0,"key":"Lantern"},{"floor":10.0,"key":"Dream Catcher"},{"floor":11.0,"key":"Bronze Scales"}],"event_choices":[{"cards_removed":["Strike_B"],"damage_healed":0.0,"max_hp_gain":0.0,"max_hp_loss":0.0,"gold_gain":0.0,"event_name":"Golden Wing","player_choice":"Card Removal","floor":5.0,"gold_loss":0.0,"damage_taken":7.0},{"damage_healed":0.0,"max_hp_gain":0.0,"max_hp_loss":0.0,"gold_gain":0.0,"event_name":"Dead Adventurer","player_choice":"Searched \u00271\u0027 times","floor":11.0,"gold_loss":0.0,"damage_taken":0.0},{"damage_healed":0.0,"max_hp_gain":0.0,"max_hp_loss":0.0,"gold_gain":0.0,"event_name":"Lab","player_choice":"Got Potions","floor":12.0,"gold_loss":0.0,"damage_taken":0.0},{"damage_healed":0,"gold_gain":0,"player_choice":"Fought Bandits","damage_taken":0,"max_hp_gain":0,"max_hp_loss":0,"event_name":"Masked Bandits","floor":20,"gold_loss":0}],"is_beta":false,"boss_relics":[{"not_picked":["Inserter","Philosopher\u0027s Stone"],"picked":"Snecko Eye"}],"items_purged_floors":[],"is_endless":false,"potions_floor_spawned":[1,8,16,18,19],"killed_by":"Masked Bandits","ascension_level":8}