{"gold_per_floor":[115,134,409,14,24,51,51,62,62,78,90,122,122,122,122,223,223,236,254,71,71,71,7,32,32,32,47,63,74,74,74,74,74],"floor_reached":33,"playtime":3874,"items_purged":["Regret","Normality"],"score":332,"play_id":"b138eabd-449a-4d52-8590-2a9a835839fc","local_time":"20180810003110","is_ascension_mode":true,"campfire_choices":[{"floor":7,"key":"REST"},{"floor":13,"key":"REST"},{"floor":15,"key":"DIG"},{"floor":32,"key":"REST"}],"neow_cost":"CURSE","seed_source_timestamp":2589600204199530,"circlet_count":0,"master_deck":["Defend_G+1","Defend_G+1","Defend_G+1","Defend_G+1","Strike_G+1","Strike_G+1","Strike_G+1","Strike_G+1","Survivor","Neutralize","Bouncing Flask","Flying Knee","Deflect","Flying Knee","Quick Slash","Dodge and Roll","Crippling Poison","Backflip","Deflect","Slice","Glass Knife","Poisoned Stab+1","Bouncing Flask","Bane","Heel Hook","Bouncing Flask","Dash","Sucker Punch","Injury","Poisoned Stab+1","Dash+1","Flying Knee+1","Decay"],"relics":["Ring of the Snake","Membership Card","Pen Nib","Bird Faced Urn","Turnip","Shovel","Torii","Cursed Key","GremlinMask","Art of War","Molten Egg 2"],"potions_floor_usage":[12,12,24,27,28,29,33,33],"damage_taken":[{"damage":6,"enemies":"Cultist","floor":1,"turns":3},{"damage":1,"enemies":"Jaw Worm","floor":2,"turns":3},{"damage":0,"enemies":"2 Louse","floor":5,"turns":3},{"damage":32,"enemies":"Lagavulin","floor":6,"turns":6},{"damage":0,"enemies":"2 Fungi Beasts","floor":8,"turns":3},{"damage":15,"enemies":"3 Louse","floor":10,"turns":3},{"damage":3,"enemies":"Lots of Slimes","floor":11,"turns":5},{"damage":24,"enemies":"Gremlin Nob","floor":12,"turns":4},{"damage":52,"enemies":"Slime Boss","floor":16,"turns":15},{"damage":10,"enemies":"Shell Parasite","floor":18,"turns":4},{"damage":6,"enemies":"3 Byrds","floor":19,"turns":6},{"damage":23,"enemies":"Slavers","floor":24,"turns":5},{"damage":12,"enemies":"Centurion and Healer","floor":27,"turns":5},{"damage":13,"enemies":"Snake Plant","floor":28,"turns":4},{"damage":0,"enemies":"Cultist and Chosen","floor":29,"turns":4},{"damage":25,"enemies":"Collector","floor":33,"turns":6}],"seed_played":"8570059259274364477","potions_obtained":[{"floor":1,"key":"SteroidPotion"},{"floor":8,"key":"Swift Potion"},{"floor":19,"key":"Explosive Potion"},{"floor":25,"key":"Poison Potion"},{"floor":25,"key":"SneckoOil"},{"floor":25,"key":"Poison Potion"},{"floor":27,"key":"Energy Potion"},{"floor":28,"key":"Explosive Potion"}],"is_trial":false,"path_per_floor":["M","M","?","$","M","E","R","M","T","M","M","E","R","?","R","B",null,"M","M","$","?","?","$","E","?","T","M","M","M","?","?","R"],"character_chosen":"THE_SILENT","items_purchased":["Membership Card","Pen Nib","Bane","Heel Hook","Dash"],"campfire_rested":3,"item_purchase_floors":[4,4,20,20,23],"current_hp_per_floor":[64,63,63,63,63,31,52,52,52,37,34,10,31,54,54,2,70,60,54,54,54,54,54,31,31,31,19,6,6,6,6,27,2],"gold":74,"neow_bonus":"TRANSFORM_TWO_CARDS","is_prod":false,"is_daily":false,"chose_seed":false,"campfire_upgraded":0,"win_rate":0,"timestamp":1533875470,"path_taken":["M","M","?","$","M","E","R","M","T","M","M","E","R","?","R","BOSS","M","M","$","?","?","$","E","?","T","M","M","?","?","?","R","BOSS"],"build_version":"2018-08-09","purchased_purges":2,"victory":false,"max_hp_per_floor":[70,70,70,70,70,70,70,70,70,70,70,70,70,70,70,70,70,70,70,70,70,70,70,70,70,70,70,70,70,70,70,70,70],"card_choices":[{"not_picked":["Dagger Throw","Sucker Punch"],"picked":"Deflect","floor":1},{"not_picked":["Prepared","Accuracy"],"picked":"Flying Knee","floor":2},{"not_picked":["Accuracy","Outmaneuver"],"picked":"Quick Slash","floor":5},{"not_picked":["Deadly Poison","Backflip"],"picked":"Dodge and Roll","floor":6},{"not_picked":["Underhanded Strike","Caltrops"],"picked":"Crippling Poison","floor":8},{"not_picked":["Calculated Gamble","Flying Knee"],"picked":"Backflip","floor":10},{"not_picked":["Concentrate","Outmaneuver"],"picked":"Deflect","floor":11},{"not_picked":["Grand Finale","PiercingWail"],"picked":"Slice","floor":12},{"not_picked":["Malaise","Phantasmal Killer"],"picked":"Glass Knife","floor":16},{"not_picked":["Backstab+1","Slice"],"picked":"Poisoned Stab+1","floor":18},{"not_picked":["Slice","Choke"],"picked":"Bouncing Flask","floor":19},{"not_picked":["Escape Plan","Backflip"],"picked":"Sucker Punch","floor":24},{"not_picked":["Dagger Throw+1","Deflect"],"picked":"Poisoned Stab+1","floor":27},{"not_picked":["Slice+1","Accuracy"],"picked":"Dash+1","floor":28},{"not_picked":["Skewer+1","Dagger Spray+1"],"picked":"Flying Knee+1","floor":29}],"player_experience":243142,"relics_obtained":[{"floor":6,"key":"Bird Faced Urn"},{"floor":9,"key":"Turnip"},{"floor":12,"key":"Shovel"},{"floor":15,"key":"Torii"},{"floor":24,"key":"Art of War"},{"floor":26,"key":"Molten Egg 2"}],"event_choices":[{"event_name":"Golden Shrine","player_choice":"Desecrate","floor":3,"damage_taken":0},{"event_name":"Big Fish","player_choice":"Banana","floor":14,"damage_taken":0},{"event_name":"FaceTrader","player_choice":"Trade","floor":21,"damage_taken":0},{"event_name":"Duplicator","player_choice":"One dupe","floor":22,"damage_taken":0},{"event_name":"The Lab","player_choice":"Got Potions","floor":25,"damage_taken":0},{"event_name":"Forgotten Altar","player_choice":"Smashed Altar","floor":30,"damage_taken":0},{"event_name":"Back to Basics","player_choice":"Simplicity","floor":31,"damage_taken":0}],"is_beta":false,"boss_relics":[{"not_picked":["Snecko Eye","Busted Crown"],"picked":"Cursed Key"}],"items_purged_floors":[4,20],"is_endless":false,"potions_floor_spawned":[1,8,19,27,28],"killed_by":"Collector","ascension_level":4}