{"gold_per_floor":[116,11,22,22,22,22,56,75,75,30,30,73,73,91,91,222,222,241,20,20,36,36,69,69,109,109,109,109],"floor_reached":28,"playtime":928,"items_purged":[],"score":275,"play_id":"3c65d85d-e4e4-461b-ab39-76408a4f65fa","local_time":"20190425221741","is_ascension_mode":true,"campfire_choices":[{"data":"Zap","floor":6.0,"key":"SMITH"},{"data":"Buffer","floor":13.0,"key":"SMITH"},{"data":"Defragment","floor":15.0,"key":"SMITH"},{"floor":24,"key":"REST"},{"data":"1","floor":27,"key":"LIFT"}],"neow_cost":"NONE","seed_source_timestamp":1035452990072800,"circlet_count":0,"master_deck":["Strike_B","Strike_B","Strike_B","Strike_B","Defend_B","Defend_B","Defend_B","Defend_B","Zap+1","Dualcast","Streamline","Glacier","Sweeping Beam","Core Surge","Buffer+1","Defragment+1","Coolheaded","Capacitor","Melter","Rainbow","Coolheaded+1","Cold Snap","Conserve Battery+1"],"special_seed":0,"relics":["Cracked Core","Pen Nib","Torii","Girya","Golden Idol","Letter Opener","Philosopher\u0027s Stone","Medical Kit","Dodecahedron","Darkstone Periapt","Matryoshka"],"potions_floor_usage":[28],"damage_taken":[{"damage":1.0,"enemies":"Cultist","floor":1.0,"turns":3.0},{"damage":5.0,"enemies":"Small Slimes","floor":3.0,"turns":3.0},{"damage":15.0,"enemies":"Lagavulin","floor":7.0,"turns":5.0},{"damage":0.0,"enemies":"Jaw Worm","floor":8.0,"turns":2.0},{"damage":11.0,"enemies":"3 Sentries","floor":12.0,"turns":9.0},{"damage":0.0,"enemies":"2 Fungi Beasts","floor":14.0,"turns":3.0},{"damage":6.0,"enemies":"Hexaghost","floor":16.0,"turns":10.0},{"damage":10.0,"enemies":"2 Thieves","floor":18.0,"turns":4.0},{"damage":11,"enemies":"Colosseum Slavers","floor":20,"turns":5},{"damage":0,"enemies":"Shell Parasite","floor":21,"turns":6},{"damage":30,"enemies":"Gremlin Leader","floor":23,"turns":8},{"damage":9,"enemies":"Book of Stabbing","floor":25,"turns":6},{"damage":40,"enemies":"Gremlin Leader","floor":28,"turns":6}],"seed_played":"1787602794530962323","potions_obtained":[{"floor":3.0,"key":"EntropicBrew"},{"floor":5.0,"key":"Block Potion"},{"floor":5.0,"key":"PowerPotion"},{"floor":5.0,"key":"FocusPotion"},{"floor":8.0,"key":"Ancient Potion"},{"floor":16.0,"key":"FearPotion"},{"floor":25,"key":"Ancient Potion"}],"is_trial":false,"path_per_floor":["M","$","M","$","?","R","E","M","T","$","?","E","R","M","R","B",null,"M","$","?","M","?","E","R","E","T","R","E"],"character_chosen":"DEFECT","items_purchased":["Glacier","Sweeping Beam","Coolheaded","Medical Kit","Cold Snap"],"campfire_rested":1,"item_purchase_floors":[2,2,10,19,19],"current_hp_per_floor":[74,74,69,69,69,69,54,54,54,54,54,43,43,43,43,37,69,59,59,48,48,48,18,38,29,29,29,0],"gold":109,"neow_bonus":"RANDOM_COMMON_RELIC","is_prod":false,"is_daily":false,"chose_seed":false,"campfire_upgraded":3,"win_rate":0,"timestamp":1556227061,"path_taken":["M","$","M","?","?","R","E","?","T","$","?","E","R","M","R","BOSS","M","$","?","M","?","E","R","E","T","R","E"],"build_version":"2019-01-23","purchased_purges":0,"victory":false,"max_hp_per_floor":[75,75,75,75,75,75,75,75,75,75,69,69,69,69,69,69,69,69,69,69,69,69,69,69,69,69,69,69],"card_choices":[{"not_picked":["Stack","Coolheaded"],"picked":"Streamline","floor":1.0},{"not_picked":["Rebound","Stack"],"picked":"Core Surge","floor":3.0},{"not_picked":["Ball Lightning","Stack"],"picked":"Buffer","floor":7.0},{"not_picked":["Barrage","Reinforced Body"],"picked":"Defragment","floor":8.0},{"not_picked":["Melter","Go for the Eyes"],"picked":"Capacitor","floor":12.0},{"not_picked":["Barrage","Gash"],"picked":"Melter","floor":14.0},{"not_picked":["Fission","Reboot"],"picked":"Rainbow","floor":16.0},{"not_picked":["FTL+1","Beam Cell+1"],"picked":"Coolheaded+1","floor":18.0},{"not_picked":["Streamline+1","Rebound"],"picked":"Conserve Battery+1","floor":21},{"not_picked":["Turbo","Chill","Aggregate"],"picked":"SKIP","floor":23},{"not_picked":["Hologram","Reinforced Body+1","Sunder+1"],"picked":"SKIP","floor":25}],"player_experience":54422,"relics_obtained":[{"floor":7.0,"key":"Torii"},{"floor":9.0,"key":"Girya"},{"floor":12.0,"key":"Letter Opener"},{"floor":23,"key":"Dodecahedron"},{"floor":25,"key":"Darkstone Periapt"},{"floor":26,"key":"Matryoshka"}],"event_choices":[{"damage_healed":0.0,"max_hp_gain":0.0,"max_hp_loss":0.0,"gold_gain":0.0,"event_name":"Lab","player_choice":"Got Potions","floor":5.0,"gold_loss":0.0,"damage_taken":0.0},{"damage_healed":0.0,"max_hp_gain":0.0,"max_hp_loss":6.0,"gold_gain":0.0,"event_name":"Golden Idol","player_choice":"Lose Max HP","floor":11.0,"gold_loss":0.0,"damage_taken":0.0,"relics_obtained":["Golden Idol"]},{"damage_healed":0,"gold_gain":0,"player_choice":"Fight","damage_taken":0,"max_hp_gain":0,"max_hp_loss":0,"event_name":"Colosseum","floor":20,"gold_loss":0},{"damage_healed":0,"gold_gain":0,"player_choice":"Fled From Nobs","damage_taken":0,"max_hp_gain":0,"max_hp_loss":0,"event_name":"Colosseum","floor":20,"gold_loss":0},{"damage_healed":0,"gold_gain":0,"player_choice":"Ignored","damage_taken":0,"max_hp_gain":0,"max_hp_loss":0,"event_name":"Vampires","floor":22,"gold_loss":0}],"is_beta":false,"boss_relics":[{"not_picked":["Black Star","Coffee Dripper"],"picked":"Philosopher\u0027s Stone"}],"items_purged_floors":[],"is_endless":false,"potions_floor_spawned":[3,8,16,20,25],"killed_by":"Gremlin Leader","ascension_level":1}