{"gold_per_floor":[109,119,119,135,149,185,185,228,228,268,282,282,298,298,298,418,418,437,481,505,17,17],"floor_reached":22,"playtime":1555,"items_purged":[],"score":272,"play_id":"b8eb3970-8e7f-4b9d-b2ba-820200017f40","local_time":"20190926200015","is_ascension_mode":true,"campfire_choices":[{"data":"Pommel Strike","floor":7.0,"key":"SMITH"},{"data":"Power Through","floor":12.0,"key":"SMITH"},{"data":"Fire Breathing","floor":15.0,"key":"SMITH"}],"neow_cost":"NONE","seed_source_timestamp":1055771146973500,"circlet_count":0,"master_deck":["Strike_R","Strike_R","Defend_R","Defend_R+1","Defend_R","Defend_R+1","Bash","Finesse","Pommel Strike+1","Fire Breathing+1","Sword Boomerang","Warcry","Ghostly Armor","Disarm","Reaper","Power Through+1","Wild Strike","Brutality","Seeing Red+1","Second Wind+1","Sword Boomerang+1","Feel No Pain","Headbutt","Evolve","Immolate"],"special_seed":0,"relics":["Burning Blood","Golden Idol","Pear","Matryoshka","Bottled Flame","Dodecahedron","Pantograph","Astrolabe","Red Mask","Shuriken"],"potions_floor_usage":[21],"damage_taken":[{"damage":0.0,"enemies":"Small Slimes","floor":1.0,"turns":3.0},{"damage":5.0,"enemies":"Jaw Worm","floor":2.0,"turns":3.0},{"damage":3.0,"enemies":"2 Louse","floor":4.0,"turns":4.0},{"damage":1.0,"enemies":"2 Fungi Beasts","floor":5.0,"turns":4.0},{"damage":9.0,"enemies":"Gremlin Nob","floor":6.0,"turns":4.0},{"damage":52.0,"enemies":"Lagavulin","floor":8.0,"turns":8.0},{"damage":16.0,"enemies":"3 Sentries","floor":10.0,"turns":7.0},{"damage":11.0,"enemies":"Large Slime","floor":11.0,"turns":9.0},{"damage":6.0,"enemies":"Lots of Slimes","floor":13.0,"turns":6.0},{"damage":31.0,"enemies":"Slime Boss","floor":16.0,"turns":8.0},{"damage":29.0,"enemies":"3 Byrds","floor":18.0,"turns":7.0},{"damage":75,"enemies":"Masked Bandits","floor":19,"turns":6},{"damage":12,"enemies":"Shell Parasite","floor":20,"turns":7},{"damage":17,"enemies":"Shelled Parasite and Fungi","floor":22,"turns":3}],"seed_played":"-6646042901620043159","potions_obtained":[{"floor":1.0,"key":"Block Potion"},{"floor":8.0,"key":"GamblersBrew"},{"floor":10.0,"key":"Dexterity Potion"},{"floor":11.0,"key":"SteroidPotion"},{"floor":20,"key":"SkillPotion"}],"is_trial":false,"path_per_floor":["M","M","?","M","M","E","R","E","T","E","M","R","M","?","R","B",null,"M","?","M","$","M"],"character_chosen":"IRONCLAD","items_purchased":["Shuriken","Fruit Juice","Immolate"],"campfire_rested":0,"item_purchase_floors":[21,21,21],"current_hp_per_floor":[80,80,60,63,68,75,75,29,29,19,20,20,26,8,8,17,90,73,18,12,17,0],"gold":17,"neow_bonus":"RANDOM_COLORLESS","is_prod":false,"is_daily":false,"chose_seed":false,"campfire_upgraded":3,"win_rate":0,"timestamp":1569520815,"path_taken":["M","M","?","M","M","E","R","E","T","E","M","R","M","?","R","BOSS","M","?","M","$","M"],"build_version":"2019-09-25","purchased_purges":0,"victory":false,"max_hp_per_floor":[80,80,80,80,80,90,90,90,90,90,90,90,90,90,90,90,90,90,90,90,95,95],"card_choices":[{"not_picked":["Dark Shackles","Good Instincts"],"picked":"Finesse","floor":0.0},{"not_picked":["Twin Strike","Anger"],"picked":"Pommel Strike","floor":1.0},{"not_picked":["Wild Strike","Rupture"],"picked":"Fire Breathing","floor":2.0},{"not_picked":["Heavy Blade","Twin Strike"],"picked":"Sword Boomerang","floor":4.0},{"not_picked":["True Grit","Entrench"],"picked":"Warcry","floor":5.0},{"not_picked":["Clash","Heavy Blade"],"picked":"Ghostly Armor","floor":6.0},{"not_picked":["Cleave","Berserk"],"picked":"Disarm","floor":8.0},{"not_picked":["Clothesline","Entrench"],"picked":"Reaper","floor":10.0},{"not_picked":["Metallicize","Pommel Strike"],"picked":"Power Through","floor":11.0},{"not_picked":["Carnage","Clothesline"],"picked":"Wild Strike","floor":13.0},{"not_picked":["Berserk","Dark Embrace"],"picked":"Brutality","floor":16.0},{"not_picked":["Inflame","Headbutt"],"picked":"Feel No Pain","floor":18.0},{"not_picked":["Shrug It Off","Wild Strike"],"picked":"Headbutt","floor":19},{"not_picked":["Inflame","Iron Wave+1"],"picked":"Evolve","floor":20}],"player_experience":286703,"relics_obtained":[{"floor":6.0,"key":"Pear"},{"floor":8.0,"key":"Matryoshka"},{"floor":9.0,"key":"Bottled Flame"},{"floor":9.0,"key":"Dodecahedron"},{"floor":10.0,"key":"Pantograph"},{"floor":19,"key":"Red Mask"}],"event_choices":[{"damage_healed":0.0,"max_hp_gain":0.0,"max_hp_loss":0.0,"gold_gain":0.0,"event_name":"Golden Idol","player_choice":"Take Damage","floor":3.0,"gold_loss":0.0,"damage_taken":20.0,"relics_obtained":["Golden Idol"]},{"damage_healed":0.0,"max_hp_gain":0.0,"max_hp_loss":0.0,"gold_gain":0.0,"event_name":"Shining Light","player_choice":"Entered Light","floor":14.0,"gold_loss":0.0,"damage_taken":18.0,"cards_upgraded":["Defend_R","Defend_R"]},{"damage_healed":0,"gold_gain":0,"player_choice":"Fought Bandits","damage_taken":0,"max_hp_gain":0,"max_hp_loss":0,"event_name":"Masked Bandits","floor":19,"gold_loss":0}],"is_beta":true,"boss_relics":[{"not_picked":["Empty Cage","Ectoplasm"],"picked":"Astrolabe"}],"items_purged_floors":[],"is_endless":false,"potions_floor_spawned":[1,8,10,11,13,20],"killed_by":"Shelled Parasite and Fungi","ascension_level":4}