{"gold_per_floor":[215,230,180,180,193,221,221,250,285,297,319,331,74,74,74,148,148,164,19,19,31,44,75,95,95,95,95,114,114,114,141,141,141],"floor_reached":33,"playtime":1212,"items_purged":["Strike_B"],"score":483,"play_id":"95fdeac1-dc7c-4901-a843-3daa325a1f52","local_time":"20190903151220","is_ascension_mode":true,"campfire_choices":[{"data":"Defragment","floor":7,"key":"SMITH"},{"floor":10,"key":"REST"},{"data":"Zap","floor":15,"key":"SMITH"},{"data":"Biased Cognition","floor":25,"key":"SMITH"},{"data":"Stack","floor":27,"key":"SMITH"},{"data":"Undo","floor":29,"key":"SMITH"},{"floor":32,"key":"REST"}],"neow_cost":"NONE","seed_source_timestamp":91968102238900,"circlet_count":0,"master_deck":["AscendersBane","Strike_B","Defend_B","Defend_B","Defend_B","Defend_B","Zap+1","Dualcast","Cold Snap","Undo+1","White Noise+1","Defragment+1","Machine Learning","Conserve Battery","Biased Cognition+1","Gash","Gash","Ball Lightning","Stack+1","Cold Snap"],"relics":["Cracked Core","Regal Pillow","MawBank","Anchor","OrangePellets","Orrery","PreservedInsect","Darkstone Periapt","Lantern","Bronze Scales"],"potions_floor_usage":[33],"damage_taken":[{"damage":2,"enemies":"Jaw Worm","floor":1,"turns":3},{"damage":3,"enemies":"Small Slimes","floor":2,"turns":3},{"damage":2,"enemies":"2 Louse","floor":5,"turns":2},{"damage":19,"enemies":"Lagavulin","floor":6,"turns":9},{"damage":19,"enemies":"Gremlin Nob","floor":8,"turns":5},{"damage":8,"enemies":"Lots of Slimes","floor":11,"turns":3},{"damage":22,"enemies":"The Guardian","floor":16,"turns":12},{"damage":2,"enemies":"Shell Parasite","floor":18,"turns":5},{"damage":0,"enemies":"Chosen","floor":21,"turns":5},{"damage":9,"enemies":"Snake Plant","floor":22,"turns":5},{"damage":9,"enemies":"Slavers","floor":23,"turns":5},{"damage":9,"enemies":"Centurion and Healer","floor":24,"turns":6},{"damage":0,"enemies":"Shelled Parasite and Fungi","floor":28,"turns":5},{"damage":4,"enemies":"Book of Stabbing","floor":31,"turns":5},{"damage":89,"enemies":"Collector","floor":33,"turns":11}],"seed_played":"-6687159960683005594","potions_obtained":[{"floor":2,"key":"LiquidBronze"},{"floor":5,"key":"Explosive Potion"},{"floor":6,"key":"Dexterity Potion"},{"floor":31,"key":"FocusPotion"}],"is_trial":false,"path_per_floor":["M","M","?","?","M","E","R","E","T","R","M","?","$","?","R","B",null,"M","$","?","M","M","E","M","R","T","R","M","R","?","E","R","B"],"character_chosen":"DEFECT","items_purchased":["OrangePellets","PreservedInsect"],"campfire_rested":2,"item_purchase_floors":[13,19],"current_hp_per_floor":[66,63,63,68,66,47,47,28,28,67,59,59,59,59,59,37,69,67,67,67,67,58,49,40,40,40,40,40,40,40,36,75,0],"gold":141,"neow_bonus":"HUNDRED_GOLD","is_prod":false,"is_daily":false,"chose_seed":false,"campfire_upgraded":5,"win_rate":0,"timestamp":1567519940,"path_taken":["M","M","?","?","M","E","R","E","T","R","M","?","$","?","R","BOSS","M","?","?","M","M","E","M","R","T","R","M","R","?","E","R","BOSS"],"build_version":"2019-07-17","purchased_purges":1,"victory":false,"max_hp_per_floor":[75,75,75,80,80,80,80,80,80,80,80,80,80,80,80,80,80,80,80,80,80,80,80,80,80,80,80,80,80,80,80,80,80],"card_choices":[{"not_picked":["Redo","Reprogram"],"picked":"Cold Snap","floor":1},{"not_picked":["Self Repair","Lockon"],"picked":"Undo","floor":2},{"not_picked":["Rebound","Redo"],"picked":"White Noise","floor":5},{"not_picked":["Gash","Barrage"],"picked":"Defragment","floor":6},{"not_picked":["Skim","Hologram"],"picked":"Machine Learning","floor":8},{"not_picked":["Streamline","Beam Cell"],"picked":"Conserve Battery","floor":11},{"not_picked":["Creative AI","Hyperbeam"],"picked":"Biased Cognition","floor":16},{"not_picked":["Streamline","Stack"],"picked":"Gash","floor":17},{"not_picked":["Darkness","Streamline"],"picked":"Gash","floor":17},{"not_picked":["Barrage","Undo"],"picked":"Ball Lightning","floor":17},{"not_picked":["Hello World","Redo"],"picked":"Stack","floor":17},{"not_picked":["Tempest","Go for the Eyes"],"picked":"Cold Snap","floor":17},{"not_picked":["Rebound","Fission","Scrape"],"picked":"SKIP","floor":18},{"not_picked":["Cold Snap","Hologram","Redo"],"picked":"SKIP","floor":21},{"not_picked":["Leap","Darkness","Go for the Eyes"],"picked":"SKIP","floor":22},{"not_picked":["Redo","Sweeping Beam","Hello World+1"],"picked":"SKIP","floor":23},{"not_picked":["Turbo","Leap","Streamline"],"picked":"SKIP","floor":24},{"not_picked":["Compile Driver","Rebound","Turbo"],"picked":"SKIP","floor":28},{"not_picked":["Gash","Fission","Compile Driver"],"picked":"SKIP","floor":31}],"player_experience":226391,"relics_obtained":[{"floor":6,"key":"Regal Pillow"},{"floor":8,"key":"MawBank"},{"floor":9,"key":"Anchor"},{"floor":23,"key":"Darkstone Periapt"},{"floor":26,"key":"Lantern"},{"floor":31,"key":"Bronze Scales"}],"event_choices":[{"cards_removed":["Strike_B"],"damage_healed":0,"gold_gain":0,"player_choice":"Card Removal","damage_taken":0,"max_hp_gain":0,"max_hp_loss":0,"event_name":"The Cleric","floor":3,"gold_loss":50},{"damage_healed":0,"gold_gain":0,"player_choice":"Donut","damage_taken":0,"max_hp_gain":5,"max_hp_loss":0,"event_name":"Big Fish","floor":4,"gold_loss":0},{"damage_healed":0,"gold_gain":0,"player_choice":"Grow","damage_taken":0,"max_hp_gain":0,"max_hp_loss":0,"event_name":"Living Wall","floor":12,"gold_loss":0,"cards_upgraded":["White Noise"]},{"cards_removed":["Strike_B"],"damage_healed":0,"gold_gain":0,"player_choice":"Purged","damage_taken":0,"max_hp_gain":0,"max_hp_loss":0,"event_name":"Purifier","floor":14,"gold_loss":0},{"damage_healed":0,"gold_gain":0,"player_choice":"Ignored","damage_taken":0,"max_hp_gain":0,"max_hp_loss":0,"event_name":"Vampires","floor":20,"gold_loss":0},{"damage_healed":0,"gold_gain":0,"player_choice":"0 cards matched","damage_taken":0,"max_hp_gain":0,"max_hp_loss":0,"event_name":"Match and Keep!","floor":30,"gold_loss":0,"cards_obtained":[]}],"is_beta":false,"boss_relics":[{"not_picked":["Lizard Tail","Black Star"],"picked":"Orrery"}],"items_purged_floors":[13],"is_endless":false,"potions_floor_spawned":[2,5,6,8,21,24,31],"killed_by":"Collector","ascension_level":13}