{"path_per_floor":["M","M","?","M","T","E","?","R","T","E","$","E","R","M","R","B",null,"M","M","M","$","$","R","M","$","T","M","R"],"character_chosen":"IRONCLAD","items_purchased":["Pear"],"gold_per_floor":[17,30,30,50,50,88,88,88,88,123,48,82,82,97,97,221,221,235,259,275,30,30,30,48,48,71,89,89,89],"floor_reached":29,"campfire_rested":3,"playtime":1531,"current_hp_per_floor":[78,80,80,80,80,33,38,63,63,51,51,49,49,31,31,8,66,60,48,28,38,38,66,36,36,36,26,54,0],"items_purged":["Injury"],"gold":89,"score":329,"play_id":"79448d61-37bd-49ff-819c-e78f56dbfd95","local_time":"20180402050232","is_prod":false,"is_daily":false,"is_ascension_mode":true,"campfire_upgraded":2,"timestamp":1522612952,"path_taken":["M","M","?","?","?","E","?","R","T","E","$","E","R","M","R","BOSS","M","?","?","?","$","R","M","$","T","?","R","E"],"build_version":"2018-03-29v2","purchased_purges":1,"victory":false,"master_deck":["Strike_R","Strike_R","Strike_R","Strike_R","Defend_R","Defend_R","Defend_R+1","Bash","Rampage+1","Dual Wield+1","Pommel Strike","Sentinel","True Grit+1","Warcry","Demon Form","Ghostly Armor+1"],"max_hp_per_floor":[80,80,80,80,80,80,85,85,85,85,85,85,85,85,85,85,85,85,85,85,95,95,95,95,95,95,95,95,95],"relics":["Burning Blood","Golden Idol","Sundial","Happy Flower","Mercury Hourglass","Matryoshka","Bottled Flame","Runic Dome","Pear","War Paint","Blood Vial"],"card_choices":[{"not_picked":["Flex","Hemokinesis"],"picked":"Rampage","floor":1},{"not_picked":["Blood for Blood","Uppercut"],"picked":"Dual Wield","floor":2},{"not_picked":["Perfected Strike","Bloodletting"],"picked":"Pommel Strike","floor":6},{"not_picked":["Pummel","Carnage"],"picked":"Sentinel","floor":10},{"not_picked":["Iron Wave","Perfected Strike"],"picked":"True Grit","floor":12},{"not_picked":["Dual Wield","Body Slam"],"picked":"Warcry","floor":14},{"not_picked":["Fiend Fire","Limit Break"],"picked":"Demon Form","floor":16},{"not_picked":["Fire Breathing","Rampage"],"picked":"Ghostly Armor","floor":19}],"player_experience":119803,"potions_floor_usage":[6,12,16,16],"damage_taken":[{"damage":8,"enemies":"2 Louse","floor":1,"turns":2},{"damage":4,"enemies":"Small Slimes","floor":2,"turns":3},{"damage":1,"enemies":"Cultist","floor":4,"turns":3},{"damage":53,"enemies":"Lagavulin","floor":6,"turns":7},{"damage":18,"enemies":"Gremlin Nob","floor":10,"turns":3},{"damage":8,"enemies":"3 Sentries","floor":12,"turns":4},{"damage":24,"enemies":"Exordium Thugs","floor":14,"turns":4},{"damage":29,"enemies":"Slime Boss","floor":16,"turns":11},{"damage":12,"enemies":"3 Byrds","floor":18,"turns":4},{"damage":18,"enemies":"2 Thieves","floor":19,"turns":4},{"damage":26,"enemies":"Snecko","floor":20,"turns":5},{"damage":36,"enemies":"Snake Plant","floor":24,"turns":5},{"damage":18,"enemies":"Centurion and Healer","floor":27,"turns":8},{"damage":60,"enemies":"Book of Stabbing","floor":29,"turns":4}],"event_choices":[{"event_name":"Golden Idol","player_choice":"Take Wound","floor":3,"damage_taken":0},{"event_name":"Big Fish","player_choice":"Donut","floor":7,"damage_taken":0}],"boss_relics":[{"not_picked":["Pandora\u0027s Box","Eternal Feather"],"picked":"Runic Dome"}],"potions_floor_spawned":[1,6,12,14,18,24,27],"seed_played":"-6681901594975611297","killed_by":"Book of Stabbing","ascension_level":5,"is_trial":false}