{"gold_per_floor":[359,309,227,237,255,255,180,193,272,272,284,284,298,327,327,425,425,441,341,360,360,375,406,406,433,460,474,474,273,372,372,372,372],"floor_reached":33,"playtime":1188,"items_purged":["Strike_B","Strike_B","Strike_B"],"score":371,"play_id":"bffc98bc-e78a-4a2f-89c6-4a8099fcc33b","local_time":"20190604180121","is_ascension_mode":true,"campfire_choices":[{"data":"Zap","floor":6,"key":"SMITH"},{"data":"Dualcast","floor":12,"key":"SMITH"},{"data":"Reboot","floor":15,"key":"SMITH"},{"floor":24,"key":"REST"},{"floor":28,"key":"REST"},{"data":"Biased Cognition","floor":32,"key":"SMITH"}],"neow_cost":"TEN_PERCENT_HP_LOSS","seed_source_timestamp":1226631052156200,"circlet_count":0,"master_deck":["Defend_B","Defend_B+1","Defend_B","Defend_B+1","Zap+1","Dualcast+1","Cold Snap+1","Storm","Conserve Battery+1","Reboot+1","Core Surge+1","Biased Cognition+1","Chill","BootSequence","Self Repair+1","Defragment"],"relics":["Cracked Core","War Paint","Tiny Chest","Whetstone","Calling Bell","PreservedInsect","Gremlin Horn","Prayer Wheel","Pear","Blue Candle","Oddly Smooth Stone"],"potions_floor_usage":[14,16,23,33],"damage_taken":[{"damage":2,"enemies":"Jaw Worm","floor":1,"turns":3},{"damage":0,"enemies":"2 Louse","floor":4,"turns":4},{"damage":0,"enemies":"Cultist","floor":5,"turns":4},{"damage":0,"enemies":"3 Louse","floor":8,"turns":3},{"damage":12,"enemies":"Lots of Slimes","floor":11,"turns":4},{"damage":0,"enemies":"Exordium Wildlife","floor":13,"turns":2},{"damage":12,"enemies":"Gremlin Nob","floor":14,"turns":3},{"damage":20,"enemies":"Hexaghost","floor":16,"turns":13},{"damage":12,"enemies":"Chosen","floor":18,"turns":6},{"damage":0,"enemies":"Spheric Guardian","floor":20,"turns":3},{"damage":12,"enemies":"Colosseum Slavers","floor":21,"turns":4},{"damage":5,"enemies":"Snecko","floor":22,"turns":7},{"damage":12,"enemies":"Book of Stabbing","floor":23,"turns":5},{"damage":11,"enemies":"Gremlin Leader","floor":25,"turns":8},{"damage":0,"enemies":"Centurion and Healer","floor":27,"turns":10},{"damage":68,"enemies":"Automaton","floor":33,"turns":12}],"seed_played":"-8081582432817312099","potions_obtained":[{"floor":4,"key":"FocusPotion"},{"floor":8,"key":"Strength Potion"},{"floor":16,"key":"Explosive Potion"},{"floor":18,"key":"PowerPotion"},{"floor":25,"key":"Weak Potion"},{"floor":27,"key":"Dexterity Potion"}],"is_trial":false,"path_per_floor":["M","?","?","M","M","R","$","M","T","?","M","R","M","E","R","B",null,"M","$","M","?","M","E","R","E","T","M","R","$","?","?","R","B"],"character_chosen":"DEFECT","items_purchased":["Defragment"],"campfire_rested":2,"item_purchase_floors":[29],"current_hp_per_floor":[66,66,66,66,66,66,66,66,66,66,54,54,54,42,42,22,57,45,45,45,33,28,26,49,38,38,38,61,61,61,61,61,0],"gold":372,"neow_bonus":"TWO_FIFTY_GOLD","is_prod":false,"is_daily":false,"chose_seed":false,"campfire_upgraded":4,"win_rate":0,"timestamp":1559667681,"path_taken":["M","?","?","M","?","R","$","M","T","?","M","R","M","E","R","BOSS","M","?","?","?","M","E","R","E","T","M","R","$","?","?","R","BOSS"],"build_version":"2019-01-23","purchased_purges":3,"victory":false,"max_hp_per_floor":[68,68,68,68,68,68,68,68,68,68,68,68,68,68,68,68,68,68,68,68,68,68,78,78,78,78,78,78,78,78,78,78,78],"card_choices":[{"not_picked":["Beam Cell","Barrage"],"picked":"Cold Snap","floor":1},{"not_picked":["Sweeping Beam","Stack"],"picked":"Storm","floor":4},{"not_picked":["Beam Cell","Steam"],"picked":"Conserve Battery","floor":5},{"not_picked":["Conserve Battery","Go for the Eyes","Barrage"],"picked":"SKIP","floor":8},{"not_picked":["Doom and Gloom","Go for the Eyes"],"picked":"Reboot","floor":11},{"not_picked":["Redo","Conserve Battery","Stack"],"picked":"SKIP","floor":13},{"not_picked":["Redo","Beam Cell"],"picked":"Core Surge","floor":14},{"not_picked":["Hyperbeam","Meteor Strike"],"picked":"Biased Cognition","floor":16},{"not_picked":["Rebound","FTL","Rip and Tear"],"picked":"SKIP","floor":18},{"not_picked":["Conserve Battery","Lockon","Sweeping Beam+1"],"picked":"SKIP","floor":18},{"not_picked":["Recycle","Barrage"],"picked":"Chill","floor":20},{"not_picked":["Barrage","Ball Lightning+1","Fusion"],"picked":"SKIP","floor":20},{"not_picked":["Doom and Gloom","Ball Lightning"],"picked":"BootSequence","floor":22},{"not_picked":["Steam+1","Streamline+1","Recycle"],"picked":"SKIP","floor":22},{"not_picked":["Compile Driver","Leap","Beam Cell"],"picked":"SKIP","floor":23},{"not_picked":["Multi-Cast","Aggregate","Lockon"],"picked":"SKIP","floor":25},{"not_picked":["Cold Snap","Barrage"],"picked":"Self Repair+1","floor":27},{"not_picked":["Static Discharge+1","Barrage","Steam Power+1"],"picked":"SKIP","floor":27}],"player_experience":127237,"relics_obtained":[{"floor":9,"key":"Tiny Chest"},{"floor":14,"key":"Whetstone"},{"floor":17,"key":"PreservedInsect"},{"floor":17,"key":"Gremlin Horn"},{"floor":17,"key":"Prayer Wheel"},{"floor":23,"key":"Pear"},{"floor":25,"key":"Blue Candle"},{"floor":26,"key":"Oddly Smooth Stone"}],"event_choices":[{"cards_removed":["Strike_B"],"damage_healed":0,"gold_gain":0,"player_choice":"Card Removal","damage_taken":0,"max_hp_gain":0,"max_hp_loss":0,"event_name":"The Cleric","floor":2,"gold_loss":50},{"damage_healed":0,"gold_gain":0,"player_choice":"Paid Gold","damage_taken":0,"relics_obtained":["War Paint"],"max_hp_gain":0,"max_hp_loss":0,"event_name":"WeMeetAgain","floor":3,"gold_loss":82},{"damage_healed":0,"gold_gain":0,"player_choice":"Upgraded","damage_taken":0,"max_hp_gain":0,"max_hp_loss":0,"event_name":"Upgrade Shrine","floor":10,"gold_loss":0,"cards_upgraded":["Conserve Battery"]},{"damage_healed":0,"gold_gain":0,"player_choice":"Fight","damage_taken":0,"max_hp_gain":0,"max_hp_loss":0,"event_name":"Colosseum","floor":21,"gold_loss":0},{"damage_healed":0,"gold_gain":0,"player_choice":"Fled From Nobs","damage_taken":0,"max_hp_gain":0,"max_hp_loss":0,"event_name":"Colosseum","floor":21,"gold_loss":0},{"damage_healed":0,"gold_gain":99,"player_choice":"Stole From Cult","damage_taken":0,"max_hp_gain":0,"max_hp_loss":0,"event_name":"Nest","floor":30,"gold_loss":0},{"damage_healed":0,"gold_gain":0,"player_choice":"Ignored","damage_taken":0,"max_hp_gain":0,"max_hp_loss":0,"event_name":"Ghosts","floor":31,"gold_loss":0}],"is_beta":false,"boss_relics":[{"not_picked":["Empty Cage","Velvet Choker"],"picked":"Calling Bell"}],"items_purged_floors":[7,19,29],"is_endless":false,"potions_floor_spawned":[4,8,16,18,25,27],"killed_by":"Automaton","ascension_level":6}