{"path_per_floor":["M","M","M","M","M","R","$","?","T","?","M","E","M","M","R","B",null,"M","?","?","M","?","R","M","M","T","M","R","?","M","$","R","B",null,"M","?","?","M","$","M","M","R","T","?","?","$","?","M","R","B"],"character_chosen":"DEFECT","items_purchased":["Echo Form","Barrage","Shuriken","Thunder Strike","Capacitor","Chaos","Capacitor"],"gold_per_floor":[114,129,142,157,172,172,23,23,23,23,37,70,88,109,109,239,239,232,232,332,356,356,356,371,391,414,432,432,382,397,50,50,181,181,197,197,197,215,5,30,44,44,69,69,69,15,15,38,38,38],"floor_reached":51,"campfire_rested":2,"playtime":4028,"current_hp_per_floor":[67,62,59,54,52,52,52,52,52,45,30,47,44,42,42,27,85,67,42,42,36,36,36,33,33,33,24,42,42,36,36,36,25,42,42,32,32,36,36,42,36,36,36,36,31,31,31,33,42,27],"items_purged":["Writhe"],"gold":38,"score":678,"play_id":"38692cba-1c11-4909-8adc-7d393e819a31","local_time":"20180513171432","is_prod":false,"is_daily":false,"chose_seed":false,"is_ascension_mode":false,"campfire_upgraded":5,"timestamp":1526199272,"path_taken":["M","M","M","M","M","R","$","?","T","?","?","E","M","?","R","BOSS","M","?","?","M","?","R","M","M","T","M","R","?","M","$","R","BOSS","M","?","?","M","$","M","M","R","T","?","?","?","?","?","R","BOSS"],"build_version":"2018-05-12v2","seed_source_timestamp":339760917903053,"purchased_purges":2,"victory":true,"master_deck":["Strike_B","Strike_B","Strike_B","Strike_B","Defend_B","Defend_B+1","Defend_B","Defend_B","Zap","Dualcast+1","Meteor Strike+1","BootSequence","Genetic Algorithm","Rebound","Beam Cell","Leap","Echo Form","Injury","Leap","Electrodynamics+1","Chaos+1","Loop","Fusion","Ghostly","Ghostly","Ghostly","Ghostly","Ghostly","Reinforced Body+1","Capacitor+1","BootSequence+1","Gash","Sweeping Beam","Barrage","Echo Form","Coolheaded+1","Master of Strategy","Bandage Up","Blind+1","Skim+1","Thunder Strike","Capacitor","Static Discharge+1","Madness","Madness","Capacitor","Chaos+1"],"max_hp_per_floor":[75,75,75,75,75,75,75,75,75,75,75,85,85,85,85,85,85,85,42,42,42,42,42,42,42,42,42,42,42,42,42,42,42,42,42,42,42,42,42,42,42,42,42,42,42,42,42,42,42,42],"relics":["Cracked Core","Golden Idol","Bottled Tornado","Regal Pillow","Pear","Black Star","Meat on the Bone","War Paint","Shuriken","Nuclear Battery","Omamori"],"card_choices":[{"not_picked":["Steam","Steam Power"],"picked":"BootSequence","floor":1},{"not_picked":["Redo","Reprogram"],"picked":"Genetic Algorithm","floor":2},{"not_picked":["Hologram","Skim"],"picked":"Rebound","floor":3},{"not_picked":["Cold Snap","Capacitor"],"picked":"Beam Cell","floor":4},{"not_picked":["Capacitor","Tempest"],"picked":"Leap","floor":5},{"not_picked":["Steam","FTL"],"picked":"Leap","floor":11},{"not_picked":["Rip and Tear","Sweeping Beam"],"picked":"Electrodynamics","floor":12},{"not_picked":["Ball Lightning","Reprogram"],"picked":"Chaos","floor":13},{"not_picked":["Rebound","Hello World"],"picked":"Loop","floor":14},{"not_picked":["Biased Cognition","Nova"],"picked":"Fusion","floor":16},{"not_picked":["Cold Snap","Chaos","Coolheaded+1"],"picked":"SKIP","floor":18},{"not_picked":["Skim","Rebound"],"picked":"Reinforced Body+1","floor":21},{"not_picked":["Hologram","Skim+1"],"picked":"Capacitor","floor":24},{"not_picked":["Heatsinks","Hologram"],"picked":"BootSequence+1","floor":25},{"not_picked":["Recycle","Go for the Eyes"],"picked":"Gash","floor":27},{"not_picked":["Beam Cell","Rebound+1"],"picked":"Sweeping Beam","floor":30},{"not_picked":["Biased Cognition","Meteor Strike"],"picked":"Echo Form","floor":33},{"not_picked":["Hologram","Hello World"],"picked":"Coolheaded+1","floor":35},{"not_picked":["Deep Breath","Dark Shackles"],"picked":"Master of Strategy","floor":36},{"not_picked":["Madness","Mind Blast"],"picked":"Bandage Up","floor":36},{"not_picked":["Flash of Steel","Secret Weapon"],"picked":"Blind","floor":36},{"not_picked":["Cold Snap+1","Hologram+1"],"picked":"Skim+1","floor":38},{"not_picked":["Skim+1","Ball Lightning+1"],"picked":"Static Discharge","floor":40},{"not_picked":["Cold Snap+1","Blizzard+1","Axe Kick+1"],"picked":"SKIP","floor":41},{"not_picked":["Rip and Tear","Axe Kick"],"picked":"Chaos+1","floor":48}],"player_experience":75952,"potions_floor_usage":[12,16,18,33,50,50,50],"damage_taken":[{"damage":8,"enemies":"Jaw Worm","floor":1,"turns":3},{"damage":5,"enemies":"2 Louse","floor":2,"turns":3},{"damage":3,"enemies":"Cultist","floor":3,"turns":4},{"damage":5,"enemies":"Looter","floor":4,"turns":3},{"damage":2,"enemies":"Blue Slaver","floor":5,"turns":3},{"damage":15,"enemies":"Lots of Slimes","floor":11,"turns":5},{"damage":8,"enemies":"Lagavulin","floor":12,"turns":7},{"damage":3,"enemies":"Red Slaver","floor":13,"turns":4},{"damage":2,"enemies":"Blue Slaver","floor":14,"turns":5},{"damage":15,"enemies":"Slime Boss","floor":16,"turns":10},{"damage":18,"enemies":"2 Thieves","floor":18,"turns":4},{"damage":6,"enemies":"Spheric Guardian","floor":21,"turns":6},{"damage":3,"enemies":"Snake Plant","floor":24,"turns":8},{"damage":0,"enemies":"Snecko","floor":25,"turns":5},{"damage":9,"enemies":"3 Cultists","floor":27,"turns":9},{"damage":6,"enemies":"Cultist and Chosen","floor":30,"turns":10},{"damage":23,"enemies":"Collector","floor":33,"turns":13},{"damage":0,"enemies":"3 Shapes","floor":35,"turns":6},{"damage":0,"enemies":"3 Darklings","floor":38,"turns":8},{"damage":2,"enemies":"Sphere and 2 Shapes","floor":40,"turns":10},{"damage":14,"enemies":"Flame Bruiser 2 Orb","floor":41,"turns":6},{"damage":14,"enemies":"Maw","floor":48,"turns":12},{"damage":27,"enemies":"Donu and Deca","floor":50,"turns":16}],"event_choices":[{"event_name":"Golden Idol","player_choice":"Take Wound","floor":8,"damage_taken":0},{"event_name":"Scrap Ooze","player_choice":"success","floor":10,"damage_taken":7},{"event_name":"Ghosts","player_choice":"Became a Ghost","floor":19,"damage_taken":0},{"event_name":"Golden Shrine","player_choice":"Pray","floor":20,"damage_taken":0},{"event_name":"The Mausoleum","player_choice":"Yes","floor":22,"damage_taken":0},{"event_name":"The Joust","player_choice":"Bet on Owner","floor":29,"damage_taken":0},{"event_name":"SensoryStone","player_choice":"Memory 3","floor":36,"damage_taken":0},{"event_name":"Tomb of Lord Red Mask","player_choice":"Ignored","floor":37,"damage_taken":0},{"event_name":"Winding Halls","player_choice":"Embrace Madness","floor":45,"damage_taken":0},{"event_name":"Upgrade Shrine","player_choice":"Upgraded","floor":47,"damage_taken":0}],"boss_relics":[{"not_picked":["Snecko Eye","Eternal Feather"],"picked":"Black Star"},{"not_picked":["Calling Bell","Velvet Choker"],"picked":"Nuclear Battery"}],"potions_floor_spawned":[1,3,13,14,21,27,30,33,40],"seed_played":"2380381579331574239","ascension_level":0,"is_trial":false}