{"gold_per_floor":[116,116,41,59,71,82,103,103,103,103,98,116,16,34,34,157,157,171,270,270,293,293,336,336,336],"floor_reached":25,"playtime":893,"items_purged":["Strike_R","Defend_R"],"score":224,"play_id":"b05d26a5-0f80-4ae1-8888-b5b18eab4fe3","local_time":"20190816152209","is_ascension_mode":true,"campfire_choices":[{"data":"Cleave","floor":10,"key":"SMITH"},{"floor":15,"key":"REST"},{"floor":24,"key":"REST"}],"neow_cost":"NONE","seed_source_timestamp":96455156917200,"circlet_count":0,"master_deck":["Strike_R","Strike_R","Strike_R","Defend_R","Defend_R","Defend_R","Bash+1","Cleave+1","Writhe"],"relics":["Burning Blood","Orichalcum","Odd Mushroom","Golden Idol","Bottled Flame","Mark of Pain","Question Card","Strawberry"],"potions_floor_usage":[16,23,23,25],"damage_taken":[{"damage":0,"enemies":"Small Slimes","floor":1,"turns":4},{"damage":4,"enemies":"Cultist","floor":4,"turns":4},{"damage":0,"enemies":"2 Louse","floor":5,"turns":2},{"damage":8,"enemies":"Blue Slaver","floor":6,"turns":4},{"damage":23,"enemies":"The Mushroom Lair","floor":7,"turns":4},{"damage":18,"enemies":"Exordium Thugs","floor":11,"turns":4},{"damage":0,"enemies":"Large Slime","floor":12,"turns":5},{"damage":0,"enemies":"Lots of Slimes","floor":14,"turns":2},{"damage":40,"enemies":"Slime Boss","floor":16,"turns":7},{"damage":19,"enemies":"3 Byrds","floor":18,"turns":6},{"damage":26,"enemies":"Shell Parasite","floor":21,"turns":5},{"damage":66,"enemies":"Slavers","floor":23,"turns":7},{"damage":41,"enemies":"Gremlin Leader","floor":25,"turns":5}],"seed_played":"-3776804328516289379","potions_obtained":[{"floor":1,"key":"FearPotion"},{"floor":6,"key":"BloodPotion"},{"floor":11,"key":"Strength Potion"},{"floor":16,"key":"Weak Potion"}],"is_trial":false,"path_per_floor":["M","?","$","M","M","M","?","?","T","R","M","M","$","M","R","B",null,"M","?","?","M","?","E","R","E"],"character_chosen":"IRONCLAD","items_purchased":[],"campfire_rested":2,"item_purchase_floors":[],"current_hp_per_floor":[80,80,80,80,80,78,61,41,41,41,29,35,35,41,65,31,80,67,67,67,47,47,14,40,0],"gold":336,"neow_bonus":"RANDOM_COMMON_RELIC","is_prod":false,"is_daily":false,"chose_seed":false,"campfire_upgraded":1,"win_rate":0,"timestamp":1565961729,"path_taken":["M","?","?","?","M","M","?","?","T","R","?","M","$","M","R","BOSS","M","?","?","?","?","E","R","E"],"build_version":"2019-07-17","purchased_purges":2,"victory":false,"max_hp_per_floor":[80,80,80,80,80,80,80,80,80,80,80,80,80,80,80,80,80,80,80,80,80,80,87,87,87],"card_choices":[{"not_picked":["Fire Breathing","Clothesline"],"picked":"Cleave","floor":1},{"not_picked":["Infernal Blade","Clothesline","Hemokinesis"],"picked":"SKIP","floor":4},{"not_picked":["Headbutt","Whirlwind","Warcry"],"picked":"SKIP","floor":5},{"not_picked":["Battle Trance","Warcry","Dual Wield"],"picked":"SKIP","floor":6},{"not_picked":["Perfected Strike","Pummel","Clash"],"picked":"SKIP","floor":11},{"not_picked":["Pommel Strike","Anger","Entrench"],"picked":"SKIP","floor":12},{"not_picked":["Heavy Blade","Cleave","Sword Boomerang"],"picked":"SKIP","floor":14},{"not_picked":["Clothesline","Warcry","Havoc+1"],"picked":"SKIP","floor":18},{"not_picked":["Warcry","Barricade","Perfected Strike"],"picked":"SKIP","floor":21},{"not_picked":["Exhume","Warcry","Power Through+1","Clash"],"picked":"SKIP","floor":23}],"player_experience":116204,"relics_obtained":[{"floor":7,"key":"Odd Mushroom"},{"floor":9,"key":"Bottled Flame"},{"floor":23,"key":"Strawberry"}],"event_choices":[{"cards_removed":["Strike_R"],"damage_healed":0,"gold_gain":0,"player_choice":"Purged","damage_taken":0,"max_hp_gain":0,"max_hp_loss":0,"event_name":"Purifier","floor":2,"gold_loss":0},{"damage_healed":0,"gold_gain":0,"player_choice":"Fought Mushrooms","damage_taken":0,"max_hp_gain":0,"max_hp_loss":0,"event_name":"Mushrooms","floor":7,"gold_loss":0},{"damage_healed":0,"gold_gain":0,"player_choice":"Take Damage","damage_taken":20,"relics_obtained":["Golden Idol"],"max_hp_gain":0,"max_hp_loss":0,"event_name":"Golden Idol","floor":8,"gold_loss":0},{"damage_healed":0,"gold_gain":99,"player_choice":"Stole From Cult","damage_taken":0,"max_hp_gain":0,"max_hp_loss":0,"event_name":"Nest","floor":19,"gold_loss":0},{"damage_healed":0,"gold_gain":0,"player_choice":"Upgraded","damage_taken":0,"max_hp_gain":0,"max_hp_loss":0,"event_name":"Upgrade Shrine","floor":20,"gold_loss":0,"cards_upgraded":["Bash"]},{"damage_healed":0,"gold_gain":0,"player_choice":"Opened","damage_taken":0,"relics_obtained":["Question Card"],"max_hp_gain":0,"max_hp_loss":0,"event_name":"The Mausoleum","floor":22,"gold_loss":0,"cards_obtained":["Writhe"]}],"is_beta":false,"boss_relics":[{"not_picked":["Sozu","Pandora\u0027s Box"],"picked":"Mark of Pain"}],"items_purged_floors":[3,13],"is_endless":false,"potions_floor_spawned":[1,6,11,16,21],"killed_by":"Gremlin Leader","ascension_level":1}