{"gold_per_floor":[112,125,75,90,105,134,134,134,157,171,206,0,18,35,35,137,137,156,175,205,205,51,82,99,99,99,99,115,115,115,129,129,227,227,237,249,524,544,559,559,559,37,37,37,56,56,87,105,105,105],"floor_reached":51,"playtime":2637,"items_purged":["Strike_R"],"score":786,"play_id":"e39f4200-ead6-4750-bea4-c78181d18164","local_time":"20190228045922","is_ascension_mode":false,"campfire_choices":[{"data":"Clothesline","floor":7.0,"key":"SMITH"},{"data":"Power Through","floor":15.0,"key":"SMITH"},{"data":"Heavy Blade","floor":25,"key":"SMITH"},{"data":"Demon Form","floor":27,"key":"SMITH"},{"data":"J.A.X.","floor":30,"key":"SMITH"},{"data":"Uppercut","floor":32,"key":"SMITH"},{"data":"Shrug It Off","floor":40,"key":"SMITH"},{"data":"Mayhem","floor":44,"key":"SMITH"},{"data":"Anger","floor":46,"key":"SMITH"},{"floor":49,"key":"REST"}],"neow_cost":"TEN_PERCENT_HP_LOSS","seed_source_timestamp":0,"circlet_count":0,"master_deck":["Strike_R","Strike_R+1","Defend_R","Defend_R","Defend_R","Bash","Twin Strike","Heavy Blade+1","Shrug It Off+1","Clothesline+1","Reckless Charge","Shrug It Off+1","Whirlwind","Infernal Blade","Reaper","Uppercut+1","Power Through+1","Demon Form+1","Clash+1","J.A.X.+1","Warcry","Reckless Charge+1","Fiend Fire","Bloodletting+1","Regret","Shrug It Off+1","Thunderclap+1","Clumsy","Mayhem+1","Shrug It Off","Anger+1","Doubt","Armaments","Armaments+1","Warcry+1"],"special_seed":0,"relics":["Burning Blood","Anchor","Lantern","Centennial Puzzle","ClockworkSouvenir","Busted Crown","Tiny Chest","Bag of Marbles","Ice Cream","Pen Nib","Cursed Key","Smiling Mask","Brimstone","Champion Belt","Prayer Wheel"],"potions_floor_usage":[16,16,47,48,50,50],"damage_taken":[{"damage":6.0,"enemies":"2 Louse","floor":1.0,"turns":2.0},{"damage":0.0,"enemies":"Small Slimes","floor":2.0,"turns":4.0},{"damage":8.0,"enemies":"Jaw Worm","floor":4.0,"turns":3.0},{"damage":15.0,"enemies":"Exordium Wildlife","floor":5.0,"turns":5.0},{"damage":14.0,"enemies":"Gremlin Nob","floor":6.0,"turns":4.0},{"damage":1.0,"enemies":"2 Fungi Beasts","floor":10.0,"turns":3.0},{"damage":19.0,"enemies":"Lagavulin","floor":11.0,"turns":6.0},{"damage":0.0,"enemies":"Looter","floor":13.0,"turns":2.0},{"damage":9.0,"enemies":"Blue Slaver","floor":14.0,"turns":4.0},{"damage":47,"enemies":"Slime Boss","floor":16,"turns":13},{"damage":0,"enemies":"3 Byrds","floor":18,"turns":3},{"damage":0,"enemies":"2 Thieves","floor":19,"turns":3},{"damage":17,"enemies":"Book of Stabbing","floor":23,"turns":6},{"damage":8,"enemies":"Centurion and Healer","floor":24,"turns":5},{"damage":3,"enemies":"Shelled Parasite and Fungi","floor":28,"turns":4},{"damage":3,"enemies":"Snake Plant","floor":31,"turns":1},{"damage":26,"enemies":"Champ","floor":33,"turns":5},{"damage":3,"enemies":"Orb Walker","floor":35,"turns":2},{"damage":24,"enemies":"3 Darklings","floor":36,"turns":5},{"damage":8,"enemies":"Maw","floor":38,"turns":4},{"damage":33,"enemies":"4 Shapes","floor":39,"turns":7},{"damage":8,"enemies":"Sphere and 2 Shapes","floor":45,"turns":3},{"damage":12,"enemies":"Giant Head","floor":47,"turns":5},{"damage":8,"enemies":"Jaw Worm Horde","floor":48,"turns":3},{"damage":58,"enemies":"Awakened One","floor":50,"turns":5}],"seed_played":"-7748650294887175200","potions_obtained":[{"floor":6.0,"key":"PowerPotion"},{"floor":10.0,"key":"Fruit Juice"},{"floor":13.0,"key":"Energy Potion"},{"floor":16,"key":"SpeedPotion"},{"floor":18,"key":"GamblersBrew"},{"floor":23,"key":"Poison Potion"},{"floor":24,"key":"SteroidPotion"},{"floor":35,"key":"Dexterity Potion"},{"floor":38,"key":"AttackPotion"},{"floor":47,"key":"Poison Potion"}],"is_trial":false,"path_per_floor":["M","M","?","M","M","E","R","?","T","M","E","$","M","M","R","B",null,"M","M","?","?","$","E","M","R","T","R","M","?","R","M","R","B",null,"M","M","?","M","M","R","T","$","T","R","M","R","E","M","R","B",null],"character_chosen":"IRONCLAD","items_purchased":["ClockworkSouvenir","Bag of Marbles","Brimstone","Mayhem","Shrug It Off","Anger"],"campfire_rested":1,"item_purchase_floors":[12,22,42,42,42,42],"current_hp_per_floor":[72,72,72,70,61,53,53,39,39,44,36,36,42,43,43,14,77,77,77,77,77,77,66,77,77,77,77,77,77,77,77,77,57,77,77,77,77,75,58,58,58,58,58,58,74,74,68,66,77,52],"gold":105,"neow_bonus":"TRANSFORM_TWO_CARDS","is_prod":false,"is_daily":false,"chose_seed":false,"campfire_upgraded":9,"win_rate":0,"timestamp":1551347962,"path_taken":["M","M","?","M","M","E","R","?","T","M","E","?","M","M","R","BOSS","M","M","?","?","$","E","M","R","T","R","M","?","R","M","R","BOSS","M","M","?","?","M","R","?","$","T","R","M","R","E","M","R","BOSS"],"build_version":"2019-01-23","purchased_purges":1,"victory":true,"max_hp_per_floor":[72,72,72,72,72,72,72,72,72,72,77,77,77,77,77,77,77,77,77,77,77,77,77,77,77,77,77,77,77,77,77,77,77,77,77,77,77,77,77,77,77,77,77,77,77,77,77,77,77,77],"card_choices":[{"not_picked":["Twin Strike","Sword Boomerang"],"picked":"Shrug It Off","floor":1.0},{"not_picked":["Heavy Blade","Havoc"],"picked":"Clothesline","floor":2.0},{"not_picked":["Havoc","Clothesline"],"picked":"Reckless Charge","floor":4.0},{"not_picked":["Twin Strike","Iron Wave"],"picked":"Shrug It Off","floor":5.0},{"not_picked":["Dropkick","Body Slam"],"picked":"Whirlwind","floor":6.0},{"not_picked":["Cleave","Wild Strike"],"picked":"Infernal Blade","floor":10.0},{"not_picked":["Berserk","Havoc"],"picked":"Reaper","floor":11.0},{"not_picked":["Warcry","Iron Wave"],"picked":"Uppercut","floor":13.0},{"not_picked":["Body Slam","Rampage"],"picked":"Power Through","floor":14.0},{"not_picked":["Exhume","Double Tap"],"picked":"Demon Form","floor":16},{"not_picked":[],"picked":"Clash+1","floor":18},{"not_picked":["Wild Strike"],"picked":"SKIP","floor":19},{"not_picked":["Cleave"],"picked":"SKIP","floor":23},{"not_picked":[],"picked":"Warcry","floor":24},{"not_picked":["Wild Strike"],"picked":"SKIP","floor":28},{"not_picked":[],"picked":"Reckless Charge+1","floor":31},{"not_picked":[],"picked":"Fiend Fire","floor":33},{"not_picked":["Cleave"],"picked":"SKIP","floor":35},{"not_picked":[],"picked":"Bloodletting+1","floor":36},{"not_picked":[],"picked":"Shrug It Off+1","floor":38},{"not_picked":[],"picked":"Thunderclap+1","floor":39},{"not_picked":["Headbutt"],"picked":"SKIP","floor":45},{"not_picked":[],"picked":"Armaments","floor":47},{"not_picked":[],"picked":"Armaments+1","floor":48},{"not_picked":[],"picked":"Warcry+1","floor":48}],"player_experience":418558,"relics_obtained":[{"floor":6.0,"key":"Anchor"},{"floor":9.0,"key":"Lantern"},{"floor":11.0,"key":"Centennial Puzzle"},{"floor":23,"key":"Ice Cream"},{"floor":26,"key":"Pen Nib"},{"floor":41,"key":"Smiling Mask"},{"floor":43,"key":"Champion Belt"},{"floor":47,"key":"Prayer Wheel"}],"event_choices":[{"cards_removed":["Strike_R"],"damage_healed":0.0,"max_hp_gain":0.0,"max_hp_loss":0.0,"gold_gain":0.0,"event_name":"The Cleric","player_choice":"Card Removal","floor":3.0,"gold_loss":50.0,"damage_taken":0.0},{"damage_healed":0.0,"max_hp_gain":0.0,"max_hp_loss":0.0,"gold_gain":0.0,"event_name":"Shining Light","player_choice":"Entered Light","floor":8.0,"gold_loss":0.0,"damage_taken":14.0,"cards_upgraded":["Strike_R","Shrug It Off"]},{"damage_healed":0,"gold_gain":0,"player_choice":"Opened","damage_taken":0,"relics_obtained":["Tiny Chest"],"max_hp_gain":0,"max_hp_loss":0,"event_name":"The Mausoleum","floor":20,"gold_loss":0},{"damage_healed":0,"gold_gain":0,"player_choice":"Obtain J.A.X.","damage_taken":0,"max_hp_gain":0,"max_hp_loss":0,"event_name":"Drug Dealer","floor":21,"gold_loss":0,"cards_obtained":["J.A.X."]},{"damage_healed":0,"gold_gain":0,"player_choice":"Ignored","damage_taken":0,"max_hp_gain":0,"max_hp_loss":0,"event_name":"Ghosts","floor":29,"gold_loss":0},{"damage_healed":0,"gold_gain":275,"player_choice":"Desecrate","damage_taken":0,"max_hp_gain":0,"max_hp_loss":0,"event_name":"Golden Shrine","floor":37,"gold_loss":0,"cards_obtained":["Regret"]}],"is_beta":false,"boss_relics":[{"not_picked":["Orrery","Runic Pyramid"],"picked":"Busted Crown"},{"not_picked":["White Beast Statue","Snecko Eye"],"picked":"Cursed Key"}],"items_purged_floors":[42],"is_endless":false,"potions_floor_spawned":[6,10,13,16,18,23,24,31,35,38,47],"ascension_level":0}