{"gold_per_floor":[118,68,68,68,68,102,102,52,126,51,64,64,97,122,122,253,253,272,197,221,12,12,48,48,72,99,99,133,133,58,58,58,156,156,166,166,179,191,201,201,234,234],"floor_reached":42,"playtime":1439,"items_purged":[],"score":619,"play_id":"42a8d2ae-4041-48f6-b7a8-1378d09119c7","local_time":"20190415112512","is_ascension_mode":true,"campfire_choices":[{"data":"Whirlwind","floor":7.0,"key":"SMITH"},{"data":"Metallicize","floor":12.0,"key":"SMITH"},{"data":"Combust","floor":15.0,"key":"SMITH"},{"data":"True Grit","floor":24,"key":"SMITH"},{"data":"Demon Form","floor":27,"key":"SMITH"},{"floor":32,"key":"REST"},{"data":"Metallicize","floor":40,"key":"SMITH"}],"neow_cost":"NONE","seed_source_timestamp":0,"circlet_count":0,"master_deck":["Strike_R","Strike_R","Defend_R","Defend_R","Bash","Whirlwind+1","Metallicize+1","Combust+1","Fire Breathing+1","Fiend Fire+1","Sentinel+1","Spot Weakness","True Grit+1","Shrug It Off","Offering","Demon Form+1","Evolve+1","Seeing Red+1","Reaper+1","Seeing Red","Metallicize+1","Intimidate+1","Metallicize+1"],"special_seed":0,"relics":["Burning Blood","NeowsBlessing","Bloody Idol","Oddly Smooth Stone","Molten Egg 2","Meat on the Bone","Astrolabe","Regal Pillow","Unceasing Top","Bag of Preparation","Boot","Philosopher\u0027s Stone","Pear"],"potions_floor_usage":[33],"damage_taken":[{"damage":0.0,"enemies":"2 Louse","floor":1.0,"turns":1.0},{"damage":0.0,"enemies":"3 Sentries","floor":6.0,"turns":1.0},{"damage":0.0,"enemies":"Jaw Worm","floor":11.0,"turns":1.0},{"damage":32.0,"enemies":"Lagavulin","floor":13.0,"turns":6.0},{"damage":6.0,"enemies":"Small Slimes","floor":14.0,"turns":3.0},{"damage":49.0,"enemies":"The Guardian","floor":16.0,"turns":15.0},{"damage":26.0,"enemies":"Shell Parasite","floor":18.0,"turns":9.0},{"damage":14.0,"enemies":"Chosen","floor":20.0,"turns":6.0},{"damage":17,"enemies":"Gremlin Leader","floor":23,"turns":6},{"damage":33,"enemies":"Shelled Parasite and Fungi","floor":25,"turns":10},{"damage":29,"enemies":"Slavers","floor":28,"turns":2},{"damage":23,"enemies":"Collector","floor":33,"turns":9},{"damage":21,"enemies":"3 Darklings","floor":35,"turns":3},{"damage":48,"enemies":"3 Shapes","floor":37,"turns":3},{"damage":40,"enemies":"3 Darklings","floor":38,"turns":5},{"damage":53,"enemies":"Jaw Worm Horde","floor":39,"turns":4},{"damage":37,"enemies":"Reptomancer","floor":41,"turns":6},{"damage":56,"enemies":"Transient","floor":42,"turns":3}],"seed_played":"8906239485737021900","potions_obtained":[{"floor":1.0,"key":"Energy Potion"},{"floor":11.0,"key":"Dexterity Potion"},{"floor":20.0,"key":"SpeedPotion"},{"floor":25,"key":"Regen Potion"},{"floor":33,"key":"Explosive Potion"},{"floor":35,"key":"Fire Potion"}],"is_trial":false,"path_per_floor":["M","?","?","?","$","E","R","$","T","$","M","R","E","M","R","B",null,"M","?","M","$","?","E","R","M","T","R","E","?","$","$","R","B",null,"M","?","M","M","M","R","E","M"],"character_chosen":"IRONCLAD","items_purchased":["PowerPotion","Metallicize","Shrug It Off","Regal Pillow","Seeing Red"],"campfire_rested":1,"item_purchase_floors":[8,10,21,21,30],"current_hp_per_floor":[80,80,60,65,65,71,71,71,71,71,77,77,51,51,51,20,85,65,65,57,57,57,58,58,43,43,43,32,32,32,32,72,60,85,79,79,54,61,57,57,53,0],"gold":234,"neow_bonus":"THREE_ENEMY_KILL","is_prod":false,"is_daily":false,"chose_seed":false,"campfire_upgraded":6,"win_rate":0,"timestamp":1555323912,"path_taken":["M","?","?","?","$","E","R","$","T","?","M","R","E","M","R","BOSS","M","?","M","$","?","E","R","M","T","R","E","?","?","$","R","BOSS","M","?","?","?","M","R","E","M"],"build_version":"2019-01-23","purchased_purges":0,"victory":false,"max_hp_per_floor":[80,80,80,85,85,85,85,85,85,85,85,85,85,85,85,85,85,85,85,85,85,85,85,85,85,85,85,85,85,85,85,85,85,85,85,85,85,85,85,85,95,95],"card_choices":[{"not_picked":["Thunderclap","Body Slam"],"picked":"Whirlwind","floor":1.0},{"not_picked":["Sword Boomerang","Whirlwind","Rupture"],"picked":"SKIP","floor":6.0},{"not_picked":["Pommel Strike+1","Headbutt+1","Sword Boomerang+1"],"picked":"SKIP","floor":11.0},{"not_picked":["Anger+1","Fire Breathing"],"picked":"Combust","floor":13.0},{"not_picked":["Twin Strike+1","Clothesline+1","Cleave+1"],"picked":"SKIP","floor":14.0},{"not_picked":["Headbutt+1","Reckless Charge+1"],"picked":"Spot Weakness","floor":18.0},{"not_picked":["Anger+1","Body Slam+1"],"picked":"True Grit","floor":20.0},{"not_picked":["Heavy Blade+1","Fire Breathing"],"picked":"Demon Form","floor":23},{"not_picked":["Wild Strike+1","Cleave+1","Heavy Blade+1"],"picked":"SKIP","floor":25},{"not_picked":["Clothesline+1","Rupture+1"],"picked":"Evolve+1","floor":28},{"not_picked":["Fiend Fire+1","Immolate+1"],"picked":"Reaper+1","floor":33},{"not_picked":["True Grit","Clash+1"],"picked":"Seeing Red","floor":35},{"not_picked":["Thunderclap+1","Pommel Strike+1"],"picked":"Metallicize","floor":37},{"not_picked":["Rupture","Sword Boomerang+1"],"picked":"Intimidate+1","floor":38},{"not_picked":["Anger+1","Wild Strike+1"],"picked":"Metallicize+1","floor":39},{"not_picked":["Evolve+1","Headbutt+1","Intimidate+1"],"picked":"SKIP","floor":41}],"player_experience":30674,"relics_obtained":[{"floor":6.0,"key":"Oddly Smooth Stone"},{"floor":9.0,"key":"Molten Egg 2"},{"floor":13.0,"key":"Meat on the Bone"},{"floor":23,"key":"Unceasing Top"},{"floor":26,"key":"Bag of Preparation"},{"floor":28,"key":"Boot"},{"floor":41,"key":"Pear"}],"event_choices":[{"cards_removed":["Defend_R"],"damage_healed":0.0,"max_hp_gain":0.0,"max_hp_loss":0.0,"gold_gain":0.0,"event_name":"The Cleric","player_choice":"Card Removal","floor":2.0,"gold_loss":50.0,"damage_taken":0.0},{"damage_healed":0.0,"max_hp_gain":0.0,"max_hp_loss":0.0,"gold_gain":0.0,"event_name":"Golden Idol","player_choice":"Take Damage","floor":3.0,"gold_loss":0.0,"damage_taken":20.0,"relics_obtained":["Golden Idol"]},{"damage_healed":0.0,"max_hp_gain":5.0,"max_hp_loss":0.0,"gold_gain":0.0,"event_name":"Big Fish","player_choice":"Donut","floor":4.0,"gold_loss":0.0,"damage_taken":0.0},{"cards_removed":["Strike_R"],"damage_healed":0.0,"max_hp_gain":0.0,"max_hp_loss":0.0,"gold_gain":0.0,"event_name":"Beggar","player_choice":"Gave Gold","floor":19.0,"gold_loss":75.0,"damage_taken":0.0},{"damage_healed":0,"gold_gain":0,"player_choice":"Read","damage_taken":0,"max_hp_gain":0,"max_hp_loss":0,"event_name":"The Library","floor":22,"gold_loss":0,"cards_obtained":["Offering"]},{"damage_healed":0,"gold_gain":0,"player_choice":"Gave Idol","damage_taken":0,"relics_obtained":["Bloody Idol"],"max_hp_gain":0,"max_hp_loss":0,"event_name":"Forgotten Altar","floor":29,"relics_lost":["Golden Idol"],"gold_loss":0},{"damage_healed":0,"gold_gain":0,"player_choice":"Upgraded","damage_taken":0,"max_hp_gain":0,"max_hp_loss":0,"event_name":"Upgrade Shrine","floor":36,"gold_loss":0,"cards_upgraded":["Seeing Red"]}],"is_beta":false,"boss_relics":[{"not_picked":["Eternal Feather","Black Star"],"picked":"Astrolabe"},{"not_picked":["White Beast Statue","Tiny House"],"picked":"Philosopher\u0027s Stone"}],"items_purged_floors":[],"is_endless":false,"potions_floor_spawned":[1,11,20,25,33,35,37,39],"killed_by":"Transient","ascension_level":4}