{"path_per_floor":["M","M","M","M","M","R","E","?","T","M","$","R","M","M","R","B",null,"M","?","?","$","M","R","?","M","T","?","M","R","M","M","R"],"character_chosen":"DEFECT","items_purchased":["Tempest","Orichalcum","Sunder"],"gold_per_floor":[18,30,46,62,75,75,107,282,282,301,144,144,163,176,176,273,273,288,288,213,31,47,47,47,58,81,81,99,99,119,130,130,130],"floor_reached":33,"campfire_rested":1,"playtime":2395,"current_hp_per_floor":[75,67,67,59,57,57,39,39,46,46,46,46,39,39,39,13,82,72,72,72,72,69,69,69,69,69,53,39,39,20,11,37,14],"items_purged":["Doubt"],"gold":130,"score":253,"play_id":"3955d18b-ab50-4fe2-9629-2293f3c933b7","local_time":"20180503182050","is_prod":false,"is_daily":false,"chose_seed":false,"is_ascension_mode":false,"campfire_upgraded":3,"timestamp":1525339250,"path_taken":["M","M","M","M","M","R","E","?","T","M","$","R","M","M","R","BOSS","M","?","?","$","M","R","?","?","T","?","M","R","M","M","R","BOSS"],"build_version":"2018-05-02","seed_source_timestamp":1793772237373788,"purchased_purges":1,"victory":false,"master_deck":["Defend_B","Defend_B","Defend_B","Defend_B","Zap+1","Dualcast","Blizzard","BootSequence","Undo","Chaos+1","Ball Lightning","Coolheaded","Beam Cell","Tempest","Turbo","Undo","Creative AI+1","Skim+1","Sunder","Cold Snap","Blizzard","Reprogram","Go for the Eyes","Amplify"],"max_hp_per_floor":[75,75,75,75,75,75,75,75,82,82,82,82,82,82,82,82,82,82,82,82,82,82,82,82,82,82,87,87,87,87,87,87,87],"relics":["Cracked Core","Peace Pipe","Ornamental Fan","Strawberry","Inserter","Orichalcum","Happy Flower"],"card_choices":[{"not_picked":["Skim","Sweeping Beam"],"picked":"Blizzard","floor":1},{"not_picked":["Axe Kick","Skim"],"picked":"BootSequence","floor":2},{"not_picked":["Skim","Aggregate"],"picked":"Undo","floor":3},{"not_picked":["Darkness","Gash"],"picked":"Chaos","floor":4},{"not_picked":["Impulse","Stack"],"picked":"Ball Lightning","floor":5},{"not_picked":["Impulse","Force Field"],"picked":"Coolheaded","floor":7},{"not_picked":["Axe Kick","BootSequence"],"picked":"Beam Cell","floor":10},{"not_picked":["Darkness","Skim"],"picked":"Turbo","floor":13},{"not_picked":["Rip and Tear","Rebound"],"picked":"Undo","floor":14},{"not_picked":["Biased Cognition","Thunder Strike"],"picked":"Creative AI","floor":16},{"not_picked":["Sweeping Beam","Scrape"],"picked":"Skim","floor":18},{"not_picked":["Stack","Recycle"],"picked":"Cold Snap","floor":22},{"not_picked":["Recycle","Skim"],"picked":"Blizzard","floor":25},{"not_picked":["Hologram","Rebound"],"picked":"Reprogram","floor":28},{"not_picked":["Rebound","Hologram"],"picked":"Go for the Eyes","floor":30},{"not_picked":["Recycle","Sunder"],"picked":"Amplify","floor":31}],"player_experience":21007,"potions_floor_usage":[7,16,16,33,33,33],"damage_taken":[{"damage":0,"enemies":"Cultist","floor":1,"turns":4},{"damage":8,"enemies":"2 Louse","floor":2,"turns":3},{"damage":0,"enemies":"Jaw Worm","floor":3,"turns":3},{"damage":10,"enemies":"2 Fungi Beasts","floor":4,"turns":4},{"damage":7,"enemies":"Looter","floor":5,"turns":4},{"damage":32,"enemies":"Gremlin Nob","floor":7,"turns":4},{"damage":0,"enemies":"Exordium Thugs","floor":10,"turns":4},{"damage":7,"enemies":"3 Louse","floor":13,"turns":3},{"damage":0,"enemies":"Large Slime","floor":14,"turns":2},{"damage":51,"enemies":"Slime Boss","floor":16,"turns":11},{"damage":30,"enemies":"Spheric Guardian","floor":18,"turns":5},{"damage":13,"enemies":"2 Thieves","floor":22,"turns":4},{"damage":8,"enemies":"Centurion and Healer","floor":25,"turns":7},{"damage":14,"enemies":"Cultist and Chosen","floor":28,"turns":8},{"damage":19,"enemies":"Snecko","floor":30,"turns":5},{"damage":9,"enemies":"Centurion and Healer","floor":31,"turns":9},{"damage":38,"enemies":"Collector","floor":33,"turns":8}],"event_choices":[{"event_name":"Liars Game","player_choice":"agreed","floor":8,"damage_taken":0},{"event_name":"Ghosts","player_choice":"Ignored","floor":19,"damage_taken":0},{"event_name":"Beggar","player_choice":"Gave Gold","floor":20,"damage_taken":0},{"event_name":"Purifier","player_choice":"One Purge","floor":24,"damage_taken":0},{"event_name":"Forgotten Altar","player_choice":"Shed Blood","floor":27,"damage_taken":0}],"boss_relics":[{"not_picked":["Velvet Choker","Eternal Feather"],"picked":"Inserter"}],"potions_floor_spawned":[1,5,10,14,25,28,31],"seed_played":"3562883252644750210","killed_by":"Collector","ascension_level":0,"is_trial":false}