{"gold_per_floor":[113,131,147,221,241,416,444,6,33,33,33,33,67,81,81,185,185,202,219,219,229,180,211,211,211],"floor_reached":25,"playtime":1662,"items_purged":["Doubt"],"score":256,"play_id":"7d3f2904-74c5-4776-9b9e-dae033666a2f","local_time":"20190812182223","is_ascension_mode":false,"campfire_choices":[{"data":"Iron Wave","floor":10,"key":"SMITH"},{"floor":12,"key":"REST"},{"data":"Demon Form","floor":15,"key":"SMITH"},{"floor":24,"key":"REST"}],"neow_cost":"NONE","seed_source_timestamp":265641482361599,"circlet_count":0,"master_deck":["Strike_R","Strike_R","Strike_R","Strike_R","Strike_R","Defend_R","Defend_R","Defend_R","Defend_R","Bash","Rampage","Fire Breathing","Heavy Blade","Iron Wave+1","Shockwave","Thunderclap","Shrug It Off","Spot Weakness","Demon Form+1","Offering","Uppercut","Heavy Blade+1","Warcry","Heavy Blade","Burning Pact"],"relics":["Burning Blood","Bag of Preparation","Shuriken","Potion Belt","Oddly Smooth Stone","Black Star","Strawberry","Gambling Chip"],"potions_floor_usage":[23,23,25],"damage_taken":[{"damage":13,"enemies":"Jaw Worm","floor":1,"turns":3},{"damage":17,"enemies":"Small Slimes","floor":2,"turns":4},{"damage":6,"enemies":"Cultist","floor":3,"turns":3},{"damage":24,"enemies":"Red Slaver","floor":5,"turns":5},{"damage":20,"enemies":"Gremlin Nob","floor":7,"turns":4},{"damage":34,"enemies":"Lagavulin","floor":13,"turns":6},{"damage":0,"enemies":"2 Fungi Beasts","floor":14,"turns":3},{"damage":26,"enemies":"Slime Boss","floor":16,"turns":7},{"damage":26,"enemies":"Spheric Guardian","floor":18,"turns":5},{"damage":49,"enemies":"3 Byrds","floor":19,"turns":5},{"damage":27,"enemies":"Snake Plant","floor":21,"turns":3},{"damage":55,"enemies":"Book of Stabbing","floor":23,"turns":5},{"damage":53,"enemies":"Slavers","floor":25,"turns":4}],"seed_played":"-6058021348038637383","potions_obtained":[{"floor":1,"key":"SpeedPotion"},{"floor":5,"key":"SteroidPotion"},{"floor":7,"key":"PowerPotion"},{"floor":14,"key":"SpeedPotion"},{"floor":18,"key":"Fire Potion"}],"is_trial":false,"path_per_floor":["M","M","M","?","M","?","E","$","T","R","$","R","E","M","R","B",null,"M","M","?","M","$","E","R","E"],"character_chosen":"IRONCLAD","items_purchased":["Thunderclap","Shrug It Off","Shuriken","Heavy Blade"],"campfire_rested":2,"item_purchase_floors":[8,8,8,22],"current_hp_per_floor":[81,70,70,70,52,52,38,38,38,38,38,64,36,42,42,22,88,68,25,88,67,67,25,53,0],"gold":211,"neow_bonus":"TEN_PERCENT_HP_BONUS","is_prod":false,"is_daily":false,"chose_seed":false,"campfire_upgraded":2,"win_rate":0.0,"timestamp":1565626943,"path_taken":["M","M","M","?","M","?","E","$","T","R","$","R","E","M","R","BOSS","M","M","?","?","?","E","R","E"],"build_version":"2019-07-17","purchased_purges":1,"victory":false,"max_hp_per_floor":[88,88,88,88,88,88,88,88,88,88,88,88,88,88,88,88,88,88,88,88,88,88,95,95,95],"card_choices":[{"not_picked":["Second Wind","Armaments"],"picked":"Rampage","floor":1},{"not_picked":["Clothesline","Bloodletting"],"picked":"Fire Breathing","floor":2},{"not_picked":["Clothesline","Berserk"],"picked":"Heavy Blade","floor":3},{"not_picked":["Cleave","Pommel Strike"],"picked":"Iron Wave","floor":5},{"not_picked":["Reckless Charge","Heavy Blade"],"picked":"Shockwave","floor":7},{"not_picked":["Warcry","Flex"],"picked":"Spot Weakness","floor":13},{"not_picked":["Ghostly Armor","Whirlwind"],"picked":"Demon Form","floor":14},{"not_picked":["Dark Embrace","Bludgeon"],"picked":"Offering","floor":16},{"not_picked":["True Grit","Flex"],"picked":"Uppercut","floor":18},{"not_picked":["Pommel Strike","Dual Wield"],"picked":"Heavy Blade+1","floor":19},{"not_picked":["Pommel Strike","Iron Wave"],"picked":"Warcry","floor":21},{"not_picked":["Flame Barrier","Dual Wield"],"picked":"Burning Pact","floor":23}],"player_experience":15319,"relics_obtained":[{"floor":7,"key":"Bag of Preparation"},{"floor":9,"key":"Potion Belt"},{"floor":13,"key":"Oddly Smooth Stone"},{"floor":23,"key":"Strawberry"},{"floor":23,"key":"Gambling Chip"}],"event_choices":[{"damage_healed":0,"gold_gain":74,"player_choice":"Gained Gold","damage_taken":0,"max_hp_gain":0,"max_hp_loss":0,"event_name":"Golden Wing","floor":4,"gold_loss":0},{"damage_healed":0,"gold_gain":175,"player_choice":"AGREE","damage_taken":0,"max_hp_gain":0,"max_hp_loss":0,"event_name":"Liars Game","floor":6,"gold_loss":0,"cards_obtained":["Doubt"]},{"damage_healed":63,"gold_gain":0,"player_choice":"Full Heal","damage_taken":0,"max_hp_gain":0,"max_hp_loss":0,"event_name":"Wheel of Change","floor":20,"gold_loss":0}],"is_beta":false,"boss_relics":[{"not_picked":["Cursed Key","Runic Dome"],"picked":"Black Star"}],"items_purged_floors":[8],"is_endless":false,"potions_floor_spawned":[1,5,7,14,18,19],"killed_by":"Slavers","ascension_level":0}