{"path_per_floor":["M","M","M","M","?","M","?","R","T","E","R","E","M","M","R"],"character_chosen":"THE_SILENT","items_purchased":[],"gold_per_floor":[113,130,144,158,158,181,181,181,181,217,217,255,273,298,298,298],"floor_reached":16,"campfire_rested":2,"playtime":2176,"current_hp_per_floor":[63,58,58,38,38,29,22,40,40,11,44,27,25,22,22,4],"items_purged":[],"gold":298,"score":114,"play_id":"60482b11-8604-4a9d-8e65-bf03cc07e8a1","local_time":"20180513233003","is_prod":false,"is_daily":false,"chose_seed":false,"is_ascension_mode":false,"campfire_upgraded":0,"timestamp":1526268603,"path_taken":["M","M","M","M","?","M","?","R","T","E","R","E","?","M","R","BOSS"],"build_version":"2018-05-12v2","seed_source_timestamp":410940892217764,"purchased_purges":0,"victory":false,"master_deck":["Defend_G","Defend_G","Defend_G","Defend_G","Strike_G","Strike_G","Strike_G","Survivor","Neutralize","Tools of the Trade","Outmaneuver","Acrobatics","Slice","Quick Slash","Prepared","Injury","Infinite Blades","Finisher","Leg Sweep","Acrobatics","Blur"],"max_hp_per_floor":[63,63,63,63,63,63,63,63,63,63,63,63,63,63,63,63],"relics":["Ring of the Snake","Golden Idol","Paper Crane","Regal Pillow","Shovel","Oddly Smooth Stone"],"card_choices":[{"not_picked":["Underhanded Strike","Prepared"],"picked":"Acrobatics","floor":1},{"not_picked":["Prepared","Masterful Stab"],"picked":"Slice","floor":2},{"not_picked":["Crippling Poison","Poisoned Stab"],"picked":"Quick Slash","floor":3},{"not_picked":["Dodge and Roll","Deadly Poison"],"picked":"Prepared","floor":4},{"not_picked":["Deadly Poison","Skewer"],"picked":"Infinite Blades","floor":6},{"not_picked":["Quick Slash","Catalyst"],"picked":"Finisher","floor":10},{"not_picked":["Deadly Poison","Doppelganger"],"picked":"Leg Sweep","floor":12},{"not_picked":["Dodge and Roll","Poisoned Stab"],"picked":"Acrobatics","floor":13},{"not_picked":["Acrobatics","PiercingWail"],"picked":"Blur","floor":14}],"player_experience":82825,"potions_floor_usage":[16,16,16,16],"damage_taken":[{"damage":0,"enemies":"2 Louse","floor":1,"turns":4},{"damage":5,"enemies":"Small Slimes","floor":2,"turns":4},{"damage":0,"enemies":"Cultist","floor":3,"turns":5},{"damage":20,"enemies":"Exordium Thugs","floor":4,"turns":7},{"damage":9,"enemies":"Exordium Wildlife","floor":6,"turns":6},{"damage":29,"enemies":"Lagavulin","floor":10,"turns":12},{"damage":17,"enemies":"3 Sentries","floor":12,"turns":8},{"damage":2,"enemies":"Large Slime","floor":13,"turns":5},{"damage":3,"enemies":"Red Slaver","floor":14,"turns":6},{"damage":18,"enemies":"Hexaghost","floor":16,"turns":19}],"event_choices":[{"event_name":"Golden Idol","player_choice":"Take Wound","floor":5,"damage_taken":0},{"event_name":"Golden Wing","player_choice":"Card Removal","floor":7,"damage_taken":0}],"boss_relics":[],"potions_floor_spawned":[2,10,12,14],"seed_played":"-5188900601780149943","killed_by":"Hexaghost","ascension_level":0,"is_trial":false}