{"gold_per_floor":[109,34,46,59,36,71,83,121,157,184,226,250,262,274],"floor_reached":14,"playtime":339,"items_purged":["Parasite"],"score":165,"play_id":"8672308e-2a58-4ead-8f9d-5939b039ff2a","local_time":"20190618221741","is_ascension_mode":true,"campfire_choices":[],"neow_cost":"CURSE","seed_source_timestamp":452107152293800,"circlet_count":0,"master_deck":["AscendersBane","Strike_B","Strike_B","Strike_B","Defend_B","Defend_B","Defend_B","Defend_B","Zap","Dualcast","Core Surge","Rip and Tear","Consume","Go for the Eyes","Cold Snap","Rip and Tear","Leap","Gash","Undo","Parasite"],"relics":["Cracked Core","MawBank","Dream Catcher","Art of War","Shuriken"],"potions_floor_usage":[8,11,11],"damage_taken":[{"damage":1,"enemies":"Cultist","floor":1,"turns":3},{"damage":9,"enemies":"Jaw Worm","floor":3,"turns":3},{"damage":8,"enemies":"Small Slimes","floor":4,"turns":3},{"damage":12,"enemies":"Gremlin Nob","floor":6,"turns":4},{"damage":14,"enemies":"Lagavulin","floor":8,"turns":5},{"damage":5,"enemies":"Blue Slaver","floor":10,"turns":3},{"damage":6,"enemies":"Gremlin Nob","floor":11,"turns":3},{"damage":12,"enemies":"Exordium Wildlife","floor":12,"turns":4},{"damage":22,"enemies":"Exordium Thugs","floor":14,"turns":3}],"seed_played":"5926566311370130915","potions_obtained":[{"floor":4,"key":"PowerPotion"},{"floor":8,"key":"Strength Potion"},{"floor":10,"key":"AttackPotion"}],"is_trial":false,"path_per_floor":["M","$","M","M","$","E","?","E","T","M","E","M","?","M"],"character_chosen":"DEFECT","items_purchased":["Cold Snap"],"campfire_rested":0,"item_purchase_floors":[5],"current_hp_per_floor":[67,67,58,50,50,38,38,24,24,19,13,1,19,0],"gold":274,"neow_bonus":"THREE_RARE_CARDS","is_prod":false,"is_daily":false,"chose_seed":false,"campfire_upgraded":0,"win_rate":0,"timestamp":1560892661,"path_taken":["M","?","M","M","$","E","?","E","T","M","E","?","?","M"],"build_version":"2019-01-23","purchased_purges":1,"victory":false,"max_hp_per_floor":[75,72,72,72,72,72,72,72,72,72,72,72,72,72],"card_choices":[{"not_picked":["All For One","Machine Learning"],"picked":"Core Surge","floor":0},{"not_picked":["Auto Shields","Conserve Battery"],"picked":"Rip and Tear","floor":1},{"not_picked":["Beam Cell","Stack"],"picked":"Consume","floor":3},{"not_picked":["Hologram","Stack"],"picked":"Go for the Eyes","floor":4},{"not_picked":["Redo","Go for the Eyes"],"picked":"Rip and Tear","floor":6},{"not_picked":["Steam","Redo"],"picked":"Leap","floor":8},{"not_picked":["Turbo","Skim","Hologram"],"picked":"SKIP","floor":10},{"not_picked":["Steam","Auto Shields"],"picked":"Gash","floor":11},{"not_picked":["Streamline","Scrape"],"picked":"Undo","floor":12}],"player_experience":161472,"relics_obtained":[{"floor":6,"key":"MawBank"},{"floor":8,"key":"Dream Catcher"},{"floor":9,"key":"Art of War"},{"floor":11,"key":"Shuriken"}],"event_choices":[{"cards_removed":["Strike_B"],"damage_healed":0,"gold_gain":0,"player_choice":"Offered Basic","damage_taken":0,"max_hp_gain":0,"max_hp_loss":0,"event_name":"Bonfire Elementals","floor":7,"gold_loss":0},{"damage_healed":18,"gold_gain":0,"player_choice":"Healed and dodged fight","damage_taken":0,"max_hp_gain":0,"max_hp_loss":0,"event_name":"Mushrooms","floor":13,"gold_loss":0,"cards_obtained":["Parasite"]}],"is_beta":false,"boss_relics":[],"items_purged_floors":[2],"is_endless":false,"potions_floor_spawned":[4,8,10],"killed_by":"Exordium Thugs","ascension_level":10}