{"gold_per_floor":[114,132,307,382,396,428,428,461,461,477,477,477,492,509,509,610,610,627,627,652,652,55,80,80,29,29,39,72,72,90,90,90,195,195,214,214,214,314,328,328,328,343,343,343,57,57,91,104,104,104],"floor_reached":50,"playtime":3241,"items_purged":["Doubt","Pain"],"score":807,"play_id":"1daec684-e50d-495e-a784-ed23530dbc2c","local_time":"20181031012046","is_ascension_mode":true,"campfire_choices":[{"floor":7.0,"key":"REST"},{"floor":11.0,"key":"REST"},{"floor":15.0,"key":"REST"},{"floor":24.0,"key":"REST"},{"floor":29.0,"key":"REST"},{"floor":32.0,"key":"REST"},{"data":"Metamorphosis","floor":40.0,"key":"SMITH"},{"data":"Envenom","floor":44,"key":"SMITH"},{"floor":46,"key":"REST"},{"floor":49,"key":"REST"}],"neow_cost":"NONE","seed_source_timestamp":0,"circlet_count":0,"master_deck":["Defend_G+1","Defend_G","Defend_G","Defend_G","Defend_G","Survivor","Neutralize","Blade Dance","Footwork","Infinite Blades","Blade Dance+1","Backflip","Noxious Fumes","Dagger Throw+1","Dash+1","Envenom+1","Sucker Punch+1","Bite+1","Bite+1","Bite+1","Bite+1","Bite+1","Predator+1","Malaise","Metamorphosis+1","Riddle With Holes+1","Dodge and Roll","Footwork+1","Dodge and Roll","Backflip","Dash+1","After Image","Dodge and Roll+1","Madness","Madness","Quick Slash+1","Acrobatics+1","Backstab+1","Regret","Footwork","Acrobatics","Backflip","Slice+1","Sucker Punch+1","Tactician+1"],"special_seed":0,"relics":["Runic Dome","Dodecahedron","Question Card","Molten Egg 2","Cursed Key","Bag of Preparation","Vajra","Regal Pillow","Letter Opener","War Paint","Busted Crown","Ice Cream","Bottled Flame","Oddly Smooth Stone"],"potions_floor_usage":[50],"damage_taken":[{"damage":0.0,"enemies":"Jaw Worm","floor":1.0,"turns":5.0},{"damage":0.0,"enemies":"2 Louse","floor":2.0,"turns":2.0},{"damage":0.0,"enemies":"Small Slimes","floor":5.0,"turns":4.0},{"damage":21.0,"enemies":"Lagavulin","floor":6.0,"turns":8.0},{"damage":43.0,"enemies":"3 Sentries","floor":8.0,"turns":10.0},{"damage":4.0,"enemies":"3 Louse","floor":10.0,"turns":7.0},{"damage":8.0,"enemies":"Looter","floor":13.0,"turns":4.0},{"damage":9.0,"enemies":"Blue Slaver","floor":14.0,"turns":4.0},{"damage":15.0,"enemies":"Slime Boss","floor":16.0,"turns":7.0},{"damage":18.0,"enemies":"Shell Parasite","floor":18.0,"turns":6.0},{"damage":29.0,"enemies":"Gremlin Leader","floor":23.0,"turns":6.0},{"damage":20.0,"enemies":"Spheric Guardian","floor":27.0,"turns":5.0},{"damage":44.0,"enemies":"Slavers","floor":28.0,"turns":6.0},{"damage":34.0,"enemies":"Snake Plant","floor":30.0,"turns":5.0},{"damage":14.0,"enemies":"Collector","floor":33.0,"turns":10.0},{"damage":12.0,"enemies":"Orb Walker","floor":35.0,"turns":5.0},{"damage":4.0,"enemies":"Mind Bloom Boss Battle","floor":38.0,"turns":8.0},{"damage":10.0,"enemies":"3 Shapes","floor":39.0,"turns":5.0},{"damage":18,"enemies":"Transient","floor":42,"turns":5},{"damage":0,"enemies":"Nemesis","floor":47,"turns":5},{"damage":25,"enemies":"Maw","floor":48,"turns":8},{"damage":50,"enemies":"Awakened One","floor":50,"turns":6}],"seed_played":"7377133281612881506","potions_obtained":[{"floor":5.0,"key":"Poison Potion"},{"floor":10.0,"key":"Fire Potion"},{"floor":13.0,"key":"Energy Potion"},{"floor":14.0,"key":"Strength Potion"},{"floor":16.0,"key":"FearPotion"},{"floor":27.0,"key":"Regen Potion"},{"floor":30.0,"key":"Dexterity Potion"},{"floor":38.0,"key":"SkillPotion"},{"floor":48,"key":"Ancient Potion"}],"is_trial":false,"path_per_floor":["M","M","?","?","M","E","R","E","T","M","R","?","M","M","R","B",null,"M","?","T","?","$","E","R","$","T","M","E","R","M","?","R","B",null,"M","?","?","?","M","R","?","M","T","R","$","R","E","M","R"],"character_chosen":"THE_SILENT","items_purchased":["Predator+1","Vajra","Malaise","Metamorphosis","Dodge and Roll","Footwork","Acrobatics","Backflip","Slice+1"],"campfire_rested":8,"item_purchase_floors":[22,22,22,22,25,45,45,45,45],"current_hp_per_floor":[63,63,63,52,52,31,52,9,9,5,26,26,18,9,30,15,56,38,38,38,38,38,24,49,49,49,38,24,49,21,21,49,49,49,40,40,34,42,38,38,38,35,35,35,35,49,49,39,49,0],"gold":104,"neow_bonus":"BOSS_RELIC","is_prod":false,"is_daily":false,"chose_seed":false,"campfire_upgraded":2,"win_rate":0,"timestamp":1540963246,"path_taken":["M","M","?","?","M","E","R","E","T","M","R","?","M","M","R","BOSS","M","?","?","?","$","E","R","?","T","?","E","R","M","?","R","BOSS","M","?","?","?","?","R","?","M","T","R","$","R","E","M","R","BOSS"],"build_version":"2018-10-25v2","purchased_purges":2,"victory":false,"max_hp_per_floor":[70,70,70,70,70,70,70,70,70,70,70,70,70,70,70,70,70,70,49,49,49,49,49,49,49,49,49,49,49,49,49,49,49,49,49,49,49,49,49,49,49,49,49,49,49,49,49,49,49,49],"card_choices":[{"not_picked":["Dagger Throw","Outmaneuver"],"picked":"Blade Dance","floor":1.0},{"not_picked":["Reflex","Prepared"],"picked":"Footwork","floor":2.0},{"not_picked":["Outmaneuver","Wraith Form v2"],"picked":"Infinite Blades","floor":5.0},{"not_picked":["Caltrops","Deadly Poison"],"picked":"Blade Dance","floor":6.0},{"not_picked":["Blade Dance","Infinite Blades"],"picked":"Backflip","floor":8.0},{"not_picked":["Poisoned Stab+1","Bullet Time","Endless Agony+1"],"picked":"Noxious Fumes","floor":10.0},{"not_picked":["Slice+1","Deflect","PiercingWail"],"picked":"Dagger Throw+1","floor":13.0},{"not_picked":["Bane+1","Catalyst","Slice+1"],"picked":"Dash+1","floor":14.0},{"not_picked":["Bullet Time","Grand Finale+1","Doppelganger"],"picked":"Envenom","floor":16.0},{"not_picked":["PiercingWail","Dagger Throw+1","Acrobatics+1"],"picked":"Sucker Punch+1","floor":18.0},{"not_picked":["Sucker Punch+1","Distraction","Underhanded Strike+1"],"picked":"Riddle With Holes+1","floor":23.0},{"not_picked":["Distraction+1","Deflect","PiercingWail"],"picked":"Footwork+1","floor":27.0},{"not_picked":["Heel Hook+1","Die Die Die+1","All Out Attack+1"],"picked":"Dodge and Roll","floor":28.0},{"not_picked":["Bane+1","Crippling Poison","Caltrops"],"picked":"Backflip","floor":30.0},{"not_picked":["A Thousand Cuts","Venomology","Storm of Steel"],"picked":"After Image","floor":33.0},{"not_picked":["PiercingWail"],"picked":"Dodge and Roll+1","floor":35.0},{"not_picked":["Deflect"],"picked":"Quick Slash+1","floor":38.0},{"not_picked":["Deadly Poison"],"picked":"Acrobatics+1","floor":39.0},{"not_picked":["Reflex+1"],"picked":"Backstab+1","floor":42},{"not_picked":["Dagger Spray+1"],"picked":"Sucker Punch+1","floor":47},{"not_picked":["Dagger Throw+1"],"picked":"Tactician+1","floor":48}],"player_experience":305693,"relics_obtained":[{"floor":6.0,"key":"Dodecahedron"},{"floor":8.0,"key":"Question Card"},{"floor":9.0,"key":"Molten Egg 2"},{"floor":20.0,"key":"Bag of Preparation"},{"floor":23.0,"key":"Regal Pillow"},{"floor":26.0,"key":"Letter Opener"},{"floor":28.0,"key":"War Paint"},{"floor":38.0,"key":"Ice Cream"},{"floor":43,"key":"Bottled Flame"},{"floor":47,"key":"Oddly Smooth Stone"}],"event_choices":[{"damage_healed":0.0,"max_hp_gain":0.0,"max_hp_loss":0.0,"gold_gain":175.0,"event_name":"Liars Game","player_choice":"AGREE","floor":3.0,"gold_loss":0.0,"damage_taken":0.0,"cards_obtained":["Doubt"]},{"damage_healed":0.0,"max_hp_gain":0.0,"max_hp_loss":0.0,"gold_gain":75.0,"event_name":"World of Goop","player_choice":"Gather Gold","floor":4.0,"gold_loss":0.0,"damage_taken":11.0},{"damage_healed":0.0,"max_hp_gain":0.0,"max_hp_loss":0.0,"gold_gain":0.0,"event_name":"Shining Light","player_choice":"Ignored","floor":12.0,"gold_loss":0.0,"damage_taken":0.0},{"damage_healed":0.0,"max_hp_gain":0.0,"max_hp_loss":21.0,"gold_gain":0.0,"event_name":"Vampires","player_choice":"Became a vampire","floor":19.0,"gold_loss":0.0,"damage_taken":0.0,"cards_obtained":["Bite","Bite","Bite","Bite","Bite"]},{"cards_removed":["Pain"],"damage_healed":0.0,"max_hp_gain":0.0,"max_hp_loss":0.0,"gold_gain":0.0,"event_name":"Back to Basics","player_choice":"Elegance","floor":21.0,"gold_loss":0.0,"damage_taken":0.0},{"damage_healed":0.0,"max_hp_gain":0.0,"max_hp_loss":0.0,"gold_gain":0.0,"event_name":"The Library","player_choice":"Read","floor":31.0,"gold_loss":0.0,"damage_taken":0.0,"cards_obtained":["Dash"]},{"damage_healed":0.0,"max_hp_gain":0.0,"max_hp_loss":0.0,"gold_gain":0.0,"event_name":"Tomb of Lord Red Mask","player_choice":"Ignored","floor":36.0,"gold_loss":0.0,"damage_taken":0.0},{"damage_healed":0.0,"max_hp_gain":0.0,"max_hp_loss":0.0,"gold_gain":0.0,"event_name":"Winding Halls","player_choice":"Embrace Madness","floor":37.0,"gold_loss":0.0,"damage_taken":6.0,"cards_obtained":["Madness","Madness"]},{"damage_healed":0.0,"max_hp_gain":0.0,"max_hp_loss":0.0,"gold_gain":0.0,"event_name":"MindBloom","player_choice":"Fight","floor":38.0,"gold_loss":0.0,"damage_taken":0.0},{"damage_healed":0,"gold_gain":0,"player_choice":"Ignored","damage_taken":0,"max_hp_gain":0,"max_hp_loss":0,"event_name":"Mysterious Sphere","floor":41,"gold_loss":0}],"is_beta":false,"boss_relics":[{"not_picked":["Tiny House","Velvet Choker"],"picked":"Cursed Key"},{"not_picked":["Black Star","Fusion Hammer"],"picked":"Busted Crown"}],"items_purged_floors":[22,45],"is_endless":false,"potions_floor_spawned":[5,10,13,14,16,27,30,38,48],"killed_by":"Awakened One","ascension_level":8}