{"path_per_floor":["M","M","M","M","?","E","?","T","T","E","?","M","R","M","R","B",null,"M","?","M","$","M","R","?","E","T","M","R","E","M","M","R","B",null,"M","?","$","$","M","R","E","M","T","E","$","R","?","M","R","B"],"character_chosen":"THE_SILENT","items_purchased":["Acrobatics","Slice","Gremlin Horn","Apotheosis","Well Laid Plans","Ornamental Fan","Caltrops","Tactician"],"gold_per_floor":[110,123,135,145,145,183,183,209,262,293,243,264,264,284,284,404,404,420,420,445,99,124,124,339,383,429,453,453,494,509,522,522,647,647,667,667,143,64,88,88,119,138,138,182,32,32,32,55,55,55],"floor_reached":51,"campfire_rested":5,"playtime":4663,"current_hp_per_floor":[63,63,63,63,63,55,55,55,55,34,34,26,26,22,43,20,70,54,54,50,50,31,52,52,21,28,16,39,32,32,32,32,24,77,61,77,77,77,75,75,55,46,46,37,37,60,60,57,77,43],"items_purged":["Strike_G"],"gold":55,"score":633,"play_id":"ebe970b2-ee50-41d1-aaa1-7e3a6c38fd98","is_prod":false,"is_daily":false,"is_ascension_mode":false,"campfire_upgraded":3,"path_taken":["M","M","M","?","?","E","?","?","T","E","?","?","R","M","R","BOSS","M","?","M","$","M","R","?","E","T","M","R","E","M","M","R","BOSS","M","?","?","$","M","R","E","M","T","E","$","R","?","M","R","BOSS"],"build_version":"2018-02-22-PROD2","purchased_purges":1,"victory":true,"master_deck":["Defend_G","Defend_G","Defend_G","Strike_G","Strike_G+1","Strike_G","Survivor","Neutralize+1","Leg Sweep+1","Slice","Dagger Spray","Slice","Blade Dance+1","PiercingWail","Wraith Form+1","Outmaneuver+1","Tools of the Trade","Acrobatics","Choke","Acrobatics","Slice","Acrobatics+1","Blur+1","PiercingWail+1","Backflip","Distraction","Flying Knee+1","Wraith Form","Backstab+1","Writhe","Apotheosis+1","Well Laid Plans","Caltrops","Acrobatics","Calculated Gamble+1","Leg Sweep+1","Parasite","Backflip+1","Tactician","Infinite Blades"],"max_hp_per_floor":[70,70,70,70,70,70,70,70,70,70,70,70,70,70,70,70,70,70,70,70,70,70,70,70,70,77,77,77,77,77,77,77,77,77,77,77,77,77,77,77,77,77,77,77,77,77,77,77,77,77],"relics":["Lizard Tail","Golden Idol","Whetstone","War Paint","Lantern","Ice Cream","Philosopher\u0027s Stone","Gremlin Horn","Old Coin","Orichalcum","Strawberry","Oddly Smooth Stone","Cursed Key","Ornamental Fan","Peace Pipe","Tingsha","Happy Flower"],"card_choices":[{"not_picked":["Dagger Spray","Dodge and Roll"],"picked":"Leg Sweep"},{"not_picked":["Escape Plan","Backflip"],"picked":"Slice"},{"not_picked":["Finisher","Deadly Poison"],"picked":"Dagger Spray"},{"not_picked":["Bouncing Flask","Deadly Poison"],"picked":"Slice"},{"not_picked":["Endless Agony","Slice"],"picked":"Blade Dance"},{"not_picked":["Crippling Poison","Dodge and Roll"],"picked":"PiercingWail"},{"not_picked":["Prepared","Well Laid Plans"],"picked":"Wraith Form"},{"not_picked":["Choke","Leg Sweep"],"picked":"Outmaneuver"},{"not_picked":["Venomology","Corpse Explosion"],"picked":"Tools of the Trade"},{"not_picked":["Predator","Choke"],"picked":"Acrobatics"},{"not_picked":["Backstab","Dodge and Roll"],"picked":"Choke"},{"not_picked":["PiercingWail","Expertise"],"picked":"Acrobatics"},{"not_picked":["Dodge and Roll","Poisoned Stab"],"picked":"Blur"},{"not_picked":["Caltrops","Quick Slash"],"picked":"PiercingWail"},{"not_picked":["Dodge and Roll","Catalyst"],"picked":"Backflip"},{"not_picked":["Quick Slash","Underhanded Strike"],"picked":"Distraction"},{"not_picked":["Underhanded Strike","PiercingWail"],"picked":"Flying Knee"},{"not_picked":["Burst","Die Die Die"],"picked":"Wraith Form"},{"not_picked":["Sucker Punch","Poisoned Stab"],"picked":"Backstab"},{"not_picked":["Poisoned Stab","Quick Slash"],"picked":"Acrobatics"},{"not_picked":["Catalyst","Terror"],"picked":"Calculated Gamble"},{"not_picked":["Acrobatics","Catalyst"],"picked":"Leg Sweep"},{"not_picked":["Dagger Spray","Venomology"],"picked":"Backflip"},{"not_picked":["Flying Knee","Deflect"],"picked":"Infinite Blades"}],"player_experience":9467,"potions_floor_usage":[6,16,22,25,25,27,30,42,50,50,50],"damage_taken":[{"damage":7,"enemies":"Cultist","floor":1,"turns":4},{"damage":0,"enemies":"2 Louse","floor":2,"turns":4},{"damage":0,"enemies":"Small Slimes","floor":3,"turns":4},{"damage":0,"enemies":"2 Fungi Beasts","floor":4,"turns":4},{"damage":8,"enemies":"3 Sentries","floor":6,"turns":10},{"damage":21,"enemies":"Lagavulin","floor":10,"turns":8},{"damage":8,"enemies":"Red Slaver","floor":12,"turns":4},{"damage":4,"enemies":"Large Slime","floor":14,"turns":6},{"damage":23,"enemies":"The Guardian","floor":16,"turns":13},{"damage":16,"enemies":"3 Byrds","floor":18,"turns":6},{"damage":4,"enemies":"Shell Parasite","floor":20,"turns":5},{"damage":19,"enemies":"Snake Plant","floor":22,"turns":4},{"damage":31,"enemies":"Slavers","floor":25,"turns":7},{"damage":12,"enemies":"Slaver and Parasite","floor":27,"turns":8},{"damage":7,"enemies":"Gremlin Leader","floor":29,"turns":9},{"damage":0,"enemies":"3 Cultists","floor":30,"turns":4},{"damage":0,"enemies":"Snake Plant","floor":31,"turns":6},{"damage":73,"enemies":"Collector","floor":33,"turns":9},{"damage":16,"enemies":"3 Shapes","floor":35,"turns":5},{"damage":2,"enemies":"Orb Walker","floor":39,"turns":4},{"damage":20,"enemies":"Nemesis","floor":41,"turns":7},{"damage":9,"enemies":"3 Darklings","floor":42,"turns":5},{"damage":9,"enemies":"Giant Head","floor":44,"turns":7},{"damage":3,"enemies":"4 Shapes","floor":48,"turns":5},{"damage":34,"enemies":"Donu and Deca","floor":50,"turns":7}],"event_choices":[{"event_name":"Golden Idol","player_choice":"Take Wound","floor":5,"damage_taken":0},{"event_name":"Fountain of Cleansing","player_choice":"Removed Curse","floor":7,"damage_taken":0},{"event_name":"The Cleric","player_choice":"Card Removal","floor":11,"damage_taken":0},{"event_name":"Back to Basics","player_choice":"Elegance","floor":19,"damage_taken":0},{"event_name":"Addict","player_choice":"Obtained Relic","floor":24,"damage_taken":0},{"event_name":"Winding Halls","player_choice":"Writhe","floor":36,"damage_taken":0}],"boss_relics":[{"not_picked":["Runic Pyramid","Velvet Choker"],"picked":"Philosopher\u0027s Stone"},{"not_picked":["Black Star","Tiny House"],"picked":"Cursed Key"}],"potions_floor_spawned":[1,3,4,12,16,18,25,29,31,41,44],"seed_played":"-9180657994646458684","ascension_level":0,"is_trial":false}