{"path_per_floor":["M","$","M","M","?","E","M","M","T","R","E","?","?","$","R","B",null,"M","M","?","?","M","R","E","R","T","$","M","M","E","M","R","B",null,"M","?","$","M","?","R","M","R","T","M","$","R","M","M","R"],"character_chosen":"IRONCLAD","items_purchased":["Toxic Egg 2","Inflame","Carnage","Trip","Whirlwind"],"gold_per_floor":[109,34,46,57,57,84,102,121,121,121,147,177,352,3,3,106,106,118,132,132,132,143,143,177,177,231,68,84,97,124,138,138,243,243,255,255,184,202,202,202,217,217,242,262,133,133,153,170,170],"floor_reached":50,"campfire_rested":2,"playtime":3899,"current_hp_per_floor":[72,72,72,72,72,62,58,56,56,56,41,41,41,41,41,25,72,72,72,72,50,50,50,50,50,50,50,50,45,21,33,48,42,50,50,44,44,50,50,50,42,42,42,35,35,35,34,34,49],"items_purged":["Strike_R","Doubt","Bite"],"gold":170,"score":495,"play_id":"b8cb2b7c-dde2-43f7-916a-ef1022f6ed9a","local_time":"20180307174010","is_prod":false,"is_daily":false,"is_ascension_mode":false,"campfire_upgraded":7,"timestamp":1520412010,"path_taken":["M","$","M","M","?","E","M","M","T","R","E","?","?","?","R","BOSS","M","M","?","?","?","R","E","R","T","$","M","?","E","M","R","BOSS","M","?","$","M","?","R","M","R","T","M","$","R","?","M","R","BOSS"],"build_version":"2018-03-01-PROD1","purchased_purges":4,"victory":false,"master_deck":["Defend_R","Defend_R","Defend_R","Bash+1","Metallicize+1","Disarm+1","Cleave","Juggernaut+1","Ghostly Armor","Blood for Blood","Battle Trance","Exhume+1","Inflame+1","Ghostly Armor+1","Bite","Bite","Bite","Bite","Shrug It Off+1","Entrench+1","Inflame+1","Ghostly Armor+1","Battle Trance+1","Disarm+1","Armaments+1","Demon Form+1","Iron Wave+1","Madness+1","Madness+1","Carnage+1","Body Slam+1","Trip+1","Whirlwind","Whirlwind+1","Feel No Pain+1"],"max_hp_per_floor":[72,72,72,72,72,72,72,72,72,72,72,72,72,72,72,72,72,72,72,72,50,50,50,50,50,50,50,50,50,50,50,50,50,50,50,50,50,50,50,50,50,50,50,50,50,50,50,50,50],"relics":["Burning Blood","Happy Flower","Charon\u0027s Ashes","Orichalcum","Pen Nib","Toxic Egg 2","Black Star","Dodecahedron","Frozen Egg 2","Tiny Chest","Art of War","Anchor","Sozu","Oddly Smooth Stone"],"card_choices":[{"not_picked":["Pummel","Rupture"],"picked":"Metallicize"},{"not_picked":["Battle Trance","Body Slam"],"picked":"Disarm"},{"not_picked":["Reckless Charge","Headbutt"],"picked":"Cleave"},{"not_picked":["Flex","Body Slam"],"picked":"Ghostly Armor"},{"not_picked":["Havoc","Clash"],"picked":"Blood for Blood"},{"not_picked":["Fiend Fire","True Grit"],"picked":"Battle Trance"},{"not_picked":["Impervious","Berserk"],"picked":"Exhume"},{"not_picked":["Battle Trance","Thunderclap"],"picked":"Inflame"},{"not_picked":["Body Slam","Perfected Strike"],"picked":"Shrug It Off"},{"not_picked":["Sever Soul","Heavy Blade"],"picked":"Entrench"},{"not_picked":["Double Tap","Headbutt"],"picked":"Ghostly Armor"},{"not_picked":["Sentinel","Infernal Blade"],"picked":"Battle Trance"},{"not_picked":["Clothesline","Iron Wave"],"picked":"Disarm"},{"not_picked":["Shrug It Off","Flex"],"picked":"Armaments"},{"not_picked":["Exhume","Barricade"],"picked":"Demon Form"},{"not_picked":["Perfected Strike","Searing Blow"],"picked":"Iron Wave"},{"not_picked":["Armaments","Heavy Blade"],"picked":"Body Slam"},{"not_picked":["Dropkick","Havoc"],"picked":"Whirlwind"},{"not_picked":["Hemokinesis","Havoc"],"picked":"Feel No Pain"}],"player_experience":69582,"potions_floor_usage":[16,16,28,29,31,33,35],"damage_taken":[{"damage":3,"enemies":"2 Louse","floor":1,"turns":3},{"damage":1,"enemies":"Cultist","floor":3,"turns":4},{"damage":3,"enemies":"Small Slimes","floor":4,"turns":3},{"damage":16,"enemies":"3 Sentries","floor":6,"turns":7},{"damage":10,"enemies":"Exordium Thugs","floor":7,"turns":6},{"damage":8,"enemies":"Large Slime","floor":8,"turns":5},{"damage":21,"enemies":"Gremlin Nob","floor":11,"turns":5},{"damage":22,"enemies":"Slime Boss","floor":16,"turns":7},{"damage":5,"enemies":"Shell Parasite","floor":18,"turns":7},{"damage":6,"enemies":"3 Byrds","floor":19,"turns":4},{"damage":1,"enemies":"Centurion and Healer","floor":22,"turns":8},{"damage":5,"enemies":"Book of Stabbing","floor":24,"turns":9},{"damage":0,"enemies":"Snecko","floor":28,"turns":4},{"damage":19,"enemies":"Cultist and Chosen","floor":29,"turns":7},{"damage":50,"enemies":"Gremlin Leader","floor":30,"turns":8},{"damage":4,"enemies":"Sentry and Sphere","floor":31,"turns":6},{"damage":33,"enemies":"Champ","floor":33,"turns":15},{"damage":0,"enemies":"3 Shapes","floor":35,"turns":5},{"damage":0,"enemies":"Orb Walker","floor":38,"turns":5},{"damage":22,"enemies":"Maw","floor":41,"turns":7},{"damage":22,"enemies":"Sphere and 2 Shapes","floor":44,"turns":7},{"damage":11,"enemies":"4 Shapes","floor":47,"turns":6},{"damage":8,"enemies":"Maw","floor":48,"turns":8},{"damage":81,"enemies":"Awakened One","floor":50,"turns":9}],"event_choices":[{"event_name":"Match and Keep!","player_choice":"1 cards matched","floor":5,"damage_taken":0},{"event_name":"Dead Adventurer","player_choice":"Searched \u00273\u0027 times","floor":12,"damage_taken":0},{"event_name":"Liars Game","player_choice":"agreed","floor":13,"damage_taken":0},{"event_name":"The Library","player_choice":"Read","floor":20,"damage_taken":0},{"event_name":"Vampires","player_choice":"Became a vampire","floor":21,"damage_taken":0},{"event_name":"Winding Halls","player_choice":"Embrace Madness","floor":36,"damage_taken":0},{"event_name":"The Lab","player_choice":"Got Potions","floor":39,"damage_taken":0}],"boss_relics":[{"not_picked":["Pandora\u0027s Box","Ectoplasm"],"picked":"Black Star"},{"not_picked":["Velvet Choker","Cursed Key"],"picked":"Sozu"}],"potions_floor_spawned":[1,4,8,24,28,30,31,35,38,41,48],"seed_played":"-5095931586796657426","killed_by":"Awakened One","ascension_level":0,"is_trial":false}