{"path_per_floor":["M","?","M","?","M","E","R","M","T","E","?","M","$","?","R"],"character_chosen":"THE_SILENT","items_purchased":["Ninja Scroll","Backstab"],"gold_per_floor":[110,185,205,175,185,220,220,232,255,281,281,292,4,4,4,4],"floor_reached":16,"campfire_rested":1,"playtime":1035,"item_purchase_floors":[13,13],"current_hp_per_floor":[70,59,57,57,56,38,38,27,27,17,5,5,5,5,26,1],"items_purged":[],"gold":4,"score":127,"play_id":"6a784169-8c5e-4fb6-b2aa-e44934aecd11","local_time":"20180522061106","is_prod":false,"is_daily":false,"chose_seed":false,"is_ascension_mode":true,"campfire_upgraded":1,"timestamp":1526983866,"campfire_choices":[{"data":"Blade Dance","floor":7,"key":"SMITH"},{"floor":15,"key":"REST"}],"path_taken":["M","?","M","?","?","E","R","?","T","E","?","?","$","?","R","BOSS"],"build_version":"2018-05-21v2","seed_source_timestamp":188727849283993,"purchased_purges":0,"victory":false,"master_deck":["Defend_G","Defend_G","Defend_G","Defend_G","Defend_G","Strike_G","Strike_G","Strike_G","Strike_G","Strike_G","Survivor","Neutralize","Blade Dance","Poisoned Stab","Blade Dance+1","Infinite Blades","Cloak And Dagger","Backstab","Dodge and Roll","Backstab"],"max_hp_per_floor":[70,70,70,70,70,70,70,70,70,70,70,70,70,70,70,70],"relics":["Runic Pyramid","Orichalcum","Anchor","Omamori","Ninja Scroll"],"card_choices":[{"not_picked":["Bane","Escape Plan"],"picked":"Blade Dance","floor":1},{"not_picked":["Catalyst","Skewer"],"picked":"Poisoned Stab","floor":3},{"not_picked":["PiercingWail","Choke"],"picked":"Blade Dance","floor":5},{"not_picked":["Endless Agony","Quick Slash"],"picked":"Infinite Blades","floor":6},{"not_picked":["PiercingWail","Outmaneuver"],"picked":"Cloak And Dagger","floor":8},{"not_picked":["Skewer","PiercingWail"],"picked":"Backstab","floor":10},{"not_picked":["Underhanded Strike","Unload"],"picked":"Dodge and Roll","floor":12}],"player_experience":107433,"potions_floor_usage":[6,6,6,8,16],"damage_taken":[{"damage":0,"enemies":"2 Louse","floor":1,"turns":5},{"damage":2,"enemies":"Jaw Worm","floor":3,"turns":6},{"damage":1,"enemies":"Cultist","floor":5,"turns":3},{"damage":18,"enemies":"Gremlin Nob","floor":6,"turns":4},{"damage":11,"enemies":"Exordium Thugs","floor":8,"turns":4},{"damage":10,"enemies":"3 Sentries","floor":10,"turns":10},{"damage":0,"enemies":"Lots of Slimes","floor":12,"turns":5},{"damage":25,"enemies":"Slime Boss","floor":16,"turns":10}],"relics_obtained":[{"floor":6,"key":"Orichalcum"},{"floor":9,"key":"Anchor"},{"floor":10,"key":"Omamori"}],"event_choices":[{"event_name":"World of Goop","player_choice":"Gather Gold","floor":2,"damage_taken":0},{"event_name":"The Woman in Blue","player_choice":"Bought 2 Potions","floor":4,"damage_taken":0},{"event_name":"Scrap Ooze","player_choice":"unsuccessful","floor":11,"damage_taken":12},{"event_name":"Shining Light","player_choice":"Ignored","floor":14,"damage_taken":0}],"boss_relics":[],"items_purged_floors":[],"potions_floor_spawned":[5,6,12],"seed_played":"-7448821004860242223","killed_by":"Slime Boss","ascension_level":3,"potions_obtained":[{"floor":4,"key":"Weak Potion"},{"floor":4,"key":"Poison Potion"},{"floor":5,"key":"Swift Potion"},{"floor":6,"key":"Explosive Potion"},{"floor":12,"key":"Dexterity Potion"}],"is_trial":false}