{"gold_per_floor":[118,134,152,152,152,152,186,204,230,230,230],"floor_reached":11,"playtime":659,"items_purged":[],"score":88,"play_id":"3b63db50-9039-4ff8-9120-994a153fc69d","local_time":"20180810225648","is_ascension_mode":true,"campfire_choices":[{"data":"Flying Knee","floor":6,"key":"SMITH"}],"neow_cost":"","seed_source_timestamp":2673555864542849,"circlet_count":0,"master_deck":["Defend_G","Defend_G","Defend_G","Defend_G","Defend_G","Strike_G","Strike_G","Strike_G","Strike_G","Strike_G","Survivor","Neutralize","Escape Plan","Terror","Flying Knee+1","Regret","Injury","Quick Slash","Dash+1"],"relics":["Ring of the Snake","Centennial Puzzle","Golden Idol","Omamori","Oddly Smooth Stone"],"potions_floor_usage":[7],"damage_taken":[{"damage":4,"enemies":"Jaw Worm","floor":1,"turns":4},{"damage":7,"enemies":"Small Slimes","floor":2,"turns":5},{"damage":0,"enemies":"2 Louse","floor":3,"turns":2},{"damage":23,"enemies":"3 Sentries","floor":7,"turns":9},{"damage":9,"enemies":"Exordium Wildlife","floor":8,"turns":4},{"damage":27,"floor":11,"turns":6}],"seed_played":"4720573301855241729","potions_obtained":[{"floor":1,"key":"FairyPotion"},{"floor":3,"key":"Fire Potion"}],"is_trial":false,"path_per_floor":["M","M","M","?","?","R","E","M","T","?"],"character_chosen":"THE_SILENT","items_purchased":[],"campfire_rested":0,"item_purchase_floors":[],"current_hp_per_floor":[66,59,59,59,59,59,36,27,27,27,7],"gold":230,"neow_bonus":"","is_prod":false,"is_daily":false,"chose_seed":false,"campfire_upgraded":1,"win_rate":0,"timestamp":1533956208,"path_taken":["M","M","M","?","?","R","E","M","T","?","?"],"build_version":"2018-08-09","purchased_purges":0,"victory":false,"max_hp_per_floor":[70,70,70,70,70,70,70,70,70,70,70],"card_choices":[{"not_picked":["Acrobatics","Tactician"],"picked":"Escape Plan","floor":1},{"not_picked":["Backstab","Expertise"],"picked":"Terror","floor":2},{"not_picked":["Slice","Dagger Spray"],"picked":"Flying Knee","floor":3},{"not_picked":["Heel Hook","Crippling Poison"],"picked":"Quick Slash","floor":7},{"not_picked":["Acrobatics","Quick Slash"],"picked":"Dash","floor":8}],"player_experience":248142,"relics_obtained":[{"floor":7,"key":"Omamori"},{"floor":9,"key":"Oddly Smooth Stone"}],"event_choices":[{"event_name":"Big Fish","player_choice":"Box","floor":4,"damage_taken":0},{"event_name":"Golden Idol","player_choice":"Take Wound","floor":5,"damage_taken":0},{"event_name":"Living Wall","player_choice":"Grow","floor":10,"damage_taken":0},{"event_name":"Mushrooms","player_choice":"Fought Mushrooms","floor":11,"damage_taken":0}],"is_beta":false,"boss_relics":[],"items_purged_floors":[],"is_endless":false,"potions_floor_spawned":[1,3],"ascension_level":4}