{"gold_per_floor":[119,134,134,144,68,68,83,101,124,134,134,134,154,171,171,242,242,260,276,9,9,9,9,23,23,47,47],"floor_reached":27,"playtime":2189,"items_purged":[],"score":373,"play_id":"ebbaacd3-3ef5-404f-b9a9-dd8d16bfa827","local_time":"20190920213934","is_ascension_mode":true,"campfire_choices":[{"data":"Loop","floor":6,"key":"SMITH"},{"floor":15,"key":"REST"},{"data":"Defragment","floor":23,"key":"SMITH"},{"floor":25,"key":"REST"}],"neow_cost":"NONE","seed_source_timestamp":187814314922860,"circlet_count":0,"master_deck":["AscendersBane","Strike_B","Strike_B","Defend_B","Defend_B","Defend_B","Defend_B","Zap+1","Dualcast","Cold Snap","Conserve Battery","Loop+1","Capacitor","Defragment+1","Conserve Battery","BootSequence","Buffer","Barrage","Electrodynamics","Cold Snap","Capacitor","Rebound"],"relics":["Empty Cage","Ancient Tea Set","Cables","Philosopher\u0027s Stone","Pear","Lantern","MealTicket"],"potions_floor_usage":[13,27,27],"damage_taken":[{"damage":0,"enemies":"Small Slimes","floor":1,"turns":3},{"damage":1,"enemies":"Cultist","floor":2,"turns":4},{"damage":5,"enemies":"Jaw Worm","floor":4,"turns":6},{"damage":17,"enemies":"Red Slaver","floor":7,"turns":6},{"damage":14,"enemies":"2 Fungi Beasts","floor":8,"turns":4},{"damage":5,"enemies":"Blue Slaver","floor":10,"turns":6},{"damage":0,"enemies":"Lots of Slimes","floor":13,"turns":2},{"damage":22,"enemies":"3 Louse","floor":14,"turns":5},{"damage":5,"enemies":"Slime Boss","floor":16,"turns":12},{"damage":16,"enemies":"Spheric Guardian","floor":18,"turns":4},{"damage":35,"enemies":"3 Byrds","floor":19,"turns":3},{"damage":11,"enemies":"Centurion and Healer","floor":24,"turns":6},{"damage":36,"enemies":"Gremlin Leader","floor":27,"turns":1}],"seed_played":"7262653268795112202","potions_obtained":[{"floor":1,"key":"Strength Potion"},{"floor":7,"key":"Explosive Potion"},{"floor":13,"key":"FearPotion"},{"floor":19,"key":"DuplicationPotion"},{"floor":24,"key":"FocusPotion"}],"is_trial":false,"path_per_floor":["M","M","?","M","$","R","M","M","T","M","?","T","M","M","R","B",null,"M","M","$","?","?","R","M","R","T","E"],"character_chosen":"DEFECT","items_purchased":["Capacitor","Pear"],"campfire_rested":2,"item_purchase_floors":[5,20],"current_hp_per_floor":[64,63,63,58,58,58,41,27,27,22,39,39,39,17,38,33,62,46,11,21,21,21,21,10,33,33,0],"gold":47,"neow_bonus":"BOSS_RELIC","is_prod":false,"is_daily":false,"chose_seed":false,"campfire_upgraded":2,"win_rate":0,"timestamp":1569029974,"path_taken":["M","M","?","?","$","R","M","M","T","M","?","?","?","M","R","BOSS","M","M","$","?","?","R","?","R","T","E"],"build_version":"2019-09-20","purchased_purges":0,"victory":false,"max_hp_per_floor":[71,71,71,71,71,71,71,71,71,71,71,71,71,71,71,71,71,71,71,81,81,78,78,78,78,78,78],"card_choices":[{"not_picked":["Steam Power","Steam"],"picked":"Cold Snap","floor":1},{"not_picked":["Undo","Steam"],"picked":"Conserve Battery","floor":2},{"not_picked":["Steam","Scrape"],"picked":"Loop","floor":4},{"not_picked":["Storm","Streamline"],"picked":"Defragment","floor":7},{"not_picked":["FTL","Heatsinks"],"picked":"Conserve Battery","floor":8},{"not_picked":["Aggregate","Coolheaded"],"picked":"BootSequence","floor":10},{"not_picked":["Doom and Gloom","Rebound"],"picked":"Buffer","floor":13},{"not_picked":["Reinforced Body","Streamline"],"picked":"Barrage","floor":14},{"not_picked":["Reboot","Core Surge"],"picked":"Electrodynamics","floor":16},{"not_picked":["Reprogram","Gash"],"picked":"Cold Snap","floor":18},{"not_picked":["Beam Cell","BootSequence"],"picked":"Capacitor","floor":19},{"not_picked":["Lockon","Stack"],"picked":"Rebound","floor":24}],"player_experience":611834,"relics_obtained":[{"floor":9,"key":"Ancient Tea Set"},{"floor":12,"key":"Cables"},{"floor":26,"key":"MealTicket"}],"event_choices":[{"damage_healed":0,"gold_gain":0,"player_choice":"Upgraded","damage_taken":0,"max_hp_gain":0,"max_hp_loss":0,"event_name":"Upgrade Shrine","floor":3,"gold_loss":0,"cards_upgraded":["Zap"]},{"damage_healed":17,"gold_gain":0,"player_choice":"Healed and dodged fight","damage_taken":0,"max_hp_gain":0,"max_hp_loss":0,"event_name":"Mushrooms","floor":11,"gold_loss":0,"cards_obtained":["Parasite"]},{"damage_healed":0,"gold_gain":0,"player_choice":"Stole Relic","damage_taken":0,"relics_obtained":["Lantern"],"max_hp_gain":0,"max_hp_loss":0,"event_name":"Addict","floor":21,"gold_loss":0,"cards_obtained":["Shame"]},{"cards_removed":["Shame","Parasite"],"damage_healed":0,"gold_gain":0,"player_choice":"Removed Curses","damage_taken":0,"max_hp_gain":0,"max_hp_loss":0,"event_name":"Fountain of Cleansing","floor":22,"gold_loss":0}],"is_beta":true,"boss_relics":[{"not_picked":["Runic Dome","Tiny House"],"picked":"Philosopher\u0027s Stone"}],"items_purged_floors":[],"is_endless":false,"potions_floor_spawned":[1,7,13,19,24],"killed_by":"Gremlin Leader","ascension_level":16}