{"gold_per_floor":[118,131,151,151,175,206,206,229,229,84,98,273,298,341,341,465,465,481,304,304,11,27,27,46,46,46,79,79,94,94,114,114,244,244,260,260,13,33,57,57,8,46,46,60,393,393,393],"floor_reached":47,"playtime":3576,"items_purged":["Injury","Doubt"],"score":562,"play_id":"48fbd644-04c1-4a98-988a-556d113959f5","local_time":"20181215175843","is_ascension_mode":false,"campfire_choices":[{"floor":7.0,"key":"REST"},{"data":"Machine Learning","floor":15.0,"key":"SMITH"},{"floor":23.0,"key":"RECALL"},{"data":"Machine Learning","floor":28.0,"key":"SMITH"},{"data":"Fusion","floor":30.0,"key":"SMITH"},{"floor":32.0,"key":"REST"},{"data":"Defragment","floor":40.0,"key":"SMITH"},{"data":"Coolheaded","floor":46.0,"key":"SMITH"}],"neow_cost":"TEN_PERCENT_HP_LOSS","seed_source_timestamp":0,"circlet_count":0,"master_deck":["Strike_B","Defend_B","Defend_B","Defend_B","Defend_B","Zap","Dualcast","Machine Learning+1","Steam","Gash","Doom and Gloom","Gash","Gash","Stack","Undo","Coolheaded+1","Fusion+1","FTL","Machine Learning+1","Coolheaded+1","Steam+1","Conserve Battery+1","Hyperbeam","FTL","Darkness+1","Conserve Battery+1","Coolheaded+1","Defragment+1","Darkness+1","Seek+1","Consume+1","Defragment+1","Sweeping Beam","Defragment+1","Conserve Battery+1","Glacier+1"],"special_seed":0,"relics":["FrozenCore","Bag of Preparation","Shuriken","Toxic Egg 2","Inserter","Art of War","Singing Bowl","Pear","DataDisk","Vajra","Dead Branch"],"potions_floor_usage":[],"damage_taken":[{"damage":0.0,"enemies":"Jaw Worm","floor":1.0,"turns":3.0},{"damage":0.0,"enemies":"Small Slimes","floor":2.0,"turns":3.0},{"damage":0.0,"enemies":"Cultist","floor":3.0,"turns":3.0},{"damage":16.0,"enemies":"Exordium Thugs","floor":5.0,"turns":4.0},{"damage":34.0,"enemies":"3 Sentries","floor":6.0,"turns":6.0},{"damage":0.0,"enemies":"3 Louse","floor":8.0,"turns":1.0},{"damage":0.0,"enemies":"Blue Slaver","floor":11.0,"turns":4.0},{"damage":0.0,"enemies":"2 Fungi Beasts","floor":13.0,"turns":4.0},{"damage":2.0,"enemies":"Lagavulin","floor":14.0,"turns":8.0},{"damage":13.0,"enemies":"The Guardian","floor":16.0,"turns":9.0},{"damage":8.0,"enemies":"Chosen","floor":18.0,"turns":7.0},{"damage":0.0,"enemies":"Shell Parasite","floor":22.0,"turns":6.0},{"damage":5.0,"enemies":"Snecko","floor":24.0,"turns":6.0},{"damage":12.0,"enemies":"Gremlin Leader","floor":27.0,"turns":8.0},{"damage":11.0,"enemies":"Snake Plant","floor":29.0,"turns":5.0},{"damage":10.0,"enemies":"Centurion and Healer","floor":31.0,"turns":4.0},{"damage":36.0,"enemies":"Collector","floor":33.0,"turns":9.0},{"damage":0.0,"enemies":"Orb Walker","floor":35.0,"turns":4.0},{"damage":8.0,"enemies":"3 Darklings","floor":38.0,"turns":8.0},{"damage":3.0,"enemies":"Maw","floor":39.0,"turns":7.0},{"damage":12.0,"enemies":"Giant Head","floor":42.0,"turns":10.0},{"damage":0.0,"enemies":"Sphere and 2 Shapes","floor":44.0,"turns":8.0},{"damage":15,"enemies":"Reptomancer","floor":47,"turns":2}],"seed_played":"6345800503173703521","potions_obtained":[{"floor":6.0,"key":"SpeedPotion"},{"floor":11.0,"key":"Energy Potion"},{"floor":13.0,"key":"Poison Potion"},{"floor":24.0,"key":"SteroidPotion"},{"floor":27.0,"key":"Strength Potion"},{"floor":29.0,"key":"Dexterity Potion"},{"floor":38.0,"key":"Weak Potion"}],"is_trial":false,"path_per_floor":["M","M","M","?","M","E","R","M","T","$","M","?","M","E","R","B",null,"M","$","?","$","M","R","M","T","T","E","R","M","R","M","R","B",null,"M","?","$","M","M","R","$","E","T","M","?","R","E"],"character_chosen":"DEFECT","items_purchased":["Undo","Steam+1","Conserve Battery+1","FTL","Darkness+1","Art of War","Defragment","DataDisk","Sweeping Beam","Conserve Battery+1"],"campfire_rested":2,"item_purchase_floors":[10,19,19,21,21,21,37,37,37,41],"current_hp_per_floor":[68,68,68,68,52,18,38,38,38,38,38,38,38,36,36,23,68,60,60,60,60,60,60,55,55,55,53,53,42,42,34,58,22,80,80,80,80,74,71,71,71,61,61,61,61,61,46],"gold":393,"neow_bonus":"TRANSFORM_TWO_CARDS","is_prod":false,"is_daily":false,"chose_seed":false,"campfire_upgraded":5,"win_rate":0,"timestamp":1544914723,"path_taken":["M","M","M","?","M","E","R","M","T","$","M","?","M","E","R","BOSS","M","$","?","$","M","R","?","?","T","E","R","M","R","M","R","BOSS","M","?","$","M","M","R","$","E","T","M","?","R","E"],"build_version":"2018-12-13","purchased_purges":2,"victory":false,"max_hp_per_floor":[68,68,68,68,68,68,68,68,68,68,68,68,68,68,68,68,68,68,68,68,68,68,68,68,68,68,78,78,78,78,80,80,80,80,80,80,80,82,82,82,82,84,84,84,84,84,84],"card_choices":[{"not_picked":["Steam","Consume"],"picked":"Gash","floor":1.0},{"not_picked":["Redo","Barrage"],"picked":"Doom and Gloom","floor":2.0},{"not_picked":["Turbo","Stack"],"picked":"Gash","floor":3.0},{"not_picked":["Glacier","Redo"],"picked":"Gash","floor":5.0},{"not_picked":["Sweeping Beam","Force Field","Barrage"],"picked":"SKIP","floor":6.0},{"not_picked":["Streamline","Barrage"],"picked":"Stack","floor":8.0},{"not_picked":["Genetic Algorithm","Barrage"],"picked":"Coolheaded","floor":11.0},{"not_picked":["Steam","Doom and Gloom"],"picked":"Fusion","floor":13.0},{"not_picked":["Electrodynamics","Barrage"],"picked":"FTL","floor":14.0},{"not_picked":["Core Surge","Buffer"],"picked":"Machine Learning","floor":16.0},{"not_picked":["Undo+1","Go for the Eyes"],"picked":"Coolheaded+1","floor":18.0},{"not_picked":["Self Repair","Cold Snap"],"picked":"Conserve Battery+1","floor":22.0},{"not_picked":["Hologram+1","Sweeping Beam+1"],"picked":"Coolheaded+1","floor":24.0},{"not_picked":["Storm","Scrape"],"picked":"Defragment+1","floor":27.0},{"not_picked":["Hologram+1","Chill+1"],"picked":"Darkness+1","floor":29.0},{"not_picked":["Barrage+1","Chill+1","Reprogram+1"],"picked":"Singing Bowl","floor":31.0},{"not_picked":["Fission+1","Electrodynamics"],"picked":"Seek+1","floor":33.0},{"not_picked":["Cold Snap","Lockon"],"picked":"Consume+1","floor":35.0},{"not_picked":["Ball Lightning+1","Rebound","Redo+1"],"picked":"Singing Bowl","floor":38.0},{"not_picked":["Turbo+1","Capacitor"],"picked":"Defragment+1","floor":39.0},{"not_picked":["Conserve Battery+1","Cold Snap","Genetic Algorithm+1"],"picked":"Singing Bowl","floor":42.0},{"not_picked":["Sweeping Beam","Chaos+1"],"picked":"Glacier+1","floor":44.0}],"player_experience":364539,"relics_obtained":[{"floor":6.0,"key":"Bag of Preparation"},{"floor":9.0,"key":"Shuriken"},{"floor":14.0,"key":"Toxic Egg 2"},{"floor":26.0,"key":"Singing Bowl"},{"floor":27.0,"key":"Pear"},{"floor":42.0,"key":"Vajra"},{"floor":43.0,"key":"Dead Branch"}],"event_choices":[{"damage_healed":0.0,"max_hp_gain":0.0,"max_hp_loss":0.0,"gold_gain":0.0,"event_name":"Golden Idol","player_choice":"Take Wound","floor":4.0,"gold_loss":0.0,"damage_taken":0.0,"relics_obtained":["Golden Idol"],"cards_obtained":["Injury"]},{"damage_healed":0.0,"max_hp_gain":0.0,"max_hp_loss":0.0,"gold_gain":175.0,"event_name":"Liars Game","player_choice":"AGREE","floor":12.0,"gold_loss":0.0,"damage_taken":0.0,"cards_obtained":["Doubt"]},{"damage_healed":0.0,"max_hp_gain":0.0,"max_hp_loss":0.0,"gold_gain":0.0,"cards_transformed":["Strike_B"],"event_name":"Transmorgrifier","player_choice":"Transformed","floor":20.0,"gold_loss":0.0,"damage_taken":0.0,"cards_obtained":["Hyperbeam"]},{"damage_healed":0.0,"max_hp_gain":0.0,"max_hp_loss":0.0,"gold_gain":0.0,"event_name":"Tomb of Lord Red Mask","player_choice":"Ignored","floor":36.0,"gold_loss":0.0,"damage_taken":0.0},{"damage_healed":0.0,"max_hp_gain":0.0,"max_hp_loss":0.0,"gold_gain":333.0,"event_name":"The Moai Head","player_choice":"Gave Idol","floor":45.0,"relics_lost":["Golden Idol"],"gold_loss":0.0,"damage_taken":0.0}],"is_beta":false,"boss_relics":[{"not_picked":["Empty Cage","Astrolabe"],"picked":"Inserter"},{"not_picked":["Fusion Hammer","Black Star"],"picked":"FrozenCore"}],"items_purged_floors":[10,19],"is_endless":false,"potions_floor_spawned":[6,11,13,24,27,29,38,39],"killed_by":"Reptomancer","ascension_level":0}