{"gold_per_floor":[116,116,126,76,93,123,140,170,170,170,189,205,220,253,253,253],"floor_reached":16,"playtime":849,"items_purged":[],"score":161,"play_id":"d29c6248-4a70-4a28-b298-b99e7b1b51c4","local_time":"20190604174123","is_ascension_mode":true,"campfire_choices":[{"data":"Biased Cognition","floor":15,"key":"SMITH"}],"neow_cost":"NONE","seed_source_timestamp":0,"circlet_count":0,"master_deck":["Strike_B","Strike_B","Strike_B","Defend_B","Defend_B","Defend_B","Defend_B","Zap+1","Dualcast","Coolheaded","Chill","Go for the Eyes","Undo","Cold Snap","Hologram","Cold Snap","Biased Cognition+1"],"special_seed":0,"relics":["Cracked Core","GremlinMask","Emotion Chip","Question Card","Letter Opener","Golden Idol","Ancient Tea Set"],"potions_floor_usage":[],"damage_taken":[{"damage":5.0,"enemies":"Small Slimes","floor":1.0,"turns":3.0},{"damage":0.0,"enemies":"Cultist","floor":3.0,"turns":3.0},{"damage":0.0,"enemies":"2 Louse","floor":5.0,"turns":3.0},{"damage":6.0,"enemies":"Lagavulin","floor":6.0,"turns":6.0},{"damage":2.0,"enemies":"Exordium Thugs","floor":7.0,"turns":6.0},{"damage":27.0,"enemies":"3 Sentries","floor":8.0,"turns":10.0},{"damage":0.0,"enemies":"Exordium Wildlife","floor":11.0,"turns":4.0},{"damage":0.0,"enemies":"3 Louse","floor":12.0,"turns":3.0},{"damage":0.0,"enemies":"Large Slime","floor":13.0,"turns":8.0},{"damage":9,"enemies":"Lagavulin","floor":14,"turns":6},{"damage":23,"enemies":"Hexaghost","floor":16,"turns":16}],"seed_played":"-5021106894165244519","potions_obtained":[{"floor":1.0,"key":"AttackPotion"},{"floor":5.0,"key":"Energy Potion"},{"floor":6.0,"key":"FearPotion"},{"floor":13,"key":"Energy Potion"}],"is_trial":false,"path_per_floor":["M","?","M","?","M","E","M","E","T","?","M","M","M","E","R","B"],"character_chosen":"DEFECT","items_purchased":[],"campfire_rested":0,"item_purchase_floors":[],"current_hp_per_floor":[63,63,63,63,63,57,55,28,28,28,28,28,28,19,19,0],"gold":253,"neow_bonus":"UPGRADE_CARD","is_prod":false,"is_daily":false,"chose_seed":false,"campfire_upgraded":1,"win_rate":0,"timestamp":1559666483,"path_taken":["M","?","?","?","M","E","M","E","T","?","M","M","?","E","R","BOSS"],"build_version":"2019-01-23","purchased_purges":0,"victory":false,"max_hp_per_floor":[75,75,75,75,75,75,75,75,75,69,69,69,69,69,69,69],"card_choices":[{"not_picked":["Aggregate","Compile Driver"],"picked":"Coolheaded","floor":1.0},{"not_picked":["Turbo","Force Field"],"picked":"Chill","floor":3.0},{"not_picked":["Static Discharge","Barrage"],"picked":"Go for the Eyes","floor":5.0},{"not_picked":["Skim","Compile Driver"],"picked":"Undo","floor":6.0},{"not_picked":["Compile Driver","Go for the Eyes","Undo"],"picked":"SKIP","floor":7.0},{"not_picked":["All For One","Recycle"],"picked":"Cold Snap","floor":8.0},{"not_picked":["Stack","Beam Cell","Doom and Gloom"],"picked":"Hologram","floor":11.0},{"not_picked":["Steam Power","Sweeping Beam","Barrage","Static Discharge"],"picked":"SKIP","floor":12.0},{"not_picked":["Conserve Battery","Leap","Turbo"],"picked":"Cold Snap","floor":13},{"not_picked":["Blizzard","Steam Power","Stack"],"picked":"Biased Cognition","floor":14}],"player_experience":126388,"relics_obtained":[{"floor":6.0,"key":"Emotion Chip"},{"floor":8.0,"key":"Question Card"},{"floor":9.0,"key":"Letter Opener"},{"floor":14,"key":"Ancient Tea Set"}],"event_choices":[{"damage_healed":0.0,"max_hp_gain":0.0,"max_hp_loss":0.0,"gold_gain":0.0,"event_name":"FaceTrader","player_choice":"Trade","floor":2.0,"gold_loss":0.0,"damage_taken":0.0,"relics_obtained":["GremlinMask"]},{"cards_removed":["Strike_B"],"damage_healed":0.0,"max_hp_gain":0.0,"max_hp_loss":0.0,"gold_gain":0.0,"event_name":"The Cleric","player_choice":"Card Removal","floor":4.0,"gold_loss":50.0,"damage_taken":0.0},{"damage_healed":0.0,"max_hp_gain":0.0,"max_hp_loss":6.0,"gold_gain":0.0,"event_name":"Golden Idol","player_choice":"Lose Max HP","floor":10.0,"gold_loss":0.0,"damage_taken":0.0,"relics_obtained":["Golden Idol"]}],"is_beta":false,"boss_relics":[],"items_purged_floors":[],"is_endless":false,"potions_floor_spawned":[1,5,6,13,14],"killed_by":"Hexaghost","ascension_level":6}