{"gold_per_floor":[110,110,123,142,155,485,485,513,513,56,76,95,126,126,126,249,249,270,289,47,67,67,111,111,135,160,174,198,198,198,218,218,218],"floor_reached":33,"playtime":1967,"items_purged":["Strike_B","Strike_B"],"score":335,"play_id":"2ccc1126-ca59-44f1-8efb-5644815d4d48","local_time":"20190825155020","is_ascension_mode":true,"campfire_choices":[{"data":"Genetic Algorithm","floor":7.0,"key":"SMITH"},{"floor":15.0,"key":"REST"},{"data":"Fission","floor":24.0,"key":"SMITH"},{"floor":32.0,"key":"REST"}],"neow_cost":"NONE","seed_source_timestamp":874116387620500,"circlet_count":0,"master_deck":["Strike_B+1","Defend_B+1","Defend_B+1","Defend_B+1","Defend_B+1","Zap","Dualcast","Doom and Gloom","Hologram","Genetic Algorithm+1","Compile Driver","Coolheaded","Fission+1","Defragment","Melter+1","Gash+1","Conserve Battery","Seek","Meteor Strike+1","Genetic Algorithm+1","Go for the Eyes+1","All For One+1","Redo","Conserve Battery","Streamline+1","Glacier","Gash+1","Redo"],"special_seed":0,"relics":["Cracked Core","Old Coin","Mercury Hourglass","Molten Egg 2","Medical Kit","Blue Candle","Golden Idol","Nuclear Battery","Symbiotic Virus","Juzu Bracelet","Pen Nib"],"potions_floor_usage":[33,33],"damage_taken":[{"damage":2.0,"enemies":"Jaw Worm","floor":1.0,"turns":3.0},{"damage":1.0,"enemies":"Cultist","floor":3.0,"turns":3.0},{"damage":12.0,"enemies":"Small Slimes","floor":4.0,"turns":3.0},{"damage":9.0,"enemies":"2 Fungi Beasts","floor":5.0,"turns":4.0},{"damage":27.0,"enemies":"Lagavulin","floor":6.0,"turns":6.0},{"damage":30.0,"enemies":"Gremlin Nob","floor":8.0,"turns":4.0},{"damage":0.0,"enemies":"Blue Slaver","floor":11.0,"turns":4.0},{"damage":0.0,"enemies":"3 Louse","floor":12.0,"turns":2.0},{"damage":9.0,"enemies":"Lagavulin","floor":13.0,"turns":7.0},{"damage":16.0,"enemies":"Hexaghost","floor":16.0,"turns":9.0},{"damage":19.0,"enemies":"Shell Parasite","floor":18.0,"turns":4.0},{"damage":10.0,"enemies":"Chosen","floor":19.0,"turns":5.0},{"damage":0.0,"enemies":"Sentry and Sphere","floor":21.0,"turns":3.0},{"damage":31.0,"enemies":"Gremlin Leader","floor":23.0,"turns":6.0},{"damage":3.0,"enemies":"Snecko","floor":25.0,"turns":3.0},{"damage":11.0,"enemies":"3 Cultists","floor":27.0,"turns":3.0},{"damage":0.0,"enemies":"Cultist and Chosen","floor":28.0,"turns":4.0},{"damage":0.0,"enemies":"Centurion and Healer","floor":31.0,"turns":4.0},{"damage":29,"enemies":"Champ","floor":33,"turns":10}],"seed_played":"-7232872240626266577","potions_obtained":[{"floor":1.0,"key":"GamblersBrew"},{"floor":3.0,"key":"Block Potion"},{"floor":8.0,"key":"Weak Potion"},{"floor":13.0,"key":"FocusPotion"},{"floor":25.0,"key":"LiquidBronze"},{"floor":27.0,"key":"SpeedPotion"},{"floor":28.0,"key":"AttackPotion"}],"is_trial":false,"path_per_floor":["M","?","M","M","M","E","R","E","T","$","M","M","E","?","R","B",null,"M","M","$","M","?","E","R","M","T","M","M","?","?","M","R","B"],"character_chosen":"DEFECT","items_purchased":["Defragment","Melter+1","Medical Kit","Regen Potion","All For One+1"],"campfire_rested":2,"item_purchase_floors":[10,10,10,10,20],"current_hp_per_floor":[80,80,79,67,58,31,31,1,1,1,13,13,4,4,26,10,76,57,47,47,47,47,16,16,13,13,2,2,2,2,2,24,0],"gold":218,"neow_bonus":"TEN_PERCENT_HP_BONUS","is_prod":false,"is_daily":false,"chose_seed":false,"campfire_upgraded":2,"win_rate":0,"timestamp":1566741020,"path_taken":["M","?","?","M","M","E","R","E","T","?","M","M","E","?","R","BOSS","M","M","$","M","?","E","R","M","T","M","M","?","?","M","R","BOSS"],"build_version":"2019-07-17","purchased_purges":2,"victory":false,"max_hp_per_floor":[82,82,82,82,82,82,82,82,82,82,82,82,82,76,76,76,76,76,76,76,76,76,76,76,76,76,76,76,76,76,76,76,76],"card_choices":[{"not_picked":["Loop","Redo"],"picked":"Doom and Gloom","floor":1.0},{"not_picked":["Cold Snap","Undo"],"picked":"Hologram","floor":3.0},{"not_picked":["Compile Driver","Streamline"],"picked":"Genetic Algorithm","floor":4.0},{"not_picked":["Fusion","Storm"],"picked":"Compile Driver","floor":5.0},{"not_picked":["Beam Cell","Tempest"],"picked":"Coolheaded","floor":6.0},{"not_picked":["Leap","Thunder Strike"],"picked":"Fission","floor":8.0},{"not_picked":["Leap","Barrage+1"],"picked":"Gash+1","floor":11.0},{"not_picked":["Genetic Algorithm","BootSequence"],"picked":"Conserve Battery","floor":12.0},{"not_picked":["Barrage+1","Hologram"],"picked":"Seek","floor":13.0},{"not_picked":["Amplify","Rainbow"],"picked":"Meteor Strike+1","floor":16.0},{"not_picked":["Chaos","Stack"],"picked":"Genetic Algorithm+1","floor":18.0},{"not_picked":["Beam Cell+1","Glacier+1"],"picked":"Go for the Eyes+1","floor":19.0},{"not_picked":["Ball Lightning+1","Buffer"],"picked":"Redo","floor":21.0},{"not_picked":["Stack","Consume"],"picked":"Conserve Battery","floor":23.0},{"not_picked":["Hologram","Stack"],"picked":"Streamline+1","floor":25.0},{"not_picked":["Fission","Redo"],"picked":"Glacier","floor":27.0},{"not_picked":["Coolheaded+1","Aggregate"],"picked":"Gash+1","floor":28.0},{"not_picked":["Hello World","Ball Lightning+1"],"picked":"Redo","floor":31.0}],"player_experience":196963,"relics_obtained":[{"floor":6.0,"key":"Old Coin"},{"floor":8.0,"key":"Mercury Hourglass"},{"floor":9.0,"key":"Molten Egg 2"},{"floor":13.0,"key":"Blue Candle"},{"floor":23.0,"key":"Symbiotic Virus"},{"floor":26.0,"key":"Juzu Bracelet"}],"event_choices":[{"cards_removed":["Strike_B"],"damage_healed":0.0,"max_hp_gain":0.0,"max_hp_loss":0.0,"gold_gain":0.0,"event_name":"Purifier","player_choice":"Purged","floor":2.0,"gold_loss":0.0,"damage_taken":0.0},{"damage_healed":0.0,"max_hp_gain":0.0,"max_hp_loss":6.0,"gold_gain":0.0,"event_name":"Golden Idol","player_choice":"Lose Max HP","floor":14.0,"gold_loss":0.0,"damage_taken":0.0,"relics_obtained":["Golden Idol"]},{"damage_healed":0.0,"max_hp_gain":0.0,"max_hp_loss":0.0,"gold_gain":0.0,"event_name":"Back to Basics","player_choice":"Simplicity","floor":22.0,"gold_loss":0.0,"damage_taken":0.0,"cards_upgraded":["Strike_B","Defend_B","Defend_B","Defend_B","Defend_B"]},{"damage_healed":0.0,"max_hp_gain":0.0,"max_hp_loss":0.0,"gold_gain":0.0,"event_name":"Vampires","player_choice":"Ignored","floor":29.0,"gold_loss":0.0,"damage_taken":0.0},{"damage_healed":0.0,"max_hp_gain":0.0,"max_hp_loss":0.0,"gold_gain":0.0,"event_name":"The Mausoleum","player_choice":"Opened","floor":30.0,"gold_loss":0.0,"damage_taken":0.0,"relics_obtained":["Pen Nib"]}],"is_beta":false,"boss_relics":[{"not_picked":["Cursed Key","FrozenCore"],"picked":"Nuclear Battery"}],"items_purged_floors":[10,20],"is_endless":false,"potions_floor_spawned":[1,3,8,13,25,27,28,31],"killed_by":"Champ","ascension_level":3}