{"gold_per_floor":[113,113,16,27,40,40,5,24,47,82,257,257,22,22,22,117,117,132,80,92,0,0],"floor_reached":22,"playtime":596,"items_purged":["Doubt"],"score":273,"play_id":"cebbdd66-b9d5-46a0-89ad-d17e45429fde","local_time":"20190618011847","is_ascension_mode":true,"campfire_choices":[{"data":"Hologram","floor":6,"key":"SMITH"},{"floor":12,"key":"REST"},{"data":"Zap","floor":15,"key":"SMITH"}],"neow_cost":"NONE","seed_source_timestamp":376315715590100,"circlet_count":0,"master_deck":["AscendersBane","Strike_B","Strike_B+1","Strike_B","Strike_B+1","Defend_B","Defend_B","Defend_B","Defend_B","Zap+1","Dualcast","Cold Snap","Gash","Scrape","Cold Snap","Hologram+1","Melter","Machine Learning","Sunder","BootSequence","Leap","Echo Form","Steam+1","Cold Snap","Gash+1"],"relics":["Philosopher\u0027s Stone","Art of War","Orichalcum","Nuclear Battery"],"potions_floor_usage":[16,22,22],"damage_taken":[{"damage":3,"enemies":"2 Louse","floor":1,"turns":3},{"damage":6,"enemies":"Jaw Worm","floor":4,"turns":4},{"damage":11,"enemies":"Small Slimes","floor":5,"turns":3},{"damage":4,"enemies":"Blue Slaver","floor":8,"turns":4},{"damage":25,"enemies":"Gremlin Nob","floor":10,"turns":4},{"damage":34,"enemies":"Hexaghost","floor":16,"turns":11},{"damage":42,"enemies":"3 Byrds","floor":18,"turns":5},{"damage":13,"enemies":"Chosen","floor":20,"turns":5},{"damage":9,"enemies":"Snake Plant","floor":22,"turns":2}],"seed_played":"37671092286711427","potions_obtained":[{"floor":4,"key":"PowerPotion"},{"floor":5,"key":"SneckoOil"},{"floor":10,"key":"Weak Potion"},{"floor":20,"key":"Explosive Potion"}],"is_trial":false,"path_per_floor":["M","?","$","M","M","R","?","M","T","E","?","R","$","?","R","B",null,"M","$","M","?","M"],"character_chosen":"DEFECT","items_purchased":["Gash","Scrape","Sunder","BootSequence","Leap","Cold Snap"],"campfire_rested":1,"item_purchase_floors":[3,3,13,13,13,19],"current_hp_per_floor":[65,50,50,44,33,33,51,47,47,22,22,44,44,49,49,15,64,22,22,9,9,0],"gold":0,"neow_bonus":"BOSS_RELIC","is_prod":false,"is_daily":false,"chose_seed":false,"campfire_upgraded":2,"win_rate":0,"timestamp":1560817127,"path_taken":["M","?","$","M","M","R","?","M","T","E","?","R","$","?","R","BOSS","M","$","M","?","M"],"build_version":"2019-01-23","purchased_purges":1,"victory":false,"max_hp_per_floor":[75,75,75,75,75,75,75,75,75,75,75,75,75,80,80,80,80,80,80,80,80,80],"card_choices":[{"not_picked":["Hologram","Steam"],"picked":"Cold Snap","floor":1},{"not_picked":["Static Discharge","Hologram"],"picked":"Cold Snap","floor":4},{"not_picked":["Sweeping Beam","Force Field"],"picked":"Hologram","floor":5},{"not_picked":["Redo","Go for the Eyes"],"picked":"Melter","floor":8},{"not_picked":["Compile Driver","Force Field"],"picked":"Machine Learning","floor":10},{"not_picked":["Core Surge","Electrodynamics"],"picked":"Echo Form","floor":16},{"not_picked":["Turbo","Rip and Tear"],"picked":"Steam+1","floor":18},{"not_picked":["White Noise+1","Turbo"],"picked":"Gash+1","floor":20}],"player_experience":159911,"relics_obtained":[{"floor":9,"key":"Art of War"},{"floor":10,"key":"Orichalcum"}],"event_choices":[{"damage_healed":0,"gold_gain":0,"player_choice":"Entered Light","damage_taken":15,"max_hp_gain":0,"max_hp_loss":0,"event_name":"Shining Light","floor":2,"gold_loss":0,"cards_upgraded":["Strike_B","Strike_B"]},{"damage_healed":18,"gold_gain":0,"player_choice":"Healed","damage_taken":0,"max_hp_gain":0,"max_hp_loss":0,"event_name":"The Cleric","floor":7,"gold_loss":35},{"damage_healed":0,"gold_gain":175,"player_choice":"AGREE","damage_taken":0,"max_hp_gain":0,"max_hp_loss":0,"event_name":"Liars Game","floor":11,"gold_loss":0,"cards_obtained":["Doubt"]},{"damage_healed":0,"gold_gain":0,"player_choice":"Donut","damage_taken":0,"max_hp_gain":5,"max_hp_loss":0,"event_name":"Big Fish","floor":14,"gold_loss":0},{"damage_healed":0,"gold_gain":0,"player_choice":"Paid Fearfully","damage_taken":0,"max_hp_gain":0,"max_hp_loss":0,"event_name":"Masked Bandits","floor":21,"gold_loss":92}],"is_beta":false,"boss_relics":[{"not_picked":["Tiny House","Black Star"],"picked":"Nuclear Battery"}],"items_purged_floors":[13],"is_endless":false,"potions_floor_spawned":[4,5,10,20],"killed_by":"Snake Plant","ascension_level":10}