{"path_per_floor":["M","?","?","M","$","R","E","M","T","E","M","R","?","M","R"],"character_chosen":"THE_SILENT","items_purchased":["Deadly Poison","Noxious Fumes"],"gold_per_floor":[109,109,109,127,10,10,44,59,59,93,107,107,77,94,94,94],"floor_reached":16,"campfire_rested":1,"playtime":934,"current_hp_per_floor":[66,66,66,65,65,65,34,34,34,19,17,38,38,38,38,4],"items_purged":[],"gold":94,"score":121,"play_id":"d729b3aa-6dc1-42c1-af09-ea2e72aed7a1","local_time":"20180405163612","is_prod":false,"is_daily":false,"is_ascension_mode":true,"campfire_upgraded":2,"timestamp":1522913772,"path_taken":["M","?","?","M","$","R","E","M","T","E","M","R","?","M","R","BOSS"],"build_version":"2018-03-29v2","purchased_purges":0,"victory":false,"master_deck":["Defend_G","Defend_G","Defend_G","Defend_G","Defend_G","Strike_G","Strike_G","Strike_G","Strike_G","Survivor","Neutralize","Normality","Injury","Outmaneuver","After Image","Footwork","Deadly Poison","Noxious Fumes+1","Bane","Deadly Poison","Corpse Explosion+1","Backflip","Deflect"],"max_hp_per_floor":[70,70,70,70,70,70,70,70,70,70,70,70,70,70,70,70],"relics":["Calling Bell","Omamori","Letter Opener","Snake Skull","Bronze Scales","Bottled Lightning","Gremlin Horn"],"card_choices":[{"not_picked":["Quick Slash","Acrobatics"],"picked":"Outmaneuver","floor":1},{"not_picked":["Acrobatics","Backstab"],"picked":"Footwork","floor":4},{"not_picked":["Cloak And Dagger","Terror"],"picked":"Bane","floor":7},{"not_picked":["Backstab","Dagger Spray"],"picked":"Deadly Poison","floor":8},{"not_picked":["Slice","Dagger Spray"],"picked":"Corpse Explosion","floor":10},{"not_picked":["Prepared","Expertise"],"picked":"Backflip","floor":11},{"not_picked":["Sucker Punch","Dodge and Roll"],"picked":"Deflect","floor":14}],"player_experience":141117,"potions_floor_usage":[10,11,16,16],"damage_taken":[{"damage":4,"enemies":"2 Louse","floor":1,"turns":4},{"damage":1,"enemies":"Small Slimes","floor":4,"turns":6},{"damage":31,"enemies":"Lagavulin","floor":7,"turns":10},{"damage":0,"enemies":"Cultist","floor":8,"turns":4},{"damage":15,"enemies":"Gremlin Nob","floor":10,"turns":4},{"damage":2,"enemies":"3 Louse","floor":11,"turns":3},{"damage":0,"enemies":"Large Slime","floor":14,"turns":7},{"damage":34,"enemies":"Slime Boss","floor":16,"turns":9}],"event_choices":[{"event_name":"Living Wall","player_choice":"Forget","floor":2,"damage_taken":0},{"event_name":"Transmorgrifier","player_choice":"Transform","floor":3,"damage_taken":0},{"event_name":"The Woman in Blue","player_choice":"Bought 2 Potions","floor":13,"damage_taken":0}],"boss_relics":[],"potions_floor_spawned":[7,8,11],"seed_played":"2684227793722686710","killed_by":"Slime Boss","ascension_level":2,"is_trial":false}