{"gold_per_floor":[117,134,154,154,154,154,179,202,202,226,226,250,250,324,324,324],"floor_reached":16,"playtime":500,"items_purged":[],"score":146,"play_id":"af786bac-f1dd-4ce3-97db-16205086a078","local_time":"20190627201816","is_ascension_mode":true,"campfire_choices":[{"data":"Zap","floor":6,"key":"SMITH"},{"data":"White Noise","floor":11,"key":"SMITH"},{"floor":13,"key":"REST"},{"data":"Sunder","floor":15,"key":"SMITH"}],"neow_cost":"NONE","seed_source_timestamp":560916805918899,"circlet_count":0,"master_deck":["AscendersBane","Strike_B","Strike_B","Strike_B","Strike_B","Defend_B","Defend_B","Defend_B","Defend_B","Zap+1","Dualcast","White Noise+1","Reinforced Body","White Noise+1","Sunder+1"],"relics":["Cracked Core","NeowsBlessing","Golden Idol","Lantern"],"potions_floor_usage":[12,16],"damage_taken":[{"damage":0,"enemies":"Cultist","floor":1,"turns":1},{"damage":0,"enemies":"2 Louse","floor":2,"turns":1},{"damage":0,"enemies":"Jaw Worm","floor":3,"turns":1},{"damage":4,"enemies":"Large Slime","floor":7,"turns":8},{"damage":0,"enemies":"Exordium Wildlife","floor":8,"turns":3},{"damage":2,"enemies":"3 Louse","floor":10,"turns":3},{"damage":57,"enemies":"Gremlin Gang","floor":12,"turns":5},{"damage":36,"enemies":"The Guardian","floor":16,"turns":8}],"seed_played":"-1361759524429347871","potions_obtained":[{"floor":1,"key":"Poison Potion"},{"floor":7,"key":"Weak Potion"},{"floor":8,"key":"Fruit Juice"}],"is_trial":false,"path_per_floor":["M","M","M","?","?","R","M","M","T","M","R","M","R","?","R","B"],"character_chosen":"DEFECT","items_purchased":[],"campfire_rested":1,"item_purchase_floors":[],"current_hp_per_floor":[68,68,68,68,68,68,64,64,64,62,62,10,32,32,32,0],"gold":324,"neow_bonus":"THREE_ENEMY_KILL","is_prod":false,"is_daily":false,"chose_seed":false,"campfire_upgraded":3,"win_rate":0,"timestamp":1561663096,"path_taken":["M","?","M","?","?","R","M","M","T","M","R","M","R","?","R","BOSS"],"build_version":"2019-01-23","purchased_purges":0,"victory":false,"max_hp_per_floor":[75,75,75,75,69,69,69,69,69,69,69,74,74,74,74,74],"card_choices":[{"not_picked":["Leap","Conserve Battery"],"picked":"White Noise","floor":1},{"not_picked":["Streamline","Steam"],"picked":"Reinforced Body","floor":2},{"not_picked":["Turbo","Blizzard","Chaos"],"picked":"SKIP","floor":3},{"not_picked":["Go for the Eyes","Stack","Steam Power"],"picked":"SKIP","floor":7},{"not_picked":["Leap","Storm"],"picked":"White Noise","floor":8},{"not_picked":["Streamline","Aggregate","Consume"],"picked":"SKIP","floor":10},{"not_picked":["Coolheaded","Beam Cell"],"picked":"Sunder","floor":12}],"player_experience":176246,"relics_obtained":[{"floor":9,"key":"Lantern"}],"event_choices":[{"damage_healed":0,"gold_gain":0,"player_choice":"Grow","damage_taken":0,"max_hp_gain":0,"max_hp_loss":0,"event_name":"Living Wall","floor":4,"gold_loss":0,"cards_upgraded":["White Noise"]},{"damage_healed":0,"gold_gain":0,"player_choice":"Lose Max HP","damage_taken":0,"relics_obtained":["Golden Idol"],"max_hp_gain":0,"max_hp_loss":6,"event_name":"Golden Idol","floor":5,"gold_loss":0},{"damage_healed":0,"gold_gain":74,"player_choice":"Gained Gold","damage_taken":0,"max_hp_gain":0,"max_hp_loss":0,"event_name":"Golden Wing","floor":14,"gold_loss":0}],"is_beta":false,"boss_relics":[],"items_purged_floors":[],"is_endless":false,"potions_floor_spawned":[1,7,8],"killed_by":"The Guardian","ascension_level":11}