{"gold_per_floor":[361,375,375,393,16,16,57,57,57,57,100,115,115,115,115,244,244,262,287,47,47,77,121,134,134,158,158,176,176,176,195,195,195],"floor_reached":33,"playtime":1741,"items_purged":["Injury"],"score":402,"play_id":"3a3f945f-e70d-4998-a3ff-d3d7c50ce81c","local_time":"20190828061909","is_ascension_mode":true,"campfire_choices":[{"data":"Genetic Algorithm","floor":6.0,"key":"SMITH"},{"floor":10.0,"key":"REST"},{"data":"White Noise","floor":15.0,"key":"SMITH"},{"floor":25.0,"key":"REST"},{"floor":30,"key":"REST"},{"floor":32,"key":"REST"}],"neow_cost":"PERCENT_DAMAGE","seed_source_timestamp":0,"circlet_count":0,"master_deck":["Strike_B","Strike_B","Defend_B","Defend_B","Defend_B","Defend_B","Zap","Dualcast","Conserve Battery","Sweeping Beam","Genetic Algorithm+1","Self Repair","Rip and Tear","Coolheaded","White Noise+1","Leap","Biased Cognition","Loop+1","Capacitor","Streamline+1","Rebound","Leap","Conserve Battery","Beam Cell"],"special_seed":0,"relics":["Cracked Core","Golden Idol","Centennial Puzzle","FossilizedHelix","Mummified Hand","Matryoshka","Potion Belt","Fusion Hammer","Frozen Egg 2","StoneCalendar","Tiny Chest","Juzu Bracelet","Du-Vu Doll","Lantern","Ancient Tea Set"],"potions_floor_usage":[28,33,33],"damage_taken":[{"damage":7.0,"enemies":"2 Louse","floor":1.0,"turns":2.0},{"damage":4.0,"enemies":"Jaw Worm","floor":2.0,"turns":3.0},{"damage":6.0,"enemies":"Small Slimes","floor":4.0,"turns":3.0},{"damage":27.0,"enemies":"3 Sentries","floor":7.0,"turns":7.0},{"damage":0.0,"enemies":"Gremlin Nob","floor":11.0,"turns":3.0},{"damage":1.0,"enemies":"2 Fungi Beasts","floor":12.0,"turns":4.0},{"damage":39.0,"enemies":"Slime Boss","floor":16.0,"turns":14.0},{"damage":0.0,"enemies":"Shell Parasite","floor":18.0,"turns":6.0},{"damage":19.0,"enemies":"Chosen","floor":19.0,"turns":5.0},{"damage":45.0,"enemies":"Book of Stabbing","floor":23.0,"turns":7.0},{"damage":7.0,"enemies":"Snecko","floor":24.0,"turns":5.0},{"damage":59,"enemies":"3 Cultists","floor":28,"turns":6},{"damage":5,"enemies":"Snake Plant","floor":31,"turns":4},{"damage":74,"enemies":"Automaton","floor":33,"turns":10}],"seed_played":"-8368578677363032398","potions_obtained":[{"floor":2.0,"key":"SkillPotion"},{"floor":4.0,"key":"FairyPotion"},{"floor":7.0,"key":"SkillPotion"},{"floor":11.0,"key":"Regen Potion"},{"floor":24.0,"key":"Regen Potion"},{"floor":28,"key":"Block Potion"},{"floor":31,"key":"Strength Potion"}],"is_trial":false,"path_per_floor":["M","M","?","M","$","R","E","T","T","R","E","M","?","?","R","B",null,"M","M","$","?","T","E","M","R","T","?","M","?","R","M","R","B"],"character_chosen":"DEFECT","items_purchased":["Self Repair","Centennial Puzzle","Rip and Tear","Frozen Egg 2"],"campfire_rested":4,"item_purchase_floors":[5,5,5,20],"current_hp_per_floor":[43,39,39,33,33,33,13,13,13,35,42,48,73,73,73,41,67,74,62,62,62,62,33,33,55,55,55,8,8,30,32,54,0],"gold":195,"neow_bonus":"TWO_FIFTY_GOLD","is_prod":false,"is_daily":false,"chose_seed":false,"campfire_upgraded":2,"win_rate":0,"timestamp":1566987549,"path_taken":["M","M","?","M","$","R","E","?","T","R","E","M","?","?","R","BOSS","M","M","$","?","?","E","M","R","T","?","M","?","R","M","R","BOSS"],"build_version":"2019-08-26","purchased_purges":1,"victory":false,"max_hp_per_floor":[75,75,75,75,75,75,75,75,75,75,75,75,75,75,75,75,75,75,75,75,75,75,75,75,75,75,75,75,75,75,75,75,75],"card_choices":[{"not_picked":["Steam","Undo"],"picked":"Conserve Battery","floor":1.0},{"not_picked":["Barrage","Reinforced Body"],"picked":"Sweeping Beam","floor":2.0},{"not_picked":["Sweeping Beam","Reprogram"],"picked":"Genetic Algorithm","floor":4.0},{"not_picked":["Tempest","Turbo"],"picked":"Coolheaded","floor":7.0},{"not_picked":["Streamline","Stack"],"picked":"White Noise","floor":11.0},{"not_picked":["Tempest","Reprogram"],"picked":"Leap","floor":12.0},{"not_picked":["Machine Learning","Buffer"],"picked":"Biased Cognition","floor":16.0},{"not_picked":["Undo","Go for the Eyes"],"picked":"Loop+1","floor":18.0},{"not_picked":["Compile Driver","Rebound"],"picked":"Capacitor","floor":19.0},{"not_picked":["Genetic Algorithm","Cold Snap"],"picked":"Streamline+1","floor":23.0},{"not_picked":["Steam Power","Barrage"],"picked":"Rebound","floor":24.0},{"not_picked":["Sunder","Stack"],"picked":"Conserve Battery","floor":28},{"not_picked":["Turbo","Scrape"],"picked":"Beam Cell","floor":31}],"player_experience":133099,"relics_obtained":[{"floor":7.0,"key":"FossilizedHelix"},{"floor":8.0,"key":"Mummified Hand"},{"floor":9.0,"key":"Matryoshka"},{"floor":11.0,"key":"Potion Belt"},{"floor":22.0,"key":"Tiny Chest"},{"floor":22.0,"key":"Juzu Bracelet"},{"floor":23.0,"key":"Du-Vu Doll"},{"floor":26.0,"key":"Lantern"},{"floor":26.0,"key":"Ancient Tea Set"}],"event_choices":[{"damage_healed":0.0,"max_hp_gain":0.0,"max_hp_loss":0.0,"gold_gain":0.0,"event_name":"Golden Idol","player_choice":"Take Wound","floor":3.0,"gold_loss":0.0,"damage_taken":0.0,"relics_obtained":["Golden Idol"],"cards_obtained":["Injury"]},{"damage_healed":25.0,"max_hp_gain":0.0,"max_hp_loss":0.0,"gold_gain":0.0,"event_name":"Big Fish","player_choice":"Banana","floor":13.0,"gold_loss":0.0,"damage_taken":0.0},{"cards_removed":["Strike_B"],"damage_healed":0.0,"max_hp_gain":0.0,"max_hp_loss":0.0,"gold_gain":0.0,"event_name":"Bonfire Elementals","player_choice":"Offered Basic","floor":14.0,"gold_loss":0.0,"damage_taken":0.0},{"damage_healed":0.0,"max_hp_gain":0.0,"max_hp_loss":0.0,"gold_gain":0.0,"event_name":"The Mausoleum","player_choice":"Opened","floor":21.0,"gold_loss":0.0,"damage_taken":0.0,"relics_obtained":["StoneCalendar"],"cards_obtained":["Writhe"]},{"damage_healed":0,"gold_gain":0,"cards_transformed":["Strike_B"],"player_choice":"Transformed","damage_taken":0,"max_hp_gain":0,"max_hp_loss":0,"event_name":"Transmorgrifier","floor":27,"gold_loss":0,"cards_obtained":["Leap"]},{"cards_removed":["Writhe"],"damage_healed":0,"gold_gain":0,"player_choice":"Removed Curses","damage_taken":0,"max_hp_gain":0,"max_hp_loss":0,"event_name":"Fountain of Cleansing","floor":29,"gold_loss":0}],"is_beta":true,"boss_relics":[{"not_picked":["Busted Crown","White Beast Statue"],"picked":"Fusion Hammer"}],"items_purged_floors":[5],"is_endless":false,"potions_floor_spawned":[2,4,7,11,24,28,31],"killed_by":"Automaton","ascension_level":7}