{"gold_per_floor":[119,119,119,139,139,139,155,188,211,211,245,15,15,115,115,218,218,233,37,37,37,54,89,89,119,119,119,119,119,119,134,134,235,235,251,251,264,264,264,264,289,289,343,343,95,130,130,130,130,130],"floor_reached":51,"playtime":1320,"items_purged":["Defend_R","Strike_R","Injury"],"score":898,"play_id":"9e15c130-7980-4d78-b345-b4f10bf97233","local_time":"20190414191924","is_ascension_mode":true,"campfire_choices":[{"data":"Armaments","floor":6,"key":"SMITH"},{"data":"Bludgeon","floor":10,"key":"SMITH"},{"data":"True Grit","floor":15,"key":"SMITH"},{"data":"Demon Form","floor":24,"key":"SMITH"},{"data":"Defend_R","floor":27,"key":"SMITH"},{"floor":29,"key":"REST"},{"data":"Defend_R","floor":32,"key":"SMITH"},{"data":"Madness","floor":40,"key":"SMITH"},{"floor":44,"key":"REST"},{"floor":49,"key":"REST"}],"neow_cost":"NONE","seed_source_timestamp":74058350198900,"circlet_count":0,"master_deck":["Strike_R+1","Strike_R+1","Defend_R+1","Defend_R+1","Defend_R+1","Bash+1","Anger+1","Armaments+1","Bludgeon+1","True Grit+1","Demon Form+1","Injury","Limit Break+1","Panacea+1","Madness+1","Madness+1","Metallicize+1","Limit Break+1"],"relics":["Burning Blood","NeowsBlessing","Juzu Bracelet","Centennial Puzzle","Whetstone","Anchor","Cursed Key","Mercury Hourglass","PreservedInsect","Regal Pillow","Bronze Scales","Nilry\u0027s Codex","Lizard Tail","Orichalcum","Red Skull","Molten Egg 2","Mark of the Bloom"],"potions_floor_usage":[8,16,16,25,35,41,46,50,50,50],"damage_taken":[{"damage":0,"enemies":"2 Louse","floor":1,"turns":1},{"damage":0,"enemies":"Cultist","floor":4,"turns":1},{"damage":0,"enemies":"Small Slimes","floor":7,"turns":1},{"damage":21,"enemies":"Gremlin Nob","floor":8,"turns":4},{"damage":10,"enemies":"3 Sentries","floor":11,"turns":5},{"damage":32,"enemies":"Hexaghost","floor":16,"turns":8},{"damage":4,"enemies":"3 Byrds","floor":18,"turns":5},{"damage":7,"enemies":"Shell Parasite","floor":22,"turns":3},{"damage":30,"enemies":"Gremlin Leader","floor":23,"turns":3},{"damage":24,"enemies":"Book of Stabbing","floor":25,"turns":3},{"damage":0,"enemies":"Cultist and Chosen","floor":31,"turns":5},{"damage":61,"enemies":"Automaton","floor":33,"turns":7},{"damage":9,"enemies":"3 Shapes","floor":35,"turns":4},{"damage":32,"enemies":"Orb Walker","floor":37,"turns":5},{"damage":23,"enemies":"Reptomancer","floor":41,"turns":5},{"damage":34,"enemies":"Nemesis","floor":46,"turns":7},{"damage":47,"enemies":"Awakened One","floor":50,"turns":7}],"seed_played":"-5512024525030785721","potions_obtained":[{"floor":1,"key":"EssenceOfSteel"},{"floor":4,"key":"PowerPotion"},{"floor":7,"key":"SkillPotion"},{"floor":22,"key":"SteroidPotion"},{"floor":25,"key":"Poison Potion"},{"floor":35,"key":"Dexterity Potion"},{"floor":46,"key":"Explosive Potion"}],"is_trial":false,"path_per_floor":["M","?","?","M","?","R","M","E","T","R","E","$","?","?","R","B",null,"M","$","?","?","M","E","R","E","T","R","?","R","?","M","R","B",null,"M","?","M","?","?","R","E","?","T","R","$","E","?","?","R","B",null],"character_chosen":"IRONCLAD","items_purchased":["Anchor","AttackPotion","Energy Potion","SkillPotion","Limit Break"],"campfire_rested":3,"item_purchase_floors":[12,19,19,45,45],"current_hp_per_floor":[80,80,80,80,85,85,85,70,70,70,66,66,59,59,59,33,85,85,85,85,85,84,60,60,42,42,42,42,82,66,72,72,17,85,82,82,56,56,45,45,28,28,28,68,68,40,74,74,74,27],"gold":130,"neow_bonus":"THREE_ENEMY_KILL","is_prod":false,"is_daily":false,"chose_seed":false,"campfire_upgraded":7,"win_rate":0,"timestamp":1555265964,"path_taken":["M","?","?","?","?","R","M","E","T","R","E","$","?","?","R","BOSS","M","$","?","?","M","E","R","E","T","R","?","R","?","M","R","BOSS","M","?","M","?","?","R","E","?","T","R","$","E","?","?","R","BOSS"],"build_version":"2019-01-23","purchased_purges":3,"victory":true,"max_hp_per_floor":[80,80,80,80,85,85,85,85,85,85,85,85,85,85,85,85,85,85,85,85,85,85,85,85,85,85,85,85,85,85,85,85,85,85,85,85,85,85,85,85,85,85,85,85,85,85,74,74,74,74],"card_choices":[{"not_picked":["Searing Blow","Clash"],"picked":"Anger","floor":1},{"not_picked":["Power Through","Shrug It Off"],"picked":"Armaments","floor":4},{"not_picked":["Clothesline","Armaments","Warcry"],"picked":"SKIP","floor":7},{"not_picked":["Spot Weakness","Shockwave"],"picked":"Bludgeon","floor":8},{"not_picked":["Headbutt","Rupture"],"picked":"True Grit","floor":11},{"not_picked":["Double Tap","Barricade"],"picked":"Demon Form","floor":16},{"not_picked":["Fire Breathing+1","Pommel Strike","Perfected Strike+1"],"picked":"SKIP","floor":18},{"not_picked":["Clothesline+1","True Grit","Pommel Strike"],"picked":"SKIP","floor":22},{"not_picked":["Armaments","Wild Strike","Evolve"],"picked":"SKIP","floor":23},{"not_picked":["Heavy Blade","Havoc+1","Feed"],"picked":"SKIP","floor":25},{"not_picked":["Pommel Strike","Headbutt","Twin Strike"],"picked":"SKIP","floor":31},{"not_picked":["Impervious","Feed"],"picked":"Limit Break","floor":33},{"not_picked":["Anger+1","Whirlwind+1","Warcry+1"],"picked":"SKIP","floor":35},{"not_picked":["Bandage Up","Good Instincts"],"picked":"Panacea","floor":36},{"not_picked":["Headbutt+1","Flame Barrier","Bloodletting+1"],"picked":"SKIP","floor":37},{"not_picked":["Armaments","Warcry+1"],"picked":"Metallicize+1","floor":41},{"not_picked":["Sword Boomerang+1","Demon Form","Armaments+1"],"picked":"SKIP","floor":46}],"player_experience":27799,"relics_obtained":[{"floor":8,"key":"Juzu Bracelet"},{"floor":9,"key":"Centennial Puzzle"},{"floor":11,"key":"Whetstone"},{"floor":23,"key":"PreservedInsect"},{"floor":25,"key":"Regal Pillow"},{"floor":26,"key":"Bronze Scales"},{"floor":30,"key":"Nilry\u0027s Codex"},{"floor":41,"key":"Orichalcum"},{"floor":43,"key":"Red Skull"},{"floor":46,"key":"Molten Egg 2"}],"event_choices":[{"cards_removed":["Strike_R"],"damage_healed":0,"gold_gain":0,"player_choice":"Forget","damage_taken":0,"max_hp_gain":0,"max_hp_loss":0,"event_name":"Living Wall","floor":2,"gold_loss":0},{"damage_healed":0,"gold_gain":0,"player_choice":"Upgraded","damage_taken":0,"max_hp_gain":0,"max_hp_loss":0,"event_name":"Upgrade Shrine","floor":3,"gold_loss":0,"cards_upgraded":["Bash"]},{"damage_healed":0,"gold_gain":0,"player_choice":"Donut","damage_taken":0,"max_hp_gain":5,"max_hp_loss":0,"event_name":"Big Fish","floor":5,"gold_loss":0},{"cards_removed":["Strike_R"],"damage_healed":0,"gold_gain":0,"player_choice":"Card Removal","damage_taken":7,"max_hp_gain":0,"max_hp_loss":0,"event_name":"Golden Wing","floor":13,"gold_loss":0},{"damage_healed":0,"gold_gain":100,"player_choice":"Pray","damage_taken":0,"max_hp_gain":0,"max_hp_loss":0,"event_name":"Golden Shrine","floor":14,"gold_loss":0},{"damage_healed":0,"gold_gain":0,"player_choice":"Stole Relic","damage_taken":0,"relics_obtained":["Mercury Hourglass"],"max_hp_gain":0,"max_hp_loss":0,"event_name":"Addict","floor":20,"gold_loss":0,"cards_obtained":["Shame"]},{"cards_removed":["Shame"],"damage_healed":0,"gold_gain":0,"player_choice":"Elegance","damage_taken":0,"max_hp_gain":0,"max_hp_loss":0,"event_name":"Back to Basics","floor":21,"gold_loss":0},{"damage_healed":0,"gold_gain":0,"player_choice":"Ignored","damage_taken":0,"max_hp_gain":0,"max_hp_loss":0,"event_name":"Vampires","floor":28,"gold_loss":0},{"damage_healed":0,"gold_gain":0,"player_choice":"Obtained Book","damage_taken":16,"max_hp_gain":0,"max_hp_loss":0,"event_name":"Cursed Tome","floor":30,"gold_loss":0},{"damage_healed":0,"gold_gain":0,"player_choice":"Memory 1","damage_taken":0,"max_hp_gain":0,"max_hp_loss":0,"event_name":"SensoryStone","floor":36,"gold_loss":0},{"damage_healed":0,"gold_gain":0,"player_choice":"Ignored","damage_taken":0,"max_hp_gain":0,"max_hp_loss":0,"event_name":"Mysterious Sphere","floor":38,"gold_loss":0},{"damage_healed":0,"gold_gain":0,"player_choice":"Embrace Madness","damage_taken":11,"max_hp_gain":0,"max_hp_loss":0,"event_name":"Winding Halls","floor":39,"gold_loss":0,"cards_obtained":["Madness","Madness"]},{"damage_healed":0,"gold_gain":0,"player_choice":"Upgraded","damage_taken":0,"max_hp_gain":0,"max_hp_loss":0,"event_name":"Upgrade Shrine","floor":42,"gold_loss":0,"cards_upgraded":["Madness"]},{"damage_healed":74,"gold_gain":0,"player_choice":"Heal","damage_taken":0,"max_hp_gain":0,"max_hp_loss":11,"event_name":"The Moai Head","floor":47,"gold_loss":0},{"damage_healed":0,"gold_gain":0,"player_choice":"Upgrade","damage_taken":0,"relics_obtained":["Mark of the Bloom"],"max_hp_gain":0,"max_hp_loss":0,"event_name":"MindBloom","floor":48,"gold_loss":0,"cards_upgraded":["Strike_R","Defend_R","Limit Break","Panacea","Limit Break"]}],"is_beta":false,"boss_relics":[{"not_picked":["White Beast Statue","Eternal Feather"],"picked":"Cursed Key"},{"not_picked":["Tiny House","Coffee Dripper"],"picked":"Lizard Tail"}],"items_purged_floors":[12,19,45],"is_endless":false,"potions_floor_spawned":[1,4,7,22,23,25,33,35,37,46],"ascension_level":3}