{"gold_per_floor":[363,380,81,81,35,35,63,63,63,63,63,84,1,64,64,159,159,175,38,51,71,92,128,128,159,185,209,18,54,34,53,53,147,147,160,175,175,7,32,32,63,77,102,102,136,156,175,188,188,188],"floor_reached":51,"playtime":3065,"items_purged":["Pain","Strike_B"],"score":1547,"play_id":"73877e11-ae59-4b5a-9c55-504f7fd2042b","local_time":"20190911153539","is_ascension_mode":true,"campfire_choices":[{"data":"Defragment","floor":6.0,"key":"SMITH"},{"floor":8.0,"key":"REST"},{"data":"Zap","floor":10.0,"key":"SMITH"},{"data":"Seek","floor":15.0,"key":"SMITH"},{"floor":24.0,"key":"REST"},{"data":"Echo Form","floor":32.0,"key":"SMITH"},{"floor":40.0,"key":"REST"},{"floor":49,"key":"REST"}],"neow_cost":"CURSE","seed_source_timestamp":355154670825600,"circlet_count":0,"master_deck":["AscendersBane","Defend_B","Defend_B","Defend_B","Defend_B","Zap+1","Dualcast","Defragment+1","Glacier","Echo Form+1","BootSequence","Ball Lightning","Leap","Gash","Capacitor","Cold Snap","Seek+1","Core Surge","White Noise+1","Biased Cognition+1","Compile Driver+1","Self Repair","Defragment","Barrage","Darkness+1","Amplify","Defragment","Defragment","Panacea","Mayhem","Biased Cognition","Chill","Cold Snap","Force Field+1","Loop+1"],"special_seed":0,"relics":["Cracked Core","Dodecahedron","Symbiotic Virus","Ancient Tea Set","Golden Idol","Tiny Chest","Astrolabe","Pocketwatch","Omamori","Oddly Smooth Stone","Lee\u0027s Waffle","Anchor","Fusion Hammer","Blue Candle","Art of War","Bag of Preparation","Turnip"],"potions_floor_usage":[48],"damage_taken":[{"damage":2.0,"enemies":"Small Slimes","floor":1.0,"turns":3.0},{"damage":17.0,"enemies":"Jaw Worm","floor":2.0,"turns":6.0},{"damage":20.0,"enemies":"Lagavulin","floor":7.0,"turns":5.0},{"damage":1.0,"enemies":"Cultist","floor":12.0,"turns":4.0},{"damage":2.0,"enemies":"3 Sentries","floor":14.0,"turns":7.0},{"damage":0.0,"enemies":"The Guardian","floor":16.0,"turns":14.0},{"damage":0.0,"enemies":"Spheric Guardian","floor":18.0,"turns":4.0},{"damage":16.0,"enemies":"2 Thieves","floor":20.0,"turns":4.0},{"damage":9.0,"enemies":"Shelled Parasite and Fungi","floor":21.0,"turns":5.0},{"damage":15.0,"enemies":"Snake Plant","floor":22.0,"turns":5.0},{"damage":29.0,"enemies":"Gremlin Leader","floor":23.0,"turns":8.0},{"damage":50.0,"enemies":"Slavers","floor":25.0,"turns":6.0},{"damage":1.0,"enemies":"Sentry and Sphere","floor":27.0,"turns":8.0},{"damage":5.0,"enemies":"Book of Stabbing","floor":29.0,"turns":8.0},{"damage":0.0,"enemies":"Shelled Parasite and Fungi","floor":31.0,"turns":5.0},{"damage":0.0,"enemies":"Champ","floor":33.0,"turns":19.0},{"damage":25.0,"enemies":"3 Darklings","floor":35.0,"turns":8.0},{"damage":7.0,"enemies":"Orb Walker","floor":36.0,"turns":3.0},{"damage":47.0,"enemies":"Transient","floor":39.0,"turns":5.0},{"damage":0.0,"enemies":"Giant Head","floor":41.0,"turns":7.0},{"damage":43.0,"enemies":"Sphere and 2 Shapes","floor":42.0,"turns":6.0},{"damage":5.0,"enemies":"Nemesis","floor":45.0,"turns":11.0},{"damage":22.0,"enemies":"Writhing Mass","floor":46.0,"turns":10.0},{"damage":12.0,"enemies":"Transient","floor":47.0,"turns":5.0},{"damage":0,"enemies":"Sphere and 2 Shapes","floor":48,"turns":5},{"damage":17,"enemies":"Time Eater","floor":50,"turns":17}],"seed_played":"-4120565875183762041","potions_obtained":[{"floor":1.0,"key":"Dexterity Potion"},{"floor":21.0,"key":"Strength Potion"},{"floor":23.0,"key":"EssenceOfSteel"},{"floor":25.0,"key":"FocusPotion"},{"floor":30.0,"key":"Poison Potion"},{"floor":35.0,"key":"Fruit Juice"},{"floor":41.0,"key":"Poison Potion"},{"floor":46.0,"key":"SpeedPotion"},{"floor":47.0,"key":"Explosive Potion"}],"is_trial":false,"path_per_floor":["M","M","$","?","$","R","E","R","T","R","?","M","$","E","R","B",null,"M","$","M","M","M","E","R","E","T","M","$","E","?","M","R","B",null,"M","M","?","$","M","R","E","M","T","T","E","M","M","M","R","B",null],"character_chosen":"DEFECT","items_purchased":["Echo Form","BootSequence","PowerPotion","Ball Lightning","Capacitor","Cold Snap","Self Repair","Lee\u0027s Waffle","Mayhem"],"campfire_rested":4,"item_purchase_floors":[3,3,3,5,13,13,19,28,38],"current_hp_per_floor":[66,49,49,42,42,42,22,44,44,44,44,43,43,41,41,41,62,62,62,53,58,50,35,55,12,12,18,76,76,76,76,76,76,76,58,56,56,56,23,47,54,18,18,18,27,19,7,21,45,35],"gold":188,"neow_bonus":"TWO_FIFTY_GOLD","is_prod":false,"is_daily":false,"chose_seed":false,"campfire_upgraded":4,"win_rate":0,"timestamp":1568212539,"path_taken":["M","M","$","?","$","R","E","R","T","R","?","M","?","E","R","BOSS","M","$","M","M","M","E","R","E","T","M","$","E","?","M","R","BOSS","M","?","?","$","M","R","E","M","T","?","E","?","M","M","R","BOSS"],"build_version":"2019-07-17","purchased_purges":2,"victory":true,"max_hp_per_floor":[75,75,75,75,75,75,75,75,75,75,69,69,69,69,69,69,69,69,69,69,69,69,69,69,69,69,69,76,76,76,76,76,76,76,76,81,81,81,81,81,81,81,81,81,81,81,81,81,81,81],"card_choices":[{"not_picked":["Turbo","Redo"],"picked":"Defragment","floor":1.0},{"not_picked":["Coolheaded","Conserve Battery"],"picked":"Glacier","floor":2.0},{"not_picked":["Meteor Strike","Ball Lightning"],"picked":"Leap","floor":7.0},{"not_picked":["Skim","Streamline"],"picked":"Gash","floor":12.0},{"not_picked":["Compile Driver","Redo"],"picked":"Seek","floor":14.0},{"not_picked":["All For One","Meteor Strike"],"picked":"Core Surge","floor":16.0},{"not_picked":["Sweeping Beam","Sunder","Conserve Battery"],"picked":"SKIP","floor":18.0},{"not_picked":["Go for the Eyes","White Noise"],"picked":"Defragment","floor":20.0},{"not_picked":["Steam","Leap"],"picked":"Barrage","floor":21.0},{"not_picked":["Conserve Battery","Ball Lightning+1","Storm"],"picked":"SKIP","floor":22.0},{"not_picked":["Multi-Cast","Hello World","Scrape+1"],"picked":"SKIP","floor":23.0},{"not_picked":["Redo","Streamline","Aggregate"],"picked":"SKIP","floor":25.0},{"not_picked":["Consume","Storm","Lockon+1"],"picked":"SKIP","floor":27.0},{"not_picked":["Ball Lightning","Capacitor+1"],"picked":"Darkness+1","floor":29.0},{"not_picked":["Hello World","Scrape","Gash"],"picked":"SKIP","floor":31.0},{"not_picked":["Hyperbeam","Meteor Strike"],"picked":"Amplify","floor":33.0},{"not_picked":["Turbo","Gash"],"picked":"Defragment","floor":35.0},{"not_picked":["Conserve Battery","Stack"],"picked":"Defragment","floor":36.0},{"not_picked":["Purity","Mayhem"],"picked":"Panacea","floor":37.0},{"not_picked":["Hello World","Redo","Compile Driver+1"],"picked":"SKIP","floor":39.0},{"not_picked":["Double Energy","Barrage"],"picked":"Biased Cognition","floor":41.0},{"not_picked":["Sweeping Beam","Hello World"],"picked":"Chill","floor":42.0},{"not_picked":["Fission","Double Energy","Biased Cognition"],"picked":"SKIP","floor":45.0},{"not_picked":["White Noise","Beam Cell"],"picked":"Cold Snap","floor":46.0},{"not_picked":["Hologram","Beam Cell","Force Field+1"],"picked":"SKIP","floor":47.0},{"not_picked":["Hologram","Beam Cell"],"picked":"Force Field+1","floor":47.0},{"not_picked":["Cold Snap","Skim"],"picked":"Loop+1","floor":48}],"player_experience":228321,"relics_obtained":[{"floor":7.0,"key":"Symbiotic Virus"},{"floor":9.0,"key":"Ancient Tea Set"},{"floor":14.0,"key":"Tiny Chest"},{"floor":23.0,"key":"Pocketwatch"},{"floor":25.0,"key":"Omamori"},{"floor":26.0,"key":"Oddly Smooth Stone"},{"floor":29.0,"key":"Anchor"},{"floor":41.0,"key":"Blue Candle"},{"floor":43.0,"key":"Art of War"},{"floor":44.0,"key":"Bag of Preparation"},{"floor":45.0,"key":"Turnip"}],"event_choices":[{"damage_healed":0.0,"max_hp_gain":0.0,"max_hp_loss":0.0,"gold_gain":0.0,"event_name":"Scrap Ooze","player_choice":"Success","floor":4.0,"gold_loss":0.0,"damage_taken":7.0,"relics_obtained":["Dodecahedron"]},{"damage_healed":0.0,"max_hp_gain":0.0,"max_hp_loss":6.0,"gold_gain":0.0,"event_name":"Golden Idol","player_choice":"Lose Max HP","floor":11.0,"gold_loss":0.0,"damage_taken":0.0,"relics_obtained":["Golden Idol"]},{"damage_healed":0.0,"max_hp_gain":0.0,"max_hp_loss":0.0,"gold_gain":0.0,"event_name":"The Woman in Blue","player_choice":"Bought 1 Potion","floor":30.0,"gold_loss":0.0,"damage_taken":0.0},{"damage_healed":0.0,"max_hp_gain":0.0,"max_hp_loss":0.0,"gold_gain":0.0,"event_name":"SensoryStone","player_choice":"Memory 1","floor":37.0,"gold_loss":0.0,"damage_taken":0.0}],"is_beta":false,"boss_relics":[{"not_picked":["Orrery","Velvet Choker"],"picked":"Astrolabe"},{"not_picked":["Cursed Key","FrozenCore"],"picked":"Fusion Hammer"}],"items_purged_floors":[3,19],"is_endless":false,"potions_floor_spawned":[1,12,14,21,22,23,25,27,33,35,36,41,46,47],"ascension_level":13}