{"gold_per_floor":[112,126,126,126,138,138,138,138,138,138,41,41,74,90,90,190,190,207,43,43,43,0,10,10,24,24,24,35,35,35,46,46,148,148,164,164,180,190,49,49,67,67,67,67,96,59,71,97,97,97],"floor_reached":51,"playtime":1959,"items_purged":[],"score":884,"play_id":"b890f612-52da-4084-ad87-86e0550dd4e0","local_time":"20190506231943","is_ascension_mode":true,"campfire_choices":[{"data":"Zap","floor":6,"key":"SMITH"},{"data":"Fission","floor":8,"key":"SMITH"},{"data":"Capacitor","floor":10,"key":"SMITH"},{"data":"Loop","floor":15,"key":"SMITH"},{"data":"Defragment","floor":24,"key":"SMITH"},{"data":"Rainbow","floor":27,"key":"SMITH"},{"floor":29,"key":"REST"},{"floor":32,"key":"REST"},{"data":"Rainbow","floor":40,"key":"SMITH"},{"data":"Hologram","floor":42,"key":"SMITH"},{"data":"Barrage","floor":44,"key":"SMITH"},{"data":"Loop","floor":49,"key":"SMITH"}],"neow_cost":"NONE","seed_source_timestamp":203996162410800,"circlet_count":0,"master_deck":["Strike_B+1","Strike_B+1","Strike_B+1","Defend_B+1","Defend_B+1","Defend_B+1","Defend_B+1","Zap+1","Dualcast","Chill","Streamline","Fission+1","Steam","Capacitor+1","Coolheaded","Loop+1","Lockon","Rebound","Rainbow+1","Barrage+1","Defragment+1","Flash of Steel","Coolheaded","Cold Snap","Leap+1","Cold Snap","Coolheaded","Hologram+1","Multi-Cast","Self Repair+1","Chaos+1","BootSequence","Rainbow+1","Double Energy","Loop+1","BootSequence+1","Double Energy"],"relics":["Cracked Core","NeowsBlessing","Blood Vial","Calipers","Pear","Shuriken","Sozu","Dream Catcher","Ice Cream","Nuclear Battery","Pen Nib","Centennial Puzzle","Mango"],"potions_floor_usage":[13,45,50],"damage_taken":[{"damage":0,"enemies":"Small Slimes","floor":1,"turns":1},{"damage":0,"enemies":"Cultist","floor":2,"turns":1},{"damage":0,"enemies":"2 Louse","floor":5,"turns":1},{"damage":31,"enemies":"Gremlin Nob","floor":13,"turns":4},{"damage":12,"enemies":"Exordium Thugs","floor":14,"turns":4},{"damage":27,"enemies":"Slime Boss","floor":16,"turns":12},{"damage":33,"enemies":"2 Thieves","floor":18,"turns":4},{"damage":10,"enemies":"Chosen","floor":23,"turns":3},{"damage":12,"enemies":"Shelled Parasite and Fungi","floor":25,"turns":4},{"damage":20,"enemies":"Snake Plant","floor":28,"turns":3},{"damage":0,"enemies":"Cultist and Chosen","floor":31,"turns":5},{"damage":23,"enemies":"Automaton","floor":33,"turns":10},{"damage":1,"enemies":"Orb Walker","floor":35,"turns":3},{"damage":2,"enemies":"3 Darklings","floor":37,"turns":8},{"damage":13,"enemies":"Jaw Worm Horde","floor":38,"turns":3},{"damage":3,"enemies":"4 Shapes","floor":41,"turns":8},{"damage":49,"enemies":"Reptomancer","floor":45,"turns":8},{"damage":4,"enemies":"Maw","floor":47,"turns":7},{"damage":20,"enemies":"Nemesis","floor":48,"turns":7},{"damage":49,"enemies":"Donu and Deca","floor":50,"turns":13}],"seed_played":"2598175164902871165","potions_obtained":[{"floor":1,"key":"Poison Potion"},{"floor":13,"key":"GamblersBrew"},{"floor":14,"key":"Dexterity Potion"}],"is_trial":false,"path_per_floor":["M","M","?","?","M","R","?","R","T","R","$","T","E","M","R","B",null,"M","$","?","?","?","M","R","M","T","R","M","R","T","M","R","B",null,"M","?","M","M","$","R","M","R","T","R","E","$","M","E","R","B",null],"character_chosen":"DEFECT","items_purchased":["Coolheaded","Loop","Defragment","Flash of Steel","BootSequence","Rainbow","Loop"],"campfire_rested":2,"item_purchase_floors":[11,11,19,19,39,39,46],"current_hp_per_floor":[75,75,68,68,68,68,65,65,65,65,65,75,46,36,36,11,85,52,52,52,52,52,44,44,34,34,34,16,41,41,43,68,47,85,84,84,85,72,72,72,81,81,81,81,44,44,52,58,58,21],"gold":97,"neow_bonus":"THREE_ENEMY_KILL","is_prod":false,"is_daily":false,"chose_seed":false,"campfire_upgraded":10,"win_rate":0,"timestamp":1557181183,"path_taken":["M","M","?","?","?","R","?","R","T","R","$","?","E","M","R","BOSS","M","$","?","?","?","M","R","M","T","R","M","R","?","?","R","BOSS","M","?","?","M","$","R","M","R","T","R","E","$","?","E","R","BOSS"],"build_version":"2019-01-23","purchased_purges":0,"victory":true,"max_hp_per_floor":[75,75,75,75,75,75,75,75,75,75,75,85,85,85,85,85,85,85,85,85,85,85,85,85,85,85,85,85,85,85,85,85,85,85,85,85,85,85,85,85,85,85,85,85,85,85,85,99,99,99],"card_choices":[{"not_picked":["Stack","Compile Driver"],"picked":"Chill","floor":1},{"not_picked":["Hello World","Sweeping Beam"],"picked":"Streamline","floor":2},{"not_picked":["Seek","Turbo"],"picked":"Capacitor","floor":5},{"not_picked":["Static Discharge","Thunder Strike"],"picked":"Lockon","floor":13},{"not_picked":["Streamline","Compile Driver"],"picked":"Rebound","floor":14},{"not_picked":["Fission","Buffer"],"picked":"Rainbow","floor":16},{"not_picked":["Recycle","Fusion"],"picked":"Barrage","floor":18},{"not_picked":["Stack+1","Hologram","Lockon"],"picked":"SKIP","floor":23},{"not_picked":["BootSequence","Hologram"],"picked":"Cold Snap","floor":25},{"not_picked":["Fusion","Conserve Battery+1"],"picked":"Leap+1","floor":28},{"not_picked":["Static Discharge","Redo"],"picked":"Cold Snap","floor":29},{"not_picked":["Turbo","Storm"],"picked":"Coolheaded","floor":31},{"not_picked":["Force Field","Rebound"],"picked":"Hologram","floor":32},{"not_picked":["Meteor Strike","Thunder Strike"],"picked":"Multi-Cast","floor":33},{"not_picked":["Turbo+1","Reprogram+1"],"picked":"Self Repair","floor":35},{"not_picked":["Stack","Sweeping Beam+1"],"picked":"Chaos+1","floor":37},{"not_picked":["Beam Cell","Blizzard+1","Gash"],"picked":"SKIP","floor":38},{"not_picked":["Ball Lightning+1","Cold Snap","Amplify"],"picked":"SKIP","floor":41},{"not_picked":["Go for the Eyes","Sweeping Beam+1"],"picked":"Double Energy","floor":45},{"not_picked":["Leap","Steam+1"],"picked":"BootSequence+1","floor":47},{"not_picked":["Ball Lightning+1","Conserve Battery+1"],"picked":"Double Energy","floor":48}],"player_experience":71848,"relics_obtained":[{"floor":9,"key":"Calipers"},{"floor":12,"key":"Pear"},{"floor":13,"key":"Shuriken"},{"floor":26,"key":"Dream Catcher"},{"floor":30,"key":"Ice Cream"},{"floor":43,"key":"Pen Nib"},{"floor":45,"key":"Centennial Puzzle"},{"floor":48,"key":"Mango"}],"event_choices":[{"cards_removed":["Strike_B"],"damage_healed":0,"gold_gain":0,"player_choice":"Card Removal","damage_taken":7,"max_hp_gain":0,"max_hp_loss":0,"event_name":"Golden Wing","floor":3,"gold_loss":0},{"damage_healed":0,"gold_gain":0,"player_choice":"2 cards matched","damage_taken":0,"max_hp_gain":0,"max_hp_loss":0,"event_name":"Match and Keep!","floor":4,"gold_loss":0,"cards_obtained":["Fission","Steam"]},{"damage_healed":0,"gold_gain":0,"player_choice":"Success","damage_taken":3,"relics_obtained":["Blood Vial"],"max_hp_gain":0,"max_hp_loss":0,"event_name":"Scrap Ooze","floor":7,"gold_loss":0},{"damage_healed":0,"gold_gain":0,"player_choice":"Read","damage_taken":0,"max_hp_gain":0,"max_hp_loss":0,"event_name":"The Library","floor":20,"gold_loss":0,"cards_obtained":["Coolheaded"]},{"damage_healed":0,"gold_gain":0,"player_choice":"Simplicity","damage_taken":0,"max_hp_gain":0,"max_hp_loss":0,"event_name":"Back to Basics","floor":21,"gold_loss":0,"cards_upgraded":["Strike_B","Strike_B","Strike_B","Defend_B","Defend_B","Defend_B","Defend_B"]},{"damage_healed":0,"gold_gain":0,"player_choice":"Paid Fearfully","damage_taken":0,"max_hp_gain":0,"max_hp_loss":0,"event_name":"Masked Bandits","floor":22,"gold_loss":43},{"damage_healed":0,"gold_gain":0,"player_choice":"Upgraded","damage_taken":0,"max_hp_gain":0,"max_hp_loss":0,"event_name":"Upgrade Shrine","floor":36,"gold_loss":0,"cards_upgraded":["Self Repair"]}],"is_beta":false,"boss_relics":[{"not_picked":["Calling Bell","Fusion Hammer"],"picked":"Sozu"},{"not_picked":["Eternal Feather","Empty Cage"],"picked":"Nuclear Battery"}],"items_purged_floors":[],"is_endless":false,"potions_floor_spawned":[1,13,14,28,31,33,38,48],"ascension_level":4}