{"gold_per_floor":[115,132,146,111,130,130,159,159,214,214,227,227,237,248,248,323,323,337,354,364,379,125,125,125,156,182,182,182,193,193,224,224,224],"floor_reached":33,"playtime":3057,"items_purged":[],"score":520,"play_id":"2254ecaf-60dd-4679-9365-0ddfbc53c053","local_time":"20190921140449","is_ascension_mode":true,"campfire_choices":[{"data":"Zap","floor":6.0,"key":"SMITH"},{"floor":8.0,"key":"REST"},{"floor":10.0,"key":"REST"},{"data":"Static Discharge","floor":15.0,"key":"SMITH"},{"data":"Double Energy","floor":23.0,"key":"SMITH"},{"floor":27.0,"key":"REST"},{"floor":30.0,"key":"REST"},{"floor":32.0,"key":"REST"}],"neow_cost":"NONE","seed_source_timestamp":0,"circlet_count":0,"master_deck":["AscendersBane","Zap+1","Dualcast","Static Discharge+1","Redo","Loop","White Noise","Double Energy+1","FTL","Undo","Compile Driver","Amplify","Storm","Storm","Cold Snap","Undo","Core Surge","Beam Cell","Ball Lightning","Rip and Tear","Ball Lightning","Sweeping Beam+1","Seek","Cold Snap","Melter"],"special_seed":0,"relics":["Sozu","The Courier","Ancient Tea Set","Pandora\u0027s Box","Lee\u0027s Waffle","MealTicket","Bag of Marbles","Vajra","Boot"],"potions_floor_usage":[],"damage_taken":[{"damage":0.0,"enemies":"Cultist","floor":1.0,"turns":4.0},{"damage":8.0,"enemies":"2 Louse","floor":2.0,"turns":3.0},{"damage":8.0,"enemies":"Jaw Worm","floor":3.0,"turns":4.0},{"damage":15.0,"enemies":"Lots of Slimes","floor":5.0,"turns":4.0},{"damage":46.0,"enemies":"Gremlin Nob","floor":7.0,"turns":4.0},{"damage":12.0,"enemies":"2 Fungi Beasts","floor":11.0,"turns":3.0},{"damage":2.0,"enemies":"Looter","floor":13.0,"turns":3.0},{"damage":3.0,"enemies":"Blue Slaver","floor":14.0,"turns":5.0},{"damage":7.0,"enemies":"Hexaghost","floor":16.0,"turns":8.0},{"damage":0.0,"enemies":"Chosen","floor":18.0,"turns":3.0},{"damage":19.0,"enemies":"3 Byrds","floor":19.0,"turns":3.0},{"damage":8.0,"enemies":"Cultist and Chosen","floor":20.0,"turns":4.0},{"damage":16.0,"enemies":"Snake Plant","floor":21.0,"turns":2.0},{"damage":41.0,"enemies":"Slavers","floor":25.0,"turns":2.0},{"damage":35.0,"enemies":"Centurion and Healer","floor":29.0,"turns":5.0},{"damage":31.0,"enemies":"Book of Stabbing","floor":31.0,"turns":4.0},{"damage":86,"enemies":"Automaton","floor":33,"turns":6}],"seed_played":"885834818093639200","potions_obtained":[],"is_trial":false,"path_per_floor":["M","M","M","?","M","R","E","R","T","R","M","?","M","M","R","B",null,"M","M","M","M","$","R","?","E","T","R","?","M","R","E","R","B"],"character_chosen":"DEFECT","items_purchased":["Lee\u0027s Waffle","MealTicket"],"campfire_rested":5,"item_purchase_floors":[22,22],"current_hp_per_floor":[64,56,48,65,50,50,4,25,25,46,34,34,32,29,29,22,59,59,40,32,16,78,78,78,37,37,60,60,25,48,17,40,0],"gold":224,"neow_bonus":"BOSS_RELIC","is_prod":false,"is_daily":false,"chose_seed":false,"campfire_upgraded":3,"win_rate":0,"timestamp":1569089089,"path_taken":["M","M","M","?","M","R","E","R","T","R","M","?","M","M","R","BOSS","M","M","?","M","$","R","?","E","T","R","?","?","R","E","R","BOSS"],"build_version":"2019-09-20","purchased_purges":0,"victory":false,"max_hp_per_floor":[71,71,71,71,71,71,71,71,71,71,71,71,71,71,71,71,71,71,71,71,71,78,78,78,78,78,78,78,78,78,78,78,78],"card_choices":[{"not_picked":["Reprogram","Sweeping Beam"],"picked":"Static Discharge","floor":1.0},{"not_picked":["Compile Driver","FTL"],"picked":"Redo","floor":2.0},{"not_picked":["Sweeping Beam","Melter"],"picked":"Loop","floor":3.0},{"not_picked":["Gash","Leap"],"picked":"White Noise","floor":5.0},{"not_picked":["Hologram","Thunder Strike"],"picked":"Double Energy","floor":7.0},{"not_picked":["Beam Cell","Darkness"],"picked":"FTL","floor":11.0},{"not_picked":["Beam Cell","Turbo"],"picked":"Undo","floor":13.0},{"not_picked":["Turbo","Streamline"],"picked":"Compile Driver","floor":14.0},{"not_picked":["Machine Learning","Meteor Strike"],"picked":"Amplify","floor":16.0},{"not_picked":["Reinforced Body","Darkness"],"picked":"Ball Lightning","floor":18.0},{"not_picked":["Compile Driver","Stack"],"picked":"Rip and Tear","floor":19.0},{"not_picked":["Coolheaded","Amplify"],"picked":"Ball Lightning","floor":20.0},{"not_picked":["Compile Driver","Gash"],"picked":"Sweeping Beam+1","floor":21.0},{"not_picked":["Doom and Gloom","Genetic Algorithm"],"picked":"Seek","floor":25.0},{"not_picked":["Compile Driver","Ball Lightning"],"picked":"Cold Snap","floor":29.0},{"not_picked":["Redo","Fusion"],"picked":"Melter","floor":31.0}],"player_experience":621362,"relics_obtained":[{"floor":7.0,"key":"The Courier"},{"floor":9.0,"key":"Ancient Tea Set"},{"floor":25.0,"key":"Bag of Marbles"},{"floor":26.0,"key":"Vajra"},{"floor":31.0,"key":"Boot"}],"event_choices":[{"damage_healed":17.0,"max_hp_gain":0.0,"max_hp_loss":0.0,"gold_gain":0.0,"event_name":"The Cleric","player_choice":"Healed","floor":4.0,"gold_loss":35.0,"damage_taken":0.0},{"cards_removed":["Strike_B"],"damage_healed":0.0,"max_hp_gain":0.0,"max_hp_loss":0.0,"gold_gain":0.0,"event_name":"Purifier","player_choice":"Purged","floor":12.0,"gold_loss":0.0,"damage_taken":0.0},{"damage_healed":0.0,"max_hp_gain":0.0,"max_hp_loss":0.0,"gold_gain":0.0,"event_name":"Vampires","player_choice":"Ignored","floor":24.0,"gold_loss":0.0,"damage_taken":0.0},{"cards_removed":["Blizzard"],"damage_healed":0.0,"max_hp_gain":0.0,"max_hp_loss":0.0,"gold_gain":0.0,"event_name":"Wheel of Change","player_choice":"Card Removal","floor":28.0,"gold_loss":0.0,"damage_taken":0.0}],"is_beta":true,"boss_relics":[{"not_picked":["Busted Crown","Velvet Choker"],"picked":"Pandora\u0027s Box"}],"items_purged_floors":[],"is_endless":false,"potions_floor_spawned":[1,5,11,14,19,20,21,31],"killed_by":"Automaton","ascension_level":16}