{"gold_per_floor":[114,66,66,241,61,61,87,103,153,169,169,203,215,85,85,190,190,205,239,239,250,0,0,0,0],"floor_reached":25,"playtime":751,"items_purged":["Doubt"],"score":334,"play_id":"8b46e244-1e17-4fae-b58d-46654f057659","local_time":"20190602005014","is_ascension_mode":true,"campfire_choices":[{"data":"Sunder","floor":6,"key":"SMITH"},{"floor":15,"key":"REST"},{"data":"Strike_B","floor":23,"key":"PURGE"}],"neow_cost":"NONE","seed_source_timestamp":992401480079900,"circlet_count":0,"master_deck":["Strike_B","Strike_B","Strike_B+1","Defend_B","Defend_B","Defend_B","Defend_B","Zap","Dualcast","Coolheaded","Coolheaded","Sunder+1","Cold Snap","BootSequence+1","Cold Snap","Capacitor","Buffer","Melter"],"relics":["Cracked Core","NeowsBlessing","Ancient Tea Set","Peace Pipe","Pen Nib","Cables","Philosopher\u0027s Stone","Red Mask","Matryoshka"],"potions_floor_usage":[25,25],"damage_taken":[{"damage":0,"enemies":"Cultist","floor":1,"turns":1},{"damage":0,"enemies":"Gremlin Nob","floor":7,"turns":1},{"damage":0,"enemies":"Jaw Worm","floor":8,"turns":1},{"damage":6,"enemies":"Small Slimes","floor":10,"turns":2},{"damage":0,"enemies":"3 Sentries","floor":12,"turns":10},{"damage":0,"enemies":"Looter","floor":13,"turns":2},{"damage":28,"enemies":"Slime Boss","floor":16,"turns":16},{"damage":0,"enemies":"Chosen","floor":18,"turns":5},{"damage":7,"enemies":"Masked Bandits","floor":19,"turns":5},{"damage":1,"enemies":"Spheric Guardian","floor":21,"turns":3},{"damage":72,"enemies":"Gremlin Leader","floor":25,"turns":7}],"seed_played":"5119071939838349828","potions_obtained":[{"floor":8,"key":"EssenceOfSteel"},{"floor":13,"key":"Poison Potion"}],"is_trial":false,"path_per_floor":["M","$","?","?","$","R","E","M","T","M","?","E","M","$","R","B",null,"M","?","?","M","$","R","?","E"],"character_chosen":"DEFECT","items_purchased":["Coolheaded","Sunder","Ancient Potion","Capacitor","PowerPotion","Matryoshka"],"campfire_rested":1,"item_purchase_floors":[2,5,5,14,14,22],"current_hp_per_floor":[68,68,50,50,50,50,50,50,50,44,29,29,29,29,51,23,62,62,55,55,54,54,54,54,0],"gold":0,"neow_bonus":"THREE_ENEMY_KILL","is_prod":false,"is_daily":false,"chose_seed":false,"campfire_upgraded":1,"win_rate":0,"timestamp":1559433014,"path_taken":["M","$","?","?","?","R","E","M","T","M","?","E","M","$","R","BOSS","M","?","?","M","$","R","?","E"],"build_version":"2019-01-23","purchased_purges":1,"victory":false,"max_hp_per_floor":[75,75,75,75,75,75,75,75,75,75,75,75,75,75,75,75,75,75,75,75,75,75,75,75,75],"card_choices":[{"not_picked":["Leap","Doom and Gloom"],"picked":"Coolheaded","floor":1},{"not_picked":["Stack","Rebound","Fission"],"picked":"SKIP","floor":7},{"not_picked":["Turbo","Force Field"],"picked":"Cold Snap","floor":8},{"not_picked":["Self Repair","Sweeping Beam"],"picked":"BootSequence","floor":10},{"not_picked":["Barrage","Rebound","Gash"],"picked":"SKIP","floor":12},{"not_picked":["Lockon","Genetic Algorithm"],"picked":"Cold Snap","floor":13},{"not_picked":["All For One","Meteor Strike"],"picked":"Buffer","floor":16},{"not_picked":["Go for the Eyes","Rebound"],"picked":"Melter","floor":18},{"not_picked":["Hologram","Redo","Leap"],"picked":"SKIP","floor":21}],"player_experience":124822,"relics_obtained":[{"floor":7,"key":"Peace Pipe"},{"floor":9,"key":"Pen Nib"},{"floor":12,"key":"Cables"},{"floor":19,"key":"Red Mask"}],"event_choices":[{"damage_healed":0,"gold_gain":0,"player_choice":"Success","damage_taken":18,"relics_obtained":["Ancient Tea Set"],"max_hp_gain":0,"max_hp_loss":0,"event_name":"Scrap Ooze","floor":3,"gold_loss":0},{"damage_healed":0,"gold_gain":175,"player_choice":"AGREE","damage_taken":0,"max_hp_gain":0,"max_hp_loss":0,"event_name":"Liars Game","floor":4,"gold_loss":0,"cards_obtained":["Doubt"]},{"damage_healed":0,"gold_gain":0,"player_choice":"Entered Light","damage_taken":15,"max_hp_gain":0,"max_hp_loss":0,"event_name":"Shining Light","floor":11,"gold_loss":0,"cards_upgraded":["Strike_B","BootSequence"]},{"damage_healed":0,"gold_gain":0,"player_choice":"Fought Bandits","damage_taken":0,"max_hp_gain":0,"max_hp_loss":0,"event_name":"Masked Bandits","floor":19,"gold_loss":0},{"damage_healed":0,"gold_gain":0,"player_choice":"Ignored","damage_taken":0,"max_hp_gain":0,"max_hp_loss":0,"event_name":"Vampires","floor":20,"gold_loss":0},{"damage_healed":0,"gold_gain":0,"player_choice":"Ignored","damage_taken":0,"max_hp_gain":0,"max_hp_loss":0,"event_name":"Beggar","floor":24,"gold_loss":0}],"is_beta":false,"boss_relics":[{"not_picked":["Tiny House","Busted Crown"],"picked":"Philosopher\u0027s Stone"}],"items_purged_floors":[5],"is_endless":false,"potions_floor_spawned":[8,13,16,18],"killed_by":"Gremlin Leader","ascension_level":6}