{"gold_per_floor":[111,44,44,119,133,133,7,7,7,7,18,18,50,67,67,164,164,179,194,210,210,220,220,232,259,285,285,285],"floor_reached":28,"playtime":722,"items_purged":["Strike_B"],"score":263,"play_id":"d88513d7-fc5c-49e9-a9db-bc09b0c09996","local_time":"20190420105832","is_ascension_mode":false,"campfire_choices":[{"data":"Defragment","floor":6,"key":"SMITH"},{"data":"Zap","floor":10,"key":"SMITH"},{"data":"Loop","floor":12,"key":"SMITH"},{"data":"Tempest","floor":15,"key":"SMITH"},{"floor":23,"key":"REST"}],"neow_cost":"NONE","seed_source_timestamp":563024582324800,"circlet_count":0,"master_deck":["Strike_B+1","Strike_B+1","Strike_B+1","Defend_B","Defend_B","Defend_B","Zap+1","Dualcast","Cold Snap","Defragment+1","Ball Lightning+1","Loop+1","Tempest+1","Leap","Reboot","BootSequence+1","Hologram+1","Buffer"],"relics":["Cracked Core","NeowsBlessing","Blue Candle","Whetstone","Runic Pyramid","Letter Opener","Ancient Tea Set"],"potions_floor_usage":[16,21,25,25,25],"damage_taken":[{"damage":0,"enemies":"2 Louse","floor":1,"turns":1},{"damage":0,"enemies":"Jaw Worm","floor":5,"turns":1},{"damage":0,"enemies":"Cultist","floor":11,"turns":1},{"damage":4,"enemies":"Lagavulin","floor":13,"turns":4},{"damage":2,"enemies":"2 Fungi Beasts","floor":14,"turns":2},{"damage":20,"enemies":"Hexaghost","floor":16,"turns":6},{"damage":10,"enemies":"Chosen","floor":18,"turns":3},{"damage":33,"enemies":"2 Thieves","floor":19,"turns":4},{"damage":5,"enemies":"Centurion and Healer","floor":20,"turns":5},{"damage":10,"enemies":"Colosseum Slavers","floor":21,"turns":3},{"damage":16,"enemies":"Snecko","floor":22,"turns":6},{"damage":6,"enemies":"Cultist and Chosen","floor":24,"turns":5},{"damage":0,"enemies":"Gremlin Leader","floor":25,"turns":5},{"damage":18,"enemies":"3 Cultists","floor":28,"turns":3}],"seed_played":"1611761606464643191","potions_obtained":[{"floor":11,"key":"Fire Potion"},{"floor":13,"key":"AttackPotion"},{"floor":22,"key":"SkillPotion"},{"floor":24,"key":"EssenceOfSteel"}],"is_trial":false,"path_per_floor":["M","$","?","?","M","R","$","$","T","R","M","R","E","M","R","B",null,"M","M","M","?","M","R","M","E","T","?","M"],"character_chosen":"DEFECT","items_purchased":["Defragment","PowerPotion"],"campfire_rested":1,"item_purchase_floors":[2,7],"current_hp_per_floor":[75,75,60,49,49,49,49,49,49,49,49,49,45,43,43,23,75,65,32,27,17,1,23,17,17,17,17,0],"gold":285,"neow_bonus":"THREE_ENEMY_KILL","is_prod":false,"is_daily":false,"chose_seed":false,"campfire_upgraded":4,"win_rate":0.0,"timestamp":1555754312,"path_taken":["M","$","?","?","M","R","?","$","T","R","?","R","E","M","R","BOSS","M","?","M","?","M","R","M","E","T","?","M"],"build_version":"2019-01-23","purchased_purges":1,"victory":false,"max_hp_per_floor":[75,75,75,75,75,75,75,75,75,75,75,75,75,75,75,75,75,75,75,75,75,75,75,75,75,75,75,75],"card_choices":[{"not_picked":["Barrage","Beam Cell"],"picked":"Cold Snap","floor":1},{"not_picked":["Streamline","Chill"],"picked":"Ball Lightning","floor":5},{"not_picked":["Fusion","Barrage"],"picked":"Loop","floor":11},{"not_picked":["Blizzard","Gash"],"picked":"Tempest","floor":13},{"not_picked":["Beam Cell","Thunder Strike"],"picked":"Leap","floor":14},{"not_picked":["Rainbow","Multi-Cast"],"picked":"Reboot","floor":16},{"not_picked":["Conserve Battery","Stack","Streamline"],"picked":"SKIP","floor":18},{"not_picked":["Skim","Rip and Tear"],"picked":"BootSequence+1","floor":19},{"not_picked":["Force Field+1","Compile Driver"],"picked":"Hologram+1","floor":20},{"not_picked":["Consume","Lockon"],"picked":"Buffer","floor":22},{"not_picked":["Streamline","Genetic Algorithm","Beam Cell+1"],"picked":"SKIP","floor":24},{"not_picked":["Compile Driver+1","Leap","Rip and Tear"],"picked":"SKIP","floor":25}],"player_experience":45732,"relics_obtained":[{"floor":9,"key":"Blue Candle"},{"floor":13,"key":"Whetstone"},{"floor":25,"key":"Letter Opener"},{"floor":26,"key":"Ancient Tea Set"}],"event_choices":[{"damage_healed":0,"gold_gain":0,"player_choice":"Entered Light","damage_taken":15,"max_hp_gain":0,"max_hp_loss":0,"event_name":"Shining Light","floor":3,"gold_loss":0,"cards_upgraded":["Strike_B","Strike_B"]},{"damage_healed":0,"gold_gain":75,"player_choice":"Gather Gold","damage_taken":11,"max_hp_gain":0,"max_hp_loss":0,"event_name":"World of Goop","floor":4,"gold_loss":0},{"damage_healed":0,"gold_gain":0,"player_choice":"Fight","damage_taken":0,"max_hp_gain":0,"max_hp_loss":0,"event_name":"Colosseum","floor":21,"gold_loss":0},{"damage_healed":0,"gold_gain":0,"player_choice":"Fled From Nobs","damage_taken":0,"max_hp_gain":0,"max_hp_loss":0,"event_name":"Colosseum","floor":21,"gold_loss":0},{"cards_removed":["Defend_B"],"damage_healed":0,"gold_gain":0,"player_choice":"Offered Basic","damage_taken":0,"max_hp_gain":0,"max_hp_loss":0,"event_name":"Bonfire Elementals","floor":27,"gold_loss":0}],"is_beta":false,"boss_relics":[{"not_picked":["Eternal Feather","Lizard Tail"],"picked":"Runic Pyramid"}],"items_purged_floors":[7],"is_endless":false,"potions_floor_spawned":[11,13,21,22,24],"killed_by":"3 Cultists","ascension_level":0}