{"gold_per_floor":[110,123,123,146,146,181,193,236,316,348,360,386,398,137,137,240,240,251,268,6,21,41,41,141,141,141,141,175,175,206,241,241,340,340,359,434,450,175,188,215,215,232,256,256,216,20,35,52,52,52,52,52,2,28,28],"floor_reached":55,"playtime":4522,"items_purged":["Strike_B"],"score":986,"play_id":"16da12e0-473b-468b-9c55-1a72aad98d4b","local_time":"20190611005436","is_ascension_mode":true,"campfire_choices":[{"floor":7.0,"key":"REST"},{"floor":11.0,"key":"REST"},{"data":"Zap","floor":15.0,"key":"SMITH"},{"data":"Glacier","floor":23.0,"key":"SMITH"},{"data":"Electrodynamics","floor":25.0,"key":"SMITH"},{"floor":27.0,"key":"REST"},{"floor":29.0,"key":"REST"},{"data":"Go for the Eyes","floor":32.0,"key":"SMITH"},{"floor":41.0,"key":"REST"},{"floor":49,"key":"RECALL"},{"floor":52,"key":"REST"}],"neow_cost":"NONE","seed_source_timestamp":1766486111274300,"circlet_count":0,"master_deck":["Zap+1","Dualcast","Coolheaded","Sweeping Beam+1","Cold Snap+1","Steam","Go for the Eyes+1","Coolheaded","Core Surge+1","Electrodynamics+1","Glacier+1","Compile Driver+1","Scrape+1","Conserve Battery","Reinforced Body+1","Capacitor","Auto Shields","Gash+1","Gash+1"],"special_seed":0,"relics":["Cracked Core","Pen Nib","Ancient Tea Set","Darkstone Periapt","MawBank","Emotion Chip","Kunai","Pandora\u0027s Box","Meat on the Bone","Ginger","Singing Bowl","Question Card","Art of War","Red Mask","Vajra","Philosopher\u0027s Stone","Torii","OrangePellets","Whetstone"],"potions_floor_usage":[50,54,54,55,55],"damage_taken":[{"damage":2.0,"enemies":"Jaw Worm","floor":1.0,"turns":3.0},{"damage":8.0,"enemies":"Small Slimes","floor":2.0,"turns":4.0},{"damage":22.0,"enemies":"Lagavulin","floor":6.0,"turns":5.0},{"damage":27.0,"enemies":"Gremlin Nob","floor":8.0,"turns":4.0},{"damage":0.0,"enemies":"Cultist","floor":10.0,"turns":4.0},{"damage":0.0,"enemies":"Large Slime","floor":12.0,"turns":7.0},{"damage":4.0,"enemies":"Hexaghost","floor":16.0,"turns":10.0},{"damage":2.0,"enemies":"Chosen","floor":18.0,"turns":3.0},{"damage":14.0,"enemies":"2 Thieves","floor":19.0,"turns":2.0},{"damage":6.0,"enemies":"Centurion and Healer","floor":21.0,"turns":4.0},{"damage":0.0,"enemies":"Chosen and Byrds","floor":22.0,"turns":5.0},{"damage":15.0,"enemies":"Colosseum Slavers","floor":24.0,"turns":3.0},{"damage":19.0,"enemies":"Colosseum Nobs","floor":24.0,"turns":6.0},{"damage":21.0,"enemies":"Gremlin Leader","floor":28.0,"turns":5.0},{"damage":11.0,"enemies":"Masked Bandits","floor":30.0,"turns":4.0},{"damage":6.0,"enemies":"Slavers","floor":31.0,"turns":3.0},{"damage":32.0,"enemies":"Automaton","floor":33.0,"turns":10.0},{"damage":0.0,"enemies":"Orb Walker","floor":35.0,"turns":3.0},{"damage":0.0,"enemies":"3 Shapes","floor":37.0,"turns":4.0},{"damage":2.0,"enemies":"Jaw Worm Horde","floor":39.0,"turns":3.0},{"damage":53.0,"enemies":"Nemesis","floor":40.0,"turns":13.0},{"damage":1.0,"enemies":"Transient","floor":42.0,"turns":5.0},{"damage":0,"enemies":"4 Shapes","floor":47,"turns":5},{"damage":25,"enemies":"Writhing Mass","floor":48,"turns":10},{"damage":20,"enemies":"Time Eater","floor":50,"turns":16},{"damage":69,"enemies":"Shield and Spear","floor":54,"turns":9},{"damage":47,"enemies":"The Heart","floor":55,"turns":2}],"seed_played":"1534701674454305612","potions_obtained":[{"floor":1.0,"key":"Fire Potion"},{"floor":6.0,"key":"Regen Potion"},{"floor":8.0,"key":"GamblersBrew"},{"floor":18.0,"key":"PowerPotion"},{"floor":19.0,"key":"SkillPotion"},{"floor":24.0,"key":"GamblersBrew"},{"floor":30.0,"key":"FocusPotion"},{"floor":37.0,"key":"Regen Potion"},{"floor":47,"key":"Weak Potion"},{"floor":48,"key":"GamblersBrew"},{"floor":54,"key":"SneckoOil"}],"is_trial":false,"path_per_floor":["M","M","?","T","T","E","R","E","T","M","R","M","?","$","R","B",null,"M","M","$","M","M","R","?","R","T","R","E","R","?","E","R","B",null,"M","?","M","$","M","E","R","M","T","?","?","$","M","M","R","B",null,"R","$","E","B"],"character_chosen":"DEFECT","items_purchased":["Core Surge","SteroidPotion","Meat on the Bone","Capacitor","Auto Shields","FocusPotion","SteroidPotion","OrangePellets","SpeedPotion"],"campfire_rested":6,"item_purchase_floors":[14,14,20,38,38,38,38,46,53],"current_hp_per_floor":[66,58,43,43,43,21,43,28,28,28,50,50,50,50,50,46,68,66,52,52,46,46,46,38,38,38,61,42,65,56,52,52,32,70,72,64,64,64,64,38,64,63,63,63,63,63,65,54,54,46,80,91,91,36,0],"gold":28,"neow_bonus":"RANDOM_COMMON_RELIC","is_prod":false,"is_daily":false,"chose_seed":false,"campfire_upgraded":4,"win_rate":0,"timestamp":1560210876,"path_taken":["M","M","?","?","?","E","R","E","T","M","R","M","?","$","R","BOSS","M","M","$","?","M","R","?","R","T","R","E","R","?","E","R","BOSS","M","?","?","$","M","E","R","M","T","?","?","$","M","?","R","BOSS","R","$","E","BOSS"],"build_version":"2019-01-23","purchased_purges":1,"victory":false,"max_hp_per_floor":[75,75,75,75,75,75,75,75,75,75,75,75,75,75,75,75,75,75,75,75,75,75,75,77,77,77,77,79,79,81,83,83,83,83,85,85,85,85,87,87,87,87,87,87,87,87,89,91,91,91,91,91,91,93,93],"card_choices":[{"not_picked":["Heatsinks","Conserve Battery"],"picked":"Coolheaded","floor":1.0},{"not_picked":["Storm","Beam Cell"],"picked":"Sweeping Beam","floor":2.0},{"not_picked":["Rip and Tear","Stack"],"picked":"Cold Snap","floor":6.0},{"not_picked":["Chaos","Steam Power"],"picked":"Steam","floor":8.0},{"not_picked":["Aggregate","Fusion"],"picked":"Go for the Eyes","floor":10.0},{"not_picked":["Steam","Streamline"],"picked":"Coolheaded","floor":12.0},{"not_picked":["All For One","Rainbow"],"picked":"Electrodynamics","floor":16.0},{"not_picked":["Streamline+1","Barrage"],"picked":"Glacier","floor":18.0},{"not_picked":["Go for the Eyes+1","Streamline"],"picked":"Compile Driver+1","floor":19.0},{"not_picked":["Rip and Tear","Redo"],"picked":"Scrape+1","floor":21.0},{"not_picked":["Hologram","Ball Lightning"],"picked":"Conserve Battery","floor":22.0},{"not_picked":["Leap","Coolheaded","Barrage"],"picked":"Singing Bowl","floor":24.0},{"not_picked":["Redo","Aggregate","Sweeping Beam","Fission"],"picked":"Singing Bowl","floor":28.0},{"not_picked":["Sweeping Beam","Melter","Coolheaded","Barrage"],"picked":"Singing Bowl","floor":30.0},{"not_picked":["Force Field","Turbo+1","Fission","Barrage"],"picked":"Singing Bowl","floor":31.0},{"not_picked":["Core Surge","Seek","Thunder Strike"],"picked":"Reboot","floor":33.0},{"not_picked":["Rebound+1","Stack","Streamline","Leap+1"],"picked":"Singing Bowl","floor":35.0},{"not_picked":["Redo","Storm+1","Steam"],"picked":"Reinforced Body+1","floor":37.0},{"not_picked":["Ball Lightning","Go for the Eyes","Beam Cell","Recycle"],"picked":"Singing Bowl","floor":39.0},{"not_picked":["Sunder+1","Go for the Eyes+1","Compile Driver+1"],"picked":"Gash","floor":40.0},{"not_picked":["Core Surge","Go for the Eyes","Chaos+1"],"picked":"Gash+1","floor":42.0},{"not_picked":["Gash","Streamline+1","Cold Snap","Ball Lightning"],"picked":"Singing Bowl","floor":47},{"not_picked":["Rebound","Stack","Electrodynamics","Beam Cell+1"],"picked":"Singing Bowl","floor":48},{"not_picked":["Melter+1","Conserve Battery+1","Stack","Storm+1"],"picked":"Singing Bowl","floor":54}],"player_experience":139500,"relics_obtained":[{"floor":4.0,"key":"Ancient Tea Set"},{"floor":5.0,"key":"Darkstone Periapt"},{"floor":6.0,"key":"MawBank"},{"floor":8.0,"key":"Emotion Chip"},{"floor":9.0,"key":"Kunai"},{"floor":24.0,"key":"Ginger"},{"floor":24.0,"key":"Singing Bowl"},{"floor":26.0,"key":"Question Card"},{"floor":28.0,"key":"Art of War"},{"floor":30.0,"key":"Red Mask"},{"floor":31.0,"key":"Vajra"},{"floor":40.0,"key":"Torii"},{"floor":54,"key":"Whetstone"}],"event_choices":[{"damage_healed":0.0,"max_hp_gain":0.0,"max_hp_loss":0.0,"gold_gain":0.0,"event_name":"Shining Light","player_choice":"Entered Light","floor":3.0,"gold_loss":0.0,"damage_taken":15.0,"cards_upgraded":["Sweeping Beam","Defend_B"]},{"cards_removed":["Strike_B"],"damage_healed":0.0,"max_hp_gain":0.0,"max_hp_loss":0.0,"gold_gain":0.0,"event_name":"Purifier","player_choice":"Purged","floor":13.0,"gold_loss":0.0,"damage_taken":0.0},{"damage_healed":0.0,"max_hp_gain":0.0,"max_hp_loss":0.0,"gold_gain":0.0,"event_name":"Colosseum","player_choice":"Fight","floor":24.0,"gold_loss":0.0,"damage_taken":0.0},{"damage_healed":0.0,"max_hp_gain":0.0,"max_hp_loss":0.0,"gold_gain":0.0,"event_name":"Colosseum","player_choice":"Fought Nobs","floor":24.0,"gold_loss":0.0,"damage_taken":0.0},{"damage_healed":0.0,"max_hp_gain":0.0,"max_hp_loss":0.0,"gold_gain":0.0,"event_name":"Masked Bandits","player_choice":"Fought Bandits","floor":30.0,"gold_loss":0.0,"damage_taken":0.0},{"damage_healed":0.0,"max_hp_gain":0.0,"max_hp_loss":0.0,"gold_gain":75.0,"event_name":"FaceTrader","player_choice":"Touch","floor":36.0,"gold_loss":0.0,"damage_taken":8.0},{"cards_removed":["Reboot"],"damage_healed":0,"gold_gain":0,"player_choice":"Removed Skill","damage_taken":0,"max_hp_gain":0,"max_hp_loss":0,"event_name":"Falling","floor":44,"gold_loss":0},{"damage_healed":0,"gold_gain":0,"player_choice":"Upgrade","damage_taken":0,"max_hp_gain":0,"max_hp_loss":0,"event_name":"Designer","floor":45,"gold_loss":40,"cards_upgraded":["Core Surge"]}],"is_beta":false,"boss_relics":[{"not_picked":["Velvet Choker","Astrolabe"],"picked":"Pandora\u0027s Box"},{"not_picked":["White Beast Statue","Inserter"],"picked":"Philosopher\u0027s Stone"}],"items_purged_floors":[14],"is_endless":false,"potions_floor_spawned":[1,6,8,18,19,24,24,30,37,47,48,54],"killed_by":"The Heart","ascension_level":7}