{"gold_per_floor":[116,130,60,77,91,91,91,104,104,123,48,96,121,52,52,154,154,171,102,120,135,152,152,152,172,172,184,218,218,45,63,63,158,158,168,116,116,128,0,25,25,25,25,43,43,43,66,83,83,83],"floor_reached":51,"playtime":3109,"items_purged":["Writhe"],"score":1054,"play_id":"63df08b2-ec2f-4813-98b7-eb99dd6168ad","local_time":"20190829050858","is_ascension_mode":true,"campfire_choices":[{"data":"Defragment","floor":6.0,"key":"SMITH"},{"data":"Ball Lightning","floor":15.0,"key":"SMITH"},{"floor":23.0,"key":"REST"},{"floor":29.0,"key":"REST"},{"floor":32.0,"key":"REST"},{"floor":41.0,"key":"REST"},{"data":"Echo Form","floor":45,"key":"SMITH"},{"floor":49,"key":"REST"}],"neow_cost":"CURSE","seed_source_timestamp":0,"circlet_count":0,"master_deck":["Strike_B","Strike_B","Strike_B","Strike_B","Defend_B","Defend_B","Defend_B","Defend_B","Zap","Dualcast","Ball Lightning+1","Glacier","Defragment+1","Cold Snap","Double Energy","Sweeping Beam","Compile Driver","Static Discharge","Biased Cognition","Conserve Battery","Loop","Rebound","White Noise","Cold Snap+1","Streamline","Barrage+1","Chill+1","Ball Lightning","Electrodynamics","Echo Form+1","Go for the Eyes+1","Redo+1","Glacier+1","Redo+1","Jack Of All Trades+1","Steam+1","Madness+1","Madness+1","Force Field+1"],"special_seed":0,"relics":["Cracked Core","Calipers","FaceOfCleric","Kunai","Bag of Marbles","Bottled Flame","Sozu","Regal Pillow","Toxic Egg 2","Anchor","Runic Dome","Red Mask","Vajra","Mercury Hourglass","Juzu Bracelet"],"potions_floor_usage":[50,50,50],"damage_taken":[{"damage":1.0,"enemies":"Cultist","floor":1.0,"turns":3.0},{"damage":2.0,"enemies":"2 Louse","floor":2.0,"turns":2.0},{"damage":1.0,"enemies":"Jaw Worm","floor":4.0,"turns":4.0},{"damage":4.0,"enemies":"2 Fungi Beasts","floor":5.0,"turns":5.0},{"damage":7.0,"enemies":"Looter","floor":8.0,"turns":3.0},{"damage":8.0,"enemies":"3 Louse","floor":10.0,"turns":3.0},{"damage":10.0,"enemies":"Gremlin Nob","floor":13.0,"turns":4.0},{"damage":0.0,"enemies":"Slime Boss","floor":16.0,"turns":11.0},{"damage":1.0,"enemies":"Chosen","floor":18.0,"turns":4.0},{"damage":0.0,"enemies":"Shell Parasite","floor":20.0,"turns":8.0},{"damage":24.0,"enemies":"Shelled Parasite and Fungi","floor":21.0,"turns":6.0},{"damage":16.0,"enemies":"3 Cultists","floor":22.0,"turns":4.0},{"damage":26.0,"enemies":"Cultist and Chosen","floor":25.0,"turns":7.0},{"damage":0.0,"enemies":"Snecko","floor":27.0,"turns":4.0},{"damage":20.0,"enemies":"Book of Stabbing","floor":28.0,"turns":6.0},{"damage":5.0,"enemies":"Shelled Parasite and Fungi","floor":31.0,"turns":5.0},{"damage":45.0,"enemies":"Collector","floor":33.0,"turns":10.0},{"damage":0.0,"enemies":"3 Darklings","floor":35.0,"turns":3.0},{"damage":6.0,"enemies":"Orb Walker","floor":38.0,"turns":3.0},{"damage":26.0,"enemies":"Nemesis","floor":40.0,"turns":5.0},{"damage":5.0,"enemies":"Jaw Worm Horde","floor":44.0,"turns":3.0},{"damage":0,"enemies":"Sphere and 2 Shapes","floor":48,"turns":3},{"damage":63,"enemies":"Time Eater","floor":50,"turns":10}],"seed_played":"1833705691898043970","potions_obtained":[{"floor":4.0,"key":"LiquidBronze"},{"floor":5.0,"key":"FearPotion"},{"floor":8.0,"key":"FearPotion"},{"floor":10.0,"key":"FocusPotion"}],"is_trial":false,"path_per_floor":["M","M","$","M","M","R","?","M","T","M","$","T","E","$","R","B",null,"M","$","M","M","M","R","?","M","T","M","E","R","$","M","R","B",null,"M","$","?","M","?","E","R","?","T","M","R","?","T","M","R","B",null],"character_chosen":"DEFECT","items_purchased":["Defragment","Static Discharge","Loop","Ball Lightning","Anchor","Redo+1"],"campfire_rested":5,"item_purchase_floors":[3,14,19,30,30,36],"current_hp_per_floor":[67,65,65,64,60,60,60,54,54,47,47,47,38,38,38,39,69,69,69,70,47,32,56,53,28,28,29,10,50,50,46,87,43,77,78,78,78,73,73,48,90,90,90,86,86,74,74,75,93,31],"gold":83,"neow_bonus":"ONE_RARE_RELIC","is_prod":false,"is_daily":false,"chose_seed":false,"campfire_upgraded":3,"win_rate":0,"timestamp":1567069738,"path_taken":["M","?","$","M","M","R","?","M","T","M","$","?","E","$","R","BOSS","M","$","M","M","M","R","?","M","T","M","E","R","$","M","R","BOSS","M","$","?","M","?","E","R","?","T","M","R","?","?","M","R","BOSS"],"build_version":"2019-08-26","purchased_purges":1,"victory":true,"max_hp_per_floor":[75,75,75,75,75,75,75,76,76,77,77,77,78,78,78,79,79,80,80,81,82,83,83,83,84,84,85,86,86,86,87,87,88,88,89,89,89,90,90,91,91,91,91,92,92,92,92,93,93,94],"card_choices":[{"not_picked":["Streamline","Go for the Eyes"],"picked":"Ball Lightning","floor":1.0},{"not_picked":["Go for the Eyes","Chaos"],"picked":"Glacier","floor":2.0},{"not_picked":["Redo","Heatsinks"],"picked":"Cold Snap","floor":4.0},{"not_picked":["Compile Driver","Reprogram"],"picked":"Double Energy","floor":5.0},{"not_picked":["Coolheaded","Sunder"],"picked":"Sweeping Beam","floor":8.0},{"not_picked":["Fission","Reinforced Body"],"picked":"Compile Driver","floor":10.0},{"not_picked":["Rebound","Storm"],"picked":"Conserve Battery","floor":13.0},{"not_picked":["All For One","Seek"],"picked":"Biased Cognition","floor":16.0},{"not_picked":["Sweeping Beam","Streamline"],"picked":"Conserve Battery","floor":18.0},{"not_picked":["BootSequence","Reprogram"],"picked":"Rebound","floor":20.0},{"not_picked":["Steam+1","Sweeping Beam"],"picked":"White Noise","floor":21.0},{"not_picked":["Ball Lightning","Compile Driver"],"picked":"Cold Snap+1","floor":22.0},{"not_picked":["Gash","Sweeping Beam"],"picked":"Streamline","floor":25.0},{"not_picked":["Force Field","Chaos"],"picked":"Barrage+1","floor":27.0},{"not_picked":["Undo","Sunder"],"picked":"Chill","floor":28.0},{"not_picked":["Stack+1","Beam Cell"],"picked":"Electrodynamics","floor":31.0},{"not_picked":["Amplify+1","Meteor Strike"],"picked":"Echo Form","floor":33.0},{"not_picked":["Sunder","Gash+1"],"picked":"Go for the Eyes+1","floor":35.0},{"not_picked":["FTL","Loop"],"picked":"Glacier+1","floor":38.0},{"not_picked":["Beam Cell","Reinforced Body+1"],"picked":"Redo+1","floor":40.0},{"not_picked":["Swift Strike","Dark Shackles+1"],"picked":"Jack Of All Trades+1","floor":42.0},{"not_picked":["Redo+1","Barrage"],"picked":"Steam+1","floor":44},{"not_picked":["Fusion+1","Hyperbeam"],"picked":"Force Field+1","floor":48}],"player_experience":161464,"relics_obtained":[{"floor":9.0,"key":"Kunai"},{"floor":12.0,"key":"Bag of Marbles"},{"floor":13.0,"key":"Bottled Flame"},{"floor":26.0,"key":"Regal Pillow"},{"floor":28.0,"key":"Toxic Egg 2"},{"floor":40.0,"key":"Vajra"},{"floor":43.0,"key":"Mercury Hourglass"},{"floor":47,"key":"Juzu Bracelet"}],"event_choices":[{"damage_healed":0.0,"max_hp_gain":0.0,"max_hp_loss":0.0,"gold_gain":0.0,"event_name":"FaceTrader","player_choice":"Trade","floor":7.0,"gold_loss":0.0,"damage_taken":0.0,"relics_obtained":["FaceOfCleric"]},{"damage_healed":0.0,"max_hp_gain":0.0,"max_hp_loss":0.0,"gold_gain":0.0,"event_name":"Designer","player_choice":"Punched","floor":24.0,"gold_loss":0.0,"damage_taken":3.0},{"cards_removed":["Conserve Battery"],"damage_healed":0.0,"max_hp_gain":0.0,"max_hp_loss":0.0,"gold_gain":0.0,"event_name":"Falling","player_choice":"Removed Skill","floor":37.0,"gold_loss":0.0,"damage_taken":0.0},{"damage_healed":0.0,"max_hp_gain":0.0,"max_hp_loss":0.0,"gold_gain":0.0,"event_name":"Tomb of Lord Red Mask","player_choice":"Paid","floor":39.0,"gold_loss":128.0,"damage_taken":0.0,"relics_obtained":["Red Mask"]},{"damage_healed":0.0,"max_hp_gain":0.0,"max_hp_loss":0.0,"gold_gain":0.0,"event_name":"SensoryStone","player_choice":"Memory 1","floor":42.0,"gold_loss":0.0,"damage_taken":0.0},{"damage_healed":0,"gold_gain":0,"player_choice":"Embrace Madness","damage_taken":12,"max_hp_gain":0,"max_hp_loss":0,"event_name":"Winding Halls","floor":46,"gold_loss":0,"cards_obtained":["Madness","Madness"]}],"is_beta":true,"boss_relics":[{"not_picked":["Calling Bell","Coffee Dripper"],"picked":"Sozu"},{"not_picked":["Empty Cage","White Beast Statue"],"picked":"Runic Dome"}],"items_purged_floors":[11],"is_endless":false,"potions_floor_spawned":[4,5,8,10,20,25,27,31,38,44],"ascension_level":8}