{"path_per_floor":["M","M","M","M","M","E","M","E","T","M","E","?","R","M","R","B",null,"M","M","?","M","M","E","$","E","T","M","M","$","T","E","R"],"character_chosen":"DEFECT","items_purchased":["Leap","Bottled Flame","Regen Potion","Strength Potion","Pen Nib"],"gold_per_floor":[110,120,131,144,162,190,208,237,237,248,278,278,278,296,296,424,424,440,463,463,481,502,543,77,150,150,166,186,43,68,101,101,101],"floor_reached":33,"campfire_rested":1,"playtime":3213,"item_purchase_floors":[24,24,24,24,29],"current_hp_per_floor":[75,74,71,54,53,35,32,29,29,38,33,33,33,35,57,42,75,74,67,67,47,49,39,39,54,54,45,43,43,43,51,51,23],"items_purged":["Injury"],"gold":101,"score":376,"play_id":"91975a02-8818-4f16-9493-c6aaf7019082","local_time":"20180531021149","is_prod":false,"is_daily":false,"chose_seed":false,"is_ascension_mode":true,"campfire_upgraded":2,"win_rate":0,"timestamp":1527747109,"campfire_choices":[{"data":"Conserve Battery","floor":13,"key":"SMITH"},{"floor":15,"key":"REST"},{"data":"Streamline","floor":32,"key":"SMITH"}],"path_taken":["M","M","M","M","M","E","M","E","T","?","E","?","R","M","R","BOSS","M","M","?","?","M","E","$","E","T","M","M","$","?","E","R","BOSS"],"build_version":"2018-05-30","seed_source_timestamp":949781370102679,"purchased_purges":1,"victory":false,"master_deck":["Strike_B","Strike_B","Strike_B","Strike_B","Defend_B","Defend_B","Defend_B","Defend_B","Zap","Dualcast","Rebound","Rebound","Tempest","Streamline+1","Cold Snap","Sweeping Beam","Leap","Go for the Eyes","Beam Cell","Conserve Battery+1","White Noise","Hyperbeam","Barrage+1","Auto Shields","Echo Form","Conserve Battery","Rip and Tear+1","Tempest","Leap","Chaos+1","Regret","Glacier+1","Writhe","Auto Shields"],"max_hp_per_floor":[75,75,75,75,75,75,75,75,75,75,75,75,75,75,75,75,75,75,75,75,75,75,75,75,75,75,75,75,75,75,82,82,82],"relics":["Cracked Core","Bag of Marbles","Art of War","Anchor","Meat on the Bone","Turnip","Golden Idol","Cursed Key","Blue Candle","Bottled Flame","Tiny Chest","Pantograph","Pen Nib","DataDisk","Strawberry"],"card_choices":[{"not_picked":["Double Energy","Force Field"],"picked":"Rebound","floor":1},{"not_picked":["Barrage","Redo"],"picked":"Rebound","floor":2},{"not_picked":["Hello World","Redo"],"picked":"Tempest","floor":3},{"not_picked":["Beam Cell","Aggregate"],"picked":"Streamline","floor":4},{"not_picked":["Go for the Eyes","Chaos"],"picked":"Cold Snap","floor":5},{"not_picked":["Hello World","Fission"],"picked":"Sweeping Beam","floor":6},{"not_picked":["Beam Cell","Steam"],"picked":"Leap","floor":7},{"not_picked":["Compile Driver","Meteor Strike"],"picked":"Go for the Eyes","floor":8},{"not_picked":["Chill","Steam"],"picked":"Beam Cell","floor":10},{"not_picked":["BootSequence","FTL"],"picked":"Conserve Battery","floor":11},{"not_picked":["Conserve Battery","Cold Snap"],"picked":"White Noise","floor":14},{"not_picked":["All For One","Meteor Strike"],"picked":"Hyperbeam","floor":16},{"not_picked":["Steam","Heatsinks"],"picked":"Barrage+1","floor":18},{"not_picked":["Steam","Blizzard"],"picked":"Auto Shields","floor":19},{"not_picked":["Defragment","Cold Snap"],"picked":"Rip and Tear+1","floor":21},{"not_picked":["Chaos","Compile Driver+1","Recycle"],"picked":"SKIP","floor":22},{"not_picked":["Skim","Chaos+1"],"picked":"Tempest","floor":23},{"not_picked":["Amplify","Scrape"],"picked":"Chaos+1","floor":25},{"not_picked":["Genetic Algorithm+1","Storm","Steam"],"picked":"SKIP","floor":27},{"not_picked":["Steam","Storm+1"],"picked":"Glacier+1","floor":28},{"not_picked":["Barrage","Cold Snap+1"],"picked":"Auto Shields","floor":31}],"player_experience":109938,"potions_floor_usage":[5,6,8,16,23,23,25,25,33,33],"damage_taken":[{"damage":0,"enemies":"Cultist","floor":1,"turns":3},{"damage":1,"enemies":"Jaw Worm","floor":2,"turns":2},{"damage":3,"enemies":"Small Slimes","floor":3,"turns":2},{"damage":17,"enemies":"Exordium Thugs","floor":4,"turns":4},{"damage":1,"enemies":"Exordium Wildlife","floor":5,"turns":3},{"damage":18,"enemies":"Lagavulin","floor":6,"turns":5},{"damage":3,"enemies":"Lots of Slimes","floor":7,"turns":2},{"damage":3,"enemies":"Gremlin Nob","floor":8,"turns":3},{"damage":3,"enemies":"3 Louse","floor":10,"turns":2},{"damage":17,"enemies":"3 Sentries","floor":11,"turns":6},{"damage":10,"enemies":"Gremlin Gang","floor":14,"turns":2},{"damage":15,"enemies":"Slime Boss","floor":16,"turns":7},{"damage":1,"enemies":"Spheric Guardian","floor":18,"turns":4},{"damage":7,"enemies":"Chosen","floor":19,"turns":6},{"damage":32,"enemies":"Snake Plant","floor":21,"turns":4},{"damage":10,"enemies":"Sentry and Sphere","floor":22,"turns":3},{"damage":29,"enemies":"Gremlin Leader","floor":23,"turns":7},{"damage":0,"enemies":"Slavers","floor":25,"turns":6},{"damage":9,"enemies":"Chosen and Byrds","floor":27,"turns":5},{"damage":14,"enemies":"Snake Plant","floor":28,"turns":5},{"damage":11,"enemies":"Book of Stabbing","floor":31,"turns":6},{"damage":58,"enemies":"Collector","floor":33,"turns":13}],"relics_obtained":[{"floor":6,"key":"Art of War"},{"floor":8,"key":"Anchor"},{"floor":9,"key":"Meat on the Bone"},{"floor":11,"key":"Turnip"},{"floor":23,"key":"Blue Candle"},{"floor":25,"key":"Tiny Chest"},{"floor":26,"key":"Pantograph"},{"floor":30,"key":"DataDisk"},{"floor":31,"key":"Strawberry"}],"event_choices":[{"event_name":"Golden Idol","player_choice":"Take Wound","floor":12,"damage_taken":0},{"event_name":"Match and Keep!","player_choice":"2 cards matched","floor":20,"damage_taken":0}],"boss_relics":[{"not_picked":["Astrolabe","Orrery"],"picked":"Cursed Key"}],"items_purged_floors":[24],"potions_floor_spawned":[3,4,6,10,11,16,21,27,28,31],"seed_played":"-6647001861417347499","killed_by":"Collector","ascension_level":1,"potions_obtained":[{"floor":3,"key":"Explosive Potion"},{"floor":4,"key":"Fire Potion"},{"floor":6,"key":"SkillPotion"},{"floor":10,"key":"Dexterity Potion"},{"floor":11,"key":"SpeedPotion"},{"floor":16,"key":"Dexterity Potion"},{"floor":21,"key":"Fire Potion"},{"floor":27,"key":"Strength Potion"},{"floor":28,"key":"SmokeBomb"},{"floor":31,"key":"Regen Potion"}],"is_trial":false}