{"gold_per_floor":[114,114,39,89,109,135,135,146,146,158,187,226,61,61,61,133,133,152,184,19,39,39,39,39,55,80,80,130,142,42,42],"floor_reached":31,"playtime":1042,"items_purged":["Regret","Shame"],"score":446,"play_id":"dc855eb1-8ccd-4c72-b6cd-7740c7df5ddc","local_time":"20190924015322","is_ascension_mode":true,"campfire_choices":[{"floor":7,"key":"REST"},{"data":"Chaos","floor":10,"key":"SMITH"},{"data":"Rainbow","floor":15,"key":"SMITH"},{"floor":23,"key":"REST"}],"neow_cost":"NONE","seed_source_timestamp":456102468871844,"circlet_count":0,"master_deck":["AscendersBane","Strike_B+1","Strike_B+1","Strike_B+1","Strike_B+1","Defend_B+1","Defend_B+1","Defend_B+1","Defend_B+1","Zap","Dualcast","CurseOfTheBell","Ball Lightning","Conserve Battery","Cold Snap","Chaos+1","Go for the Eyes","Rainbow+1","Echo Form+1","Amplify","Ball Lightning+1","Cold Snap+1","Steam+1","Leap","Go for the Eyes+1"],"relics":["Calling Bell","PreservedInsect","HornCleat","Mango","Frozen Egg 2","Art of War","MawBank","Whetstone","Ornamental Fan","Cursed Key","Red Mask","Juzu Bracelet","DataDisk"],"potions_floor_usage":[19,31,31],"damage_taken":[{"damage":4,"enemies":"Small Slimes","floor":1,"turns":5},{"damage":0,"enemies":"Cultist","floor":5,"turns":3},{"damage":33,"enemies":"Lagavulin","floor":6,"turns":7},{"damage":3,"enemies":"2 Louse","floor":8,"turns":3},{"damage":5,"enemies":"Blue Slaver","floor":11,"turns":4},{"damage":3,"enemies":"3 Sentries","floor":12,"turns":6},{"damage":9,"enemies":"The Guardian","floor":16,"turns":11},{"damage":23,"enemies":"3 Byrds","floor":18,"turns":5},{"damage":17,"enemies":"Masked Bandits","floor":19,"turns":5},{"damage":17,"enemies":"Shell Parasite","floor":21,"turns":5},{"damage":18,"enemies":"Snake Plant","floor":25,"turns":6},{"damage":19,"enemies":"Cultist and Chosen","floor":29,"turns":7},{"damage":8,"enemies":"Centurion and Healer","floor":31,"turns":3}],"seed_played":"7393447589006532773","potions_obtained":[{"floor":1,"key":"Swift Potion"},{"floor":8,"key":"SkillPotion"},{"floor":11,"key":"Energy Potion"},{"floor":21,"key":"FocusPotion"}],"is_trial":false,"path_per_floor":["M","?","$","?","M","E","R","M","T","R","M","E","$","?","R","B",null,"M","?","$","M","$","R","?","M","T","?","?","M","$","M"],"character_chosen":"DEFECT","items_purchased":["Echo Form+1","Juzu Bracelet"],"campfire_rested":2,"item_purchase_floors":[13,20],"current_hp_per_floor":[74,74,74,74,74,41,66,63,63,63,58,55,55,50,50,41,74,51,34,34,17,17,42,42,24,24,24,24,5,5,0],"gold":42,"neow_bonus":"BOSS_RELIC","is_prod":false,"is_daily":false,"chose_seed":false,"campfire_upgraded":2,"win_rate":0,"timestamp":1569304402,"path_taken":["M","?","$","?","?","E","R","?","T","R","M","E","?","?","R","BOSS","M","?","$","M","$","R","?","M","T","?","?","M","$","M"],"build_version":"2019-09-23","purchased_purges":2,"victory":false,"max_hp_per_floor":[85,85,85,85,85,85,85,85,85,85,85,85,85,85,85,85,85,85,85,85,85,85,85,85,85,85,85,85,85,85,85],"card_choices":[{"not_picked":["Sweeping Beam","Gash"],"picked":"Ball Lightning","floor":1},{"not_picked":["Steam","Compile Driver"],"picked":"Conserve Battery","floor":5},{"not_picked":["Streamline","Coolheaded"],"picked":"Cold Snap","floor":6},{"not_picked":["Hologram","Stack"],"picked":"Chaos","floor":8},{"not_picked":["Cold Snap","Gash"],"picked":"Go for the Eyes","floor":11},{"not_picked":["Stack","Compile Driver"],"picked":"Rainbow","floor":12},{"not_picked":["Machine Learning+1","Fission"],"picked":"Amplify","floor":16},{"not_picked":["Scrape","Steam+1"],"picked":"Ball Lightning+1","floor":18},{"not_picked":["Ball Lightning+1","Fusion"],"picked":"Cold Snap+1","floor":19},{"not_picked":["Skim","Rebound"],"picked":"Steam+1","floor":21},{"not_picked":["Loop+1","Ball Lightning"],"picked":"Leap","floor":25},{"not_picked":["Stack","Coolheaded"],"picked":"Go for the Eyes+1","floor":29}],"player_experience":676341,"relics_obtained":[{"floor":0,"key":"PreservedInsect"},{"floor":0,"key":"HornCleat"},{"floor":0,"key":"Mango"},{"floor":6,"key":"Art of War"},{"floor":9,"key":"MawBank"},{"floor":12,"key":"Whetstone"},{"floor":19,"key":"Red Mask"},{"floor":26,"key":"DataDisk"}],"event_choices":[{"damage_healed":0,"gold_gain":0,"player_choice":"Box","damage_taken":0,"relics_obtained":["Frozen Egg 2"],"max_hp_gain":0,"max_hp_loss":0,"event_name":"Big Fish","floor":2,"gold_loss":0,"cards_obtained":["Regret"]},{"damage_healed":0,"gold_gain":50,"player_choice":"Pray","damage_taken":0,"max_hp_gain":0,"max_hp_loss":0,"event_name":"Golden Shrine","floor":4,"gold_loss":0},{"damage_healed":0,"gold_gain":0,"player_choice":"Success","damage_taken":5,"relics_obtained":["Ornamental Fan"],"max_hp_gain":0,"max_hp_loss":0,"event_name":"Scrap Ooze","floor":14,"gold_loss":0},{"damage_healed":0,"gold_gain":0,"player_choice":"Fought Bandits","damage_taken":0,"max_hp_gain":0,"max_hp_loss":0,"event_name":"Masked Bandits","floor":19,"gold_loss":0},{"damage_healed":0,"gold_gain":0,"player_choice":"Ignored","damage_taken":0,"max_hp_gain":0,"max_hp_loss":0,"event_name":"N\u0027loth","floor":24,"gold_loss":0},{"damage_healed":0,"gold_gain":0,"player_choice":"Simplicity","damage_taken":0,"max_hp_gain":0,"max_hp_loss":0,"event_name":"Back to Basics","floor":27,"gold_loss":0,"cards_upgraded":["Strike_B","Strike_B","Defend_B","Defend_B","Defend_B","Defend_B"]},{"damage_healed":0,"gold_gain":50,"player_choice":"Pray","damage_taken":0,"max_hp_gain":0,"max_hp_loss":0,"event_name":"Golden Shrine","floor":28,"gold_loss":0}],"is_beta":true,"boss_relics":[{"not_picked":["Astrolabe","Black Star"],"picked":"Cursed Key"}],"items_purged_floors":[3,30],"is_endless":false,"potions_floor_spawned":[1,8,11,12,21],"killed_by":"Centurion and Healer","ascension_level":17}