{"gold_per_floor":[20,20,20,35,51,51,92,17,43,43,59,82,100,100,100,231,231,254,254,65,88,101,101,116,154,154,79,100,100,100,125,125,125],"floor_reached":33,"playtime":1658,"items_purged":["Strike_R"],"score":296,"play_id":"4e159d5c-dd3b-48c6-8d9d-f0b34163eac8","local_time":"20190822195633","is_ascension_mode":true,"campfire_choices":[{"data":"1","floor":6,"key":"LIFT"},{"data":"2","floor":15,"key":"LIFT"},{"data":"3","floor":23,"key":"LIFT"},{"data":"Bash","floor":29,"key":"SMITH"},{"floor":32,"key":"REST"}],"neow_cost":"NO_GOLD","seed_source_timestamp":630558095495100,"circlet_count":0,"master_deck":["Strike_R","Strike_R","Strike_R","Defend_R","Defend_R","Defend_R","Bash+1","Burning Pact","Cleave","Armaments+1","Double Tap","Shrug It Off","Disarm","Headbutt+1","Barricade","Battle Trance","Metamorphosis","Clothesline+1","Clothesline","Shrug It Off","Heavy Blade","Corruption"],"relics":["Burning Blood","Girya","Golden Idol","Dream Catcher","Pocketwatch","Red Skull","Snecko Eye","Bag of Marbles","Omamori"],"potions_floor_usage":[7,25,33,33],"damage_taken":[{"damage":4,"enemies":"2 Louse","floor":1,"turns":4},{"damage":16,"enemies":"Jaw Worm","floor":4,"turns":4},{"damage":15,"enemies":"Small Slimes","floor":5,"turns":4},{"damage":22,"enemies":"Gremlin Nob","floor":7,"turns":5},{"damage":0,"enemies":"3 Louse","floor":11,"turns":1},{"damage":8,"enemies":"Blue Slaver","floor":12,"turns":2},{"damage":7,"enemies":"Looter","floor":13,"turns":3},{"damage":23,"enemies":"Hexaghost","floor":16,"turns":8},{"damage":23,"enemies":"3 Byrds","floor":18,"turns":4},{"damage":43,"enemies":"Spheric Guardian","floor":21,"turns":7},{"damage":2,"enemies":"Snecko","floor":22,"turns":3},{"damage":0,"enemies":"Centurion and Healer","floor":24,"turns":3},{"damage":20,"enemies":"Gremlin Leader","floor":25,"turns":5},{"damage":11,"enemies":"Snake Plant","floor":28,"turns":2},{"damage":5,"enemies":"3 Cultists","floor":31,"turns":3},{"damage":51,"enemies":"Champ","floor":33,"turns":8}],"seed_played":"-3416925524193891159","potions_obtained":[{"floor":1,"key":"Block Potion"},{"floor":4,"key":"SkillPotion"},{"floor":7,"key":"Swift Potion"},{"floor":21,"key":"PowerPotion"}],"is_trial":false,"path_per_floor":["M","?","?","M","M","R","E","$","T","?","M","M","M","?","R","B",null,"M","?","$","M","M","R","M","E","T","?","M","R","?","M","R","B"],"character_chosen":"IRONCLAD","items_purchased":["Metamorphosis"],"campfire_rested":1,"item_purchase_floors":[20],"current_hp_per_floor":[80,60,48,38,29,29,13,13,13,39,45,43,42,26,26,9,80,63,63,63,26,30,30,36,22,22,22,17,17,17,18,42,0],"gold":125,"neow_bonus":"ONE_RARE_RELIC","is_prod":false,"is_daily":false,"chose_seed":false,"campfire_upgraded":1,"win_rate":0,"timestamp":1566496593,"path_taken":["M","?","?","M","M","R","E","$","T","?","M","M","M","?","R","BOSS","M","?","$","M","M","R","M","E","T","?","M","R","?","M","R","BOSS"],"build_version":"2019-07-17","purchased_purges":1,"victory":false,"max_hp_per_floor":[80,80,80,80,80,80,80,80,80,80,80,80,80,80,80,80,80,80,80,80,80,80,80,80,80,80,80,80,80,80,80,80,80],"card_choices":[{"not_picked":["Intimidate","Shrug It Off"],"picked":"Burning Pact","floor":1},{"not_picked":["Sever Soul","Anger"],"picked":"Cleave","floor":4},{"not_picked":["Sever Soul","Dropkick"],"picked":"Armaments","floor":5},{"not_picked":["Combust","Brutality"],"picked":"Double Tap","floor":7},{"not_picked":["Second Wind","Reckless Charge"],"picked":"Shrug It Off","floor":11},{"not_picked":["Sentinel","Cleave"],"picked":"Disarm","floor":12},{"not_picked":["Armaments","Iron Wave"],"picked":"Headbutt","floor":13},{"not_picked":["Demon Form","Juggernaut"],"picked":"Barricade","floor":16},{"not_picked":["Dropkick+1","Cleave+1"],"picked":"Battle Trance","floor":18},{"not_picked":["Ghostly Armor","Warcry"],"picked":"Clothesline+1","floor":21},{"not_picked":["Armaments","Flex+1"],"picked":"Clothesline","floor":22},{"not_picked":["Bloodletting+1","Armaments","Clash"],"picked":"SKIP","floor":24},{"not_picked":["Clash+1","Havoc"],"picked":"Shrug It Off","floor":25},{"not_picked":["Infernal Blade","Rage+1","Flex"],"picked":"SKIP","floor":28},{"not_picked":["Anger","Havoc"],"picked":"Corruption","floor":31}],"player_experience":140456,"relics_obtained":[{"floor":7,"key":"Pocketwatch"},{"floor":9,"key":"Red Skull"},{"floor":25,"key":"Bag of Marbles"},{"floor":26,"key":"Omamori"}],"event_choices":[{"damage_healed":0,"gold_gain":0,"player_choice":"Take Damage","damage_taken":20,"relics_obtained":["Golden Idol"],"max_hp_gain":0,"max_hp_loss":0,"event_name":"Golden Idol","floor":2,"gold_loss":0},{"damage_healed":0,"gold_gain":0,"player_choice":"Success","damage_taken":12,"relics_obtained":["Dream Catcher"],"max_hp_gain":0,"max_hp_loss":0,"event_name":"Scrap Ooze","floor":3,"gold_loss":0},{"damage_healed":26,"gold_gain":0,"player_choice":"Banana","damage_taken":0,"max_hp_gain":0,"max_hp_loss":0,"event_name":"Big Fish","floor":10,"gold_loss":0},{"damage_healed":0,"gold_gain":0,"player_choice":"Entered Light","damage_taken":16,"max_hp_gain":0,"max_hp_loss":0,"event_name":"Shining Light","floor":14,"gold_loss":0,"cards_upgraded":["Armaments","Headbutt"]},{"cards_removed":["Defend_R"],"damage_healed":0,"gold_gain":0,"player_choice":"Elegance","damage_taken":0,"max_hp_gain":0,"max_hp_loss":0,"event_name":"Back to Basics","floor":19,"gold_loss":0},{"cards_removed":["Strike_R"],"damage_healed":0,"gold_gain":0,"player_choice":"Gave Gold","damage_taken":0,"max_hp_gain":0,"max_hp_loss":0,"event_name":"Beggar","floor":27,"gold_loss":75},{"damage_healed":0,"gold_gain":0,"player_choice":"Read","damage_taken":0,"max_hp_gain":0,"max_hp_loss":0,"event_name":"The Library","floor":30,"gold_loss":0,"cards_obtained":["Heavy Blade"]}],"is_beta":false,"boss_relics":[{"not_picked":["Orrery","Fusion Hammer"],"picked":"Snecko Eye"}],"items_purged_floors":[8],"is_endless":false,"potions_floor_spawned":[1,4,7,21,22,24],"killed_by":"Champ","ascension_level":2}