{"path_per_floor":["M","M","$","M","?","E","M","?","T","$","M","R","$","E","R","B",null,"M","M","?","M","?"],"character_chosen":"IRONCLAD","items_purchased":["Limit Break","Twin Strike"],"gold_per_floor":[110,129,129,148,148,173,183,183,233,32,51,51,51,76,76,177,177,194,208,108,120,120],"floor_reached":23,"campfire_rested":1,"playtime":1454,"current_hp_per_floor":[45,49,49,52,52,28,32,32,32,32,33,57,57,52,52,38,80,64,55,55,48,32],"items_purged":["Strike_R"],"gold":120,"score":201,"play_id":"fbe32a6f-9d0e-422d-b5e0-4a0697846c9e","is_prod":false,"is_daily":false,"is_ascension_mode":false,"campfire_upgraded":1,"path_taken":["M","M","?","?","?","E","M","?","T","$","M","R","?","E","R","BOSS","M","M","?","?","?","E"],"build_version":"2018-02-22-PROD2","purchased_purges":1,"victory":false,"master_deck":["Strike_R","Strike_R","Defend_R","Defend_R+1","Defend_R+1","Bash","Whirlwind","Flame Barrier","Iron Wave","Twin Strike","Shrug It Off","Iron Wave","Limit Break+1","Twin Strike","Clothesline","Inflame","Limit Break","Uppercut","Inflame","J.A.X.","Infernal Blade","Necronomicurse"],"max_hp_per_floor":[80,80,80,80,80,80,80,80,80,80,80,80,80,80,80,80,80,80,80,80,80,80],"relics":["Burning Blood","The Courier","War Paint","Ornamental Fan","Black Star","Necronomicon"],"card_choices":[{"not_picked":["Warcry","Thunderclap"],"picked":"Whirlwind"},{"not_picked":["Warcry","Thunderclap"],"picked":"Flame Barrier"},{"not_picked":["Flex","Headbutt"],"picked":"Iron Wave"},{"not_picked":["Warcry","Armaments"],"picked":"Shrug It Off"},{"not_picked":["Thunderclap","Twin Strike"],"picked":"Iron Wave"},{"not_picked":["Anger","Burning Pact"],"picked":"Clothesline"},{"not_picked":["Heavy Blade","Rampage"],"picked":"Inflame"},{"not_picked":["Impervious","Brutality"],"picked":"Limit Break"},{"not_picked":["Twin Strike","Intimidate"],"picked":"Uppercut"},{"not_picked":["Reckless Charge","Uppercut"],"picked":"Inflame"},{"not_picked":["Uppercut","Second Wind"],"picked":"Infernal Blade"}],"player_experience":47578,"potions_floor_usage":[6,14,19,23],"damage_taken":[{"damage":1,"enemies":"Cultist","floor":1,"turns":4},{"damage":2,"enemies":"2 Louse","floor":2,"turns":2},{"damage":3,"enemies":"Small Slimes","floor":4,"turns":3},{"damage":30,"enemies":"Lagavulin","floor":6,"turns":9},{"damage":2,"enemies":"Blue Slaver","floor":7,"turns":6},{"damage":5,"enemies":"Red Slaver","floor":11,"turns":3},{"damage":11,"enemies":"3 Sentries","floor":14,"turns":4},{"damage":20,"enemies":"Hexaghost","floor":16,"turns":10},{"damage":22,"enemies":"Shell Parasite","floor":18,"turns":7},{"damage":15,"enemies":"Chosen","floor":19,"turns":6},{"damage":13,"enemies":"Centurion and Healer","floor":21,"turns":6},{"damage":35,"enemies":"Gremlin Leader","floor":23,"turns":5}],"event_choices":[{"event_name":"Living Wall","player_choice":"Change","floor":5,"damage_taken":0},{"event_name":"The Lab","player_choice":"Got Potions","floor":8,"damage_taken":0},{"event_name":"Drug Dealer","player_choice":"Got JAXXED","floor":20,"damage_taken":0},{"event_name":"Cursed Tome","player_choice":"Obtained Book","floor":22,"damage_taken":0}],"boss_relics":[{"not_picked":["Black Blood","Astrolabe"],"picked":"Black Star"}],"potions_floor_spawned":[2,6,11,14,18,19],"seed_played":"8548541282144272227","killed_by":"Gremlin Leader","ascension_level":0,"is_trial":false}