{"gold_per_floor":[111,121,46,58,58,85,95,95,95,95,60,86,86,99,99,99],"floor_reached":16,"playtime":468,"items_purged":[],"score":187,"play_id":"814416eb-5ae1-403e-8306-0f9f881fe046","local_time":"20190924195119","is_ascension_mode":true,"campfire_choices":[{"data":"Zap","floor":8,"key":"SMITH"},{"data":"Tempest","floor":10,"key":"SMITH"},{"data":"Genetic Algorithm","floor":13,"key":"SMITH"},{"floor":15,"key":"REST"}],"neow_cost":"NONE","seed_source_timestamp":377319795184500,"circlet_count":0,"master_deck":["AscendersBane","Strike_B","Strike_B","Strike_B","Strike_B","Defend_B","Defend_B","Defend_B","Defend_B","Zap+1","Dualcast","Cold Snap","Cold Snap","White Noise+1","Tempest+1","Conserve Battery","Melter","Machine Learning","Genetic Algorithm+1","Cold Snap"],"relics":["Cracked Core","Darkstone Periapt","Du-Vu Doll","Calipers"],"potions_floor_usage":[6,16],"damage_taken":[{"damage":9,"enemies":"Jaw Worm","floor":1,"turns":3},{"damage":6,"enemies":"Small Slimes","floor":2,"turns":3},{"damage":1,"enemies":"2 Louse","floor":4,"turns":3},{"damage":9,"enemies":"Lagavulin","floor":6,"turns":6},{"damage":7,"enemies":"Red Slaver","floor":7,"turns":2},{"damage":29,"enemies":"Gremlin Nob","floor":12,"turns":4},{"damage":5,"enemies":"Blue Slaver","floor":14,"turns":3},{"damage":41,"enemies":"Hexaghost","floor":16,"turns":10}],"seed_played":"8339757389523014374","potions_obtained":[{"floor":4,"key":"EssenceOfSteel"},{"floor":6,"key":"Dexterity Potion"}],"is_trial":false,"path_per_floor":["M","M","$","M","?","E","M","R","T","R","?","E","R","M","R","B"],"character_chosen":"DEFECT","items_purchased":["Tempest"],"campfire_rested":1,"item_purchase_floors":[3],"current_hp_per_floor":[55,49,49,48,48,39,32,32,32,32,49,20,20,15,36,0],"gold":99,"neow_bonus":"THREE_CARDS","is_prod":false,"is_daily":false,"chose_seed":false,"campfire_upgraded":3,"win_rate":0,"timestamp":1569351079,"path_taken":["M","M","$","M","?","E","M","R","T","R","?","E","R","M","R","BOSS"],"build_version":"2019-07-17","purchased_purges":0,"victory":false,"max_hp_per_floor":[71,71,71,71,71,71,71,71,71,71,71,71,71,71,71,71],"card_choices":[{"not_picked":["Stack","Turbo"],"picked":"Cold Snap","floor":0},{"not_picked":["Barrage","Steam"],"picked":"Cold Snap","floor":1},{"not_picked":["Barrage","Beam Cell"],"picked":"White Noise","floor":2},{"not_picked":["Rebound","Stack"],"picked":"Conserve Battery","floor":4},{"not_picked":["Darkness","Fusion"],"picked":"Melter","floor":6},{"not_picked":["Turbo","Force Field"],"picked":"Machine Learning","floor":7},{"not_picked":["Consume","Undo"],"picked":"Genetic Algorithm","floor":12},{"not_picked":["FTL","Compile Driver"],"picked":"Cold Snap","floor":14}],"player_experience":246764,"relics_obtained":[{"floor":6,"key":"Darkstone Periapt"},{"floor":9,"key":"Du-Vu Doll"},{"floor":12,"key":"Calipers"}],"event_choices":[{"damage_healed":0,"gold_gain":0,"player_choice":"Grow","damage_taken":0,"max_hp_gain":0,"max_hp_loss":0,"event_name":"Living Wall","floor":5,"gold_loss":0,"cards_upgraded":["White Noise"]},{"damage_healed":17,"gold_gain":0,"player_choice":"Healed","damage_taken":0,"max_hp_gain":0,"max_hp_loss":0,"event_name":"The Cleric","floor":11,"gold_loss":35}],"is_beta":false,"boss_relics":[],"items_purged_floors":[],"is_endless":false,"potions_floor_spawned":[4,6],"killed_by":"Hexaghost","ascension_level":14}