{"gold_per_floor":[119,72,72,347,357,357,384,401,401,401,415,590,167,167,167,264,264,279,292,311,311,221,256,256,274,274,293,324,324,324,339,339,437,437,452,452,469,484,17,46,57,83,109,125,125,3,19,38,38,38],"floor_reached":51,"playtime":3959,"items_purged":["Regret"],"score":764,"play_id":"7880a23a-0248-448c-891d-05d9e3588e0e","local_time":"20190923172637","is_ascension_mode":false,"campfire_choices":[{"data":"Gash","floor":6,"key":"SMITH"},{"data":"Static Discharge","floor":10,"key":"SMITH"},{"data":"Consume","floor":15,"key":"SMITH"},{"floor":24,"key":"REST"},{"data":"Ball Lightning","floor":30,"key":"SMITH"},{"data":"Coolheaded","floor":32,"key":"SMITH"},{"floor":49,"key":"RECALL"}],"neow_cost":"NONE","seed_source_timestamp":1112725851634491,"circlet_count":0,"master_deck":["Strike_B","Strike_B+1","Strike_B+1","Defend_B","Defend_B","Defend_B","Defend_B","Zap","Dualcast","Gash+1","Coolheaded+1","Steam Power+1","Static Discharge+1","Consume+1","Cold Snap","Creative AI+1","Glacier","Hologram+1","Hologram+1","Turbo+1","White Noise","Ball Lightning+1","Reprogram","Electrodynamics","Glacier+1","Parasite","Defragment+1","Steam Power","Heatsinks","Gash","Creative AI","Capacitor","Skim","Turbo","Iron Wave","Defragment","Stack","Parasite","Tempest+1","Double Energy+1"],"relics":["FrozenCore","Boot","Bronze Scales","Ornamental Fan","Runic Capacitor","Whetstone","Singing Bowl","Matryoshka","Toy Ornithopter","White Beast Statue","Eternal Feather","Fusion Hammer","ClockworkSouvenir","Bag of Preparation","Pantograph","Gremlin Horn","Happy Flower","InkBottle"],"potions_floor_usage":[16,18,18,28,33,38,44,47,50,50,50],"damage_taken":[{"damage":1,"enemies":"Jaw Worm","floor":1,"turns":3},{"damage":0,"enemies":"Cultist","floor":5,"turns":3},{"damage":2,"enemies":"Small Slimes","floor":8,"turns":2},{"damage":6,"enemies":"3 Louse","floor":11,"turns":3},{"damage":8,"enemies":"Slime Boss","floor":16,"turns":7},{"damage":11,"enemies":"2 Thieves","floor":18,"turns":4},{"damage":6,"enemies":"3 Byrds","floor":19,"turns":4},{"damage":11,"enemies":"Snake Plant","floor":20,"turns":5},{"damage":21,"enemies":"Slavers","floor":23,"turns":9},{"damage":0,"enemies":"Sentry and Sphere","floor":25,"turns":8},{"damage":3,"enemies":"Snecko","floor":27,"turns":6},{"damage":18,"enemies":"Gremlin Leader","floor":28,"turns":9},{"damage":9,"enemies":"Snake Plant","floor":31,"turns":3},{"damage":34,"enemies":"Collector","floor":33,"turns":9},{"damage":5,"enemies":"Orb Walker","floor":35,"turns":4},{"damage":2,"enemies":"3 Shapes","floor":37,"turns":3},{"damage":0,"enemies":"Writhing Mass","floor":38,"turns":5},{"damage":0,"enemies":"Nemesis","floor":40,"turns":9},{"damage":0,"enemies":"Sphere and 2 Shapes","floor":41,"turns":3},{"damage":3,"enemies":"Giant Head","floor":42,"turns":8},{"damage":5,"enemies":"Maw","floor":44,"turns":7},{"damage":3,"enemies":"Writhing Mass","floor":47,"turns":6},{"damage":0,"enemies":"Transient","floor":48,"turns":5},{"damage":38,"enemies":"Time Eater","floor":50,"turns":8}],"seed_played":"1891633551801013095","potions_obtained":[{"floor":1,"key":"Block Potion"},{"floor":8,"key":"Energy Potion"},{"floor":16,"key":"Explosive Potion"},{"floor":18,"key":"SteroidPotion"},{"floor":25,"key":"SpeedPotion"},{"floor":27,"key":"GamblersBrew"},{"floor":28,"key":"SneckoOil"},{"floor":31,"key":"SteroidPotion"},{"floor":33,"key":"Strength Potion"},{"floor":38,"key":"FearPotion"},{"floor":40,"key":"Block Potion"},{"floor":41,"key":"Fire Potion"},{"floor":44,"key":"SneckoOil"},{"floor":47,"key":"SteroidPotion"},{"floor":48,"key":"Regen Potion"}],"is_trial":false,"path_per_floor":["M","$","?","?","M","R","T","M","T","R","M","?","$","?","R","B",null,"M","M","M","?","?","E","R","M","T","M","E","?","R","M","R","B",null,"M","?","M","M","$","E","M","E","T","M","?","$","M","M","R","B",null],"character_chosen":"DEFECT","items_purchased":["Coolheaded","Cold Snap","Runic Capacitor","Whetstone","Steam Power","ClockworkSouvenir","Bag of Preparation","Heatsinks","Gash","Defragment","Stack"],"campfire_rested":1,"item_purchase_floors":[2,13,13,13,39,39,39,39,39,46,46],"current_hp_per_floor":[74,74,49,49,49,49,49,47,47,47,41,41,41,34,34,26,75,64,58,47,47,47,28,51,51,51,48,35,35,47,38,50,21,77,72,72,72,77,77,77,77,74,74,74,74,74,76,76,79,71],"gold":38,"neow_bonus":"THREE_CARDS","is_prod":false,"is_daily":false,"chose_seed":false,"campfire_upgraded":5,"win_rate":0,"timestamp":1569273997,"path_taken":["M","$","?","?","?","R","?","M","T","R","M","?","$","?","R","BOSS","M","M","M","?","?","E","R","?","T","M","E","?","R","M","R","BOSS","M","?","M","M","$","E","M","E","T","M","?","$","M","M","R","BOSS"],"build_version":"2019-09-23","purchased_purges":1,"victory":true,"max_hp_per_floor":[75,75,75,75,75,75,75,75,75,75,75,75,75,75,75,75,75,75,75,75,75,75,77,77,77,77,77,77,77,77,77,77,77,77,77,77,79,79,79,79,79,79,79,79,79,79,79,79,79,79],"card_choices":[{"not_picked":["Compile Driver","Coolheaded"],"picked":"Gash","floor":0},{"not_picked":["Capacitor","Sweeping Beam"],"picked":"Beam Cell","floor":1},{"not_picked":["Rebound","Aggregate"],"picked":"Steam Power","floor":5},{"not_picked":["Barrage","Tempest"],"picked":"Static Discharge","floor":8},{"not_picked":["Undo","Sweeping Beam"],"picked":"Consume","floor":11},{"not_picked":["Biased Cognition","Reboot"],"picked":"Creative AI","floor":16},{"not_picked":["Barrage","Rebound"],"picked":"Glacier","floor":18},{"not_picked":["Sweeping Beam","Go for the Eyes"],"picked":"Hologram+1","floor":19},{"not_picked":["Reinforced Body","Rip and Tear+1"],"picked":"Hologram+1","floor":20},{"not_picked":["Barrage+1","BootSequence","White Noise+1"],"picked":"Singing Bowl","floor":23},{"not_picked":["Rebound","Gash+1"],"picked":"Turbo+1","floor":25},{"not_picked":["Conserve Battery","Darkness"],"picked":"White Noise","floor":27},{"not_picked":["Rebound","Streamline+1"],"picked":"Ball Lightning","floor":28},{"not_picked":["Streamline+1","Hyperbeam"],"picked":"Reprogram","floor":31},{"not_picked":["Hyperbeam","Buffer"],"picked":"Electrodynamics","floor":33},{"not_picked":["Cold Snap","Barrage"],"picked":"Glacier+1","floor":35},{"not_picked":["Gash","Darkness","Melter+1"],"picked":"Singing Bowl","floor":37},{"not_picked":["Undo","Ball Lightning+1"],"picked":"Defragment+1","floor":38},{"not_picked":["Gash","Glacier+1"],"picked":"Creative AI","floor":40},{"not_picked":["Leap","Steam"],"picked":"Capacitor","floor":41},{"not_picked":["Melter","BootSequence+1"],"picked":"Skim","floor":42},{"not_picked":["Aggregate","Cold Snap+1"],"picked":"Turbo","floor":44},{"not_picked":["FTL","Sweeping Beam"],"picked":"Tempest+1","floor":47},{"not_picked":["Lockon","Redo+1"],"picked":"Double Energy+1","floor":48}],"player_experience":152685,"relics_obtained":[{"floor":7,"key":"Bronze Scales"},{"floor":9,"key":"Ornamental Fan"},{"floor":23,"key":"Matryoshka"},{"floor":26,"key":"Toy Ornithopter"},{"floor":26,"key":"White Beast Statue"},{"floor":28,"key":"Eternal Feather"},{"floor":40,"key":"Pantograph"},{"floor":42,"key":"Gremlin Horn"},{"floor":43,"key":"Happy Flower"},{"floor":43,"key":"InkBottle"}],"event_choices":[{"damage_healed":0,"gold_gain":0,"player_choice":"Success","damage_taken":25,"relics_obtained":["Boot"],"max_hp_gain":0,"max_hp_loss":0,"event_name":"Scrap Ooze","floor":3,"gold_loss":0},{"damage_healed":0,"gold_gain":275,"player_choice":"Desecrate","damage_taken":0,"max_hp_gain":0,"max_hp_loss":0,"event_name":"Golden Shrine","floor":4,"gold_loss":0,"cards_obtained":["Regret"]},{"damage_healed":0,"gold_gain":175,"player_choice":"AGREE","damage_taken":0,"max_hp_gain":0,"max_hp_loss":0,"event_name":"Liars Game","floor":12,"gold_loss":0,"cards_obtained":["Doubt"]},{"cards_removed":["Doubt"],"damage_healed":0,"gold_gain":0,"player_choice":"Card Removal","damage_taken":7,"max_hp_gain":0,"max_hp_loss":0,"event_name":"Golden Wing","floor":14,"gold_loss":0},{"damage_healed":0,"gold_gain":0,"player_choice":"Opened","damage_taken":0,"relics_obtained":["Singing Bowl"],"max_hp_gain":0,"max_hp_loss":0,"event_name":"The Mausoleum","floor":21,"gold_loss":0},{"cards_removed":["Strike_B"],"damage_healed":0,"gold_gain":0,"player_choice":"Upgrade and Remove","damage_taken":0,"max_hp_gain":0,"max_hp_loss":0,"event_name":"Designer","floor":22,"gold_loss":90,"cards_upgraded":["Steam Power"]},{"damage_healed":0,"gold_gain":0,"player_choice":"Upgraded","damage_taken":0,"max_hp_gain":0,"max_hp_loss":0,"event_name":"Upgrade Shrine","floor":29,"gold_loss":0,"cards_upgraded":["Creative AI"]},{"damage_healed":0,"gold_gain":0,"player_choice":"Ignored","damage_taken":0,"max_hp_gain":0,"max_hp_loss":0,"event_name":"Tomb of Lord Red Mask","floor":36,"gold_loss":0},{"cards_removed":["Beam Cell"],"damage_healed":0,"gold_gain":0,"player_choice":"Took Card","damage_taken":0,"max_hp_gain":0,"max_hp_loss":0,"event_name":"NoteForYourself","floor":45,"gold_loss":0,"cards_obtained":["Iron Wave"]}],"is_beta":true,"boss_relics":[{"not_picked":["Calling Bell","Coffee Dripper"],"picked":"FrozenCore"},{"not_picked":["Empty Cage","Snecko Eye"],"picked":"Fusion Hammer"}],"items_purged_floors":[13],"is_endless":false,"potions_floor_spawned":[1,8,16,18,25,27,28,31,33,35,37,38,40,41,42,44,47,48],"ascension_level":0}