{"gold_per_floor":[118,129,204,222,1,1,26,46,46,80,95,370,370,1,1,100,100,111,127,51,31,31,66,66,80,107,138,56,73,73,73,73,171,171,183,203,216,216,316,316],"floor_reached":40,"playtime":3016,"items_purged":["Regret"],"score":691,"play_id":"40523e38-224c-4207-b595-4a36ab895d3a","local_time":"20180814190305","is_ascension_mode":true,"campfire_choices":[{"data":"Footwork","floor":6,"key":"SMITH"},{"data":"Footwork","floor":15,"key":"SMITH"},{"data":"Well Laid Plans","floor":24,"key":"SMITH"},{"data":"Caltrops","floor":30,"key":"SMITH"},{"data":"Footwork","floor":32,"key":"SMITH"}],"neow_cost":"NONE","seed_source_timestamp":3002775048811772,"circlet_count":0,"master_deck":["Defend_G","Defend_G","Defend_G","Defend_G","Defend_G","Survivor","Neutralize","Leg Sweep","Footwork+1","Quick Slash","Die Die Die","Well Laid Plans+1","Dash","Blade Dance","Doppelganger","Footwork+1","Infinite Blades","Calculated Gamble","A Thousand Cuts","Eviscerate+1","Dodge and Roll+1","Die Die Die+1","Quick Slash+1","Dash","Footwork+1","Storm of Steel","Acrobatics+1","Backflip","Caltrops+1","Dagger Throw","Bite","Bite","Bite","Bite","Bite","Unload","Pain","Writhe","Injury","Prepared+1","Slice","Cloak And Dagger+1","Predator"],"relics":["Coffee Dripper","Pantograph","Sundial","Peace Pipe","Bronze Scales","Astrolabe","Centennial Puzzle","Bag of Marbles","Shuriken","Calling Bell","Oddly Smooth Stone","Ornamental Fan","Incense Burner"],"potions_floor_usage":[7,7,10,23,23,27,33,33,33,37],"damage_taken":[{"damage":0,"enemies":"Jaw Worm","floor":1,"turns":5},{"damage":0,"enemies":"Cultist","floor":2,"turns":5},{"damage":0,"enemies":"2 Louse","floor":4,"turns":3},{"damage":0,"enemies":"Gremlin Nob","floor":7,"turns":3},{"damage":0,"enemies":"Lots of Slimes","floor":8,"turns":1},{"damage":0,"enemies":"Lagavulin","floor":10,"turns":6},{"damage":1,"enemies":"Gremlin Gang","floor":11,"turns":3},{"damage":0,"enemies":"The Guardian","floor":16,"turns":13},{"damage":2,"enemies":"Chosen","floor":18,"turns":6},{"damage":2,"enemies":"3 Byrds","floor":19,"turns":3},{"damage":5,"enemies":"Gremlin Leader","floor":23,"turns":7},{"damage":12,"enemies":"Snake Plant","floor":25,"turns":5},{"damage":17,"enemies":"Slavers","floor":27,"turns":3},{"damage":2,"enemies":"Centurion and Healer","floor":29,"turns":7},{"damage":25,"enemies":"Collector","floor":33,"turns":10},{"damage":6,"enemies":"3 Shapes","floor":35,"turns":4},{"damage":29,"enemies":"3 Darklings","floor":36,"turns":4},{"damage":16,"enemies":"Sphere and 2 Shapes","floor":37,"turns":5},{"damage":20,"enemies":"Giant Head","floor":40,"turns":8}],"seed_played":"553646300854249065","potions_obtained":[{"floor":1,"key":"FearPotion"},{"floor":4,"key":"GamblersBrew"},{"floor":8,"key":"FearPotion"},{"floor":16,"key":"Explosive Potion"},{"floor":19,"key":"AttackPotion"},{"floor":21,"key":"Fruit Juice"},{"floor":23,"key":"FearPotion"},{"floor":27,"key":"Block Potion"},{"floor":29,"key":"AttackPotion"},{"floor":36,"key":"Swift Potion"}],"is_trial":false,"path_per_floor":["M","M","?","M","$","R","E","M","T","E","M","?","T","$","R","B",null,"M","M","$","?","?","E","R","M","T","E","$","M","R","?","R","B",null,"M","M","M","?","?"],"character_chosen":"THE_SILENT","items_purchased":["Die Die Die","Well Laid Plans","Infinite Blades","Calculated Gamble","Bronze Scales","Footwork","Caltrops"],"campfire_rested":0,"item_purchase_floors":[5,5,14,14,14,20,28],"current_hp_per_floor":[70,70,59,59,59,59,59,59,59,59,58,58,58,58,58,70,70,68,68,68,68,68,70,70,60,60,45,45,45,45,45,45,57,75,73,46,36,36,36,24],"gold":316,"neow_bonus":"BOSS_RELIC","is_prod":false,"is_daily":false,"chose_seed":false,"campfire_upgraded":5,"win_rate":0,"timestamp":1534287785,"path_taken":["M","M","?","?","$","R","E","M","T","E","M","?","?","$","R","BOSS","M","M","$","?","?","E","R","M","T","E","$","M","R","?","R","BOSS","M","M","M","?","?","E"],"build_version":"2018-08-09","purchased_purges":1,"victory":false,"max_hp_per_floor":[70,70,70,70,70,70,70,70,70,70,70,70,70,70,70,70,70,70,70,70,70,70,75,75,75,75,75,75,75,75,75,75,75,75,75,75,75,75,75,75],"card_choices":[{"not_picked":["Cloak And Dagger","Backstab"],"picked":"Leg Sweep","floor":1},{"not_picked":["Dodge and Roll","Flying Knee"],"picked":"Footwork","floor":2},{"not_picked":["Acrobatics","Deflect"],"picked":"Quick Slash","floor":4},{"not_picked":["Bane","Cloak And Dagger"],"picked":"Dash","floor":7},{"not_picked":["Slice","Eviscerate"],"picked":"Blade Dance","floor":8},{"not_picked":["Blade Dance","Escape Plan"],"picked":"Doppelganger","floor":10},{"not_picked":["Accuracy","Backflip"],"picked":"Footwork","floor":11},{"not_picked":["Tools of the Trade","Doppelganger"],"picked":"A Thousand Cuts","floor":16},{"not_picked":["Dagger Spray","Poisoned Stab"],"picked":"Quick Slash+1","floor":18},{"not_picked":["Sucker Punch","Cloak And Dagger"],"picked":"Dash","floor":19},{"not_picked":["Bane","Deadly Poison"],"picked":"Storm of Steel","floor":23},{"not_picked":["Heel Hook","Escape Plan"],"picked":"Acrobatics+1","floor":25},{"not_picked":["Cloak And Dagger","Eviscerate"],"picked":"Backflip","floor":27},{"not_picked":["Outmaneuver","Prepared"],"picked":"Dagger Throw","floor":29},{"not_picked":["Die Die Die","Doppelganger"],"picked":"Unload","floor":33},{"not_picked":["Poisoned Stab+1","Dagger Throw"],"picked":"Prepared+1","floor":35},{"not_picked":["Poisoned Stab+1","Deadly Poison"],"picked":"Slice","floor":36},{"not_picked":["Deadly Poison","Blade Dance"],"picked":"Cloak And Dagger+1","floor":37}],"player_experience":255150,"relics_obtained":[{"floor":7,"key":"Pantograph"},{"floor":9,"key":"Sundial"},{"floor":10,"key":"Peace Pipe"},{"floor":13,"key":"Blood Vial"},{"floor":23,"key":"Centennial Puzzle"},{"floor":26,"key":"Bag of Marbles"},{"floor":27,"key":"Shuriken"},{"floor":34,"key":"Oddly Smooth Stone"},{"floor":34,"key":"Ornamental Fan"},{"floor":34,"key":"Incense Burner"}],"event_choices":[{"event_name":"World of Goop","player_choice":"Gather Gold","floor":3,"damage_taken":0},{"event_name":"Golden Shrine","player_choice":"Desecrate","floor":12,"damage_taken":0},{"event_name":"The Woman in Blue","player_choice":"Bought 1 Potion","floor":21,"damage_taken":0},{"event_name":"Ghosts","player_choice":"Ignored","floor":22,"damage_taken":0},{"event_name":"Vampires","player_choice":"Became a vampire (Vial)","floor":31,"damage_taken":0},{"event_name":"Match and Keep!","player_choice":"1 cards matched","floor":38,"damage_taken":0},{"event_name":"Golden Shrine","player_choice":"Pray","floor":39,"damage_taken":0}],"is_beta":false,"boss_relics":[{"not_picked":["HoveringKite","Velvet Choker"],"picked":"Astrolabe"},{"not_picked":["White Beast Statue","Runic Pyramid"],"picked":"Calling Bell"}],"items_purged_floors":[14],"is_endless":false,"potions_floor_spawned":[1,4,8,16,19,23,27,29,36],"killed_by":"Giant Head","ascension_level":4}