{"gold_per_floor":[118,136,136,136,68,100,100,131,131,146,146],"floor_reached":11,"playtime":338,"items_purged":[],"score":97,"play_id":"2da36616-3217-4102-a069-36589d569112","local_time":"20190415114424","is_ascension_mode":true,"campfire_choices":[{"data":"Demon Form","floor":7,"key":"SMITH"}],"neow_cost":"TEN_PERCENT_HP_LOSS","seed_source_timestamp":134153959727700,"circlet_count":0,"master_deck":["Strike_R","Strike_R","Strike_R","Strike_R","Strike_R","Defend_R","Defend_R","Defend_R","Defend_R","Bash","Demon Form+1","Anger","Seeing Red+1","Metallicize","Battle Trance","Ghostly Armor"],"relics":["Burning Blood","Pear","Kunai","Girya"],"potions_floor_usage":[8],"damage_taken":[{"damage":0,"enemies":"2 Louse","floor":1,"turns":4},{"damage":10,"enemies":"Small Slimes","floor":2,"turns":5},{"damage":55,"enemies":"3 Sentries","floor":6,"turns":10},{"damage":26,"enemies":"Gremlin Nob","floor":8,"turns":5},{"damage":0,"enemies":"Cultist","floor":10,"turns":3},{"damage":23,"enemies":"3 Sentries","floor":11,"turns":6}],"seed_played":"6077365662800619539","potions_obtained":[{"floor":6,"key":"EssenceOfSteel"}],"is_trial":false,"path_per_floor":["M","M","?","?","$","E","R","E","T","M","E"],"character_chosen":"IRONCLAD","items_purchased":["Metallicize"],"campfire_rested":0,"item_purchase_floors":[5],"current_hp_per_floor":[72,68,68,73,73,34,34,14,14,20,0],"gold":146,"neow_bonus":"THREE_RARE_CARDS","is_prod":false,"is_daily":false,"chose_seed":false,"campfire_upgraded":1,"win_rate":0,"timestamp":1555325064,"path_taken":["M","M","?","?","$","E","R","E","T","M","E"],"build_version":"2019-01-23","purchased_purges":0,"victory":false,"max_hp_per_floor":[72,72,72,77,77,87,87,87,87,87,87],"card_choices":[{"not_picked":["Impervious","Exhume"],"picked":"Demon Form","floor":0},{"not_picked":["Clash","Headbutt"],"picked":"Anger","floor":1},{"not_picked":["Thunderclap","True Grit"],"picked":"Seeing Red","floor":2},{"not_picked":["Intimidate","Anger","Reckless Charge"],"picked":"SKIP","floor":6},{"not_picked":["Body Slam","Perfected Strike"],"picked":"Battle Trance","floor":8},{"not_picked":["Sword Boomerang","Warcry"],"picked":"Ghostly Armor","floor":10}],"player_experience":32899,"relics_obtained":[{"floor":6,"key":"Pear"},{"floor":8,"key":"Kunai"},{"floor":9,"key":"Girya"}],"event_choices":[{"damage_healed":0,"gold_gain":0,"player_choice":"Grow","damage_taken":0,"max_hp_gain":0,"max_hp_loss":0,"event_name":"Living Wall","floor":3,"gold_loss":0,"cards_upgraded":["Seeing Red"]},{"damage_healed":0,"gold_gain":0,"player_choice":"Donut","damage_taken":0,"max_hp_gain":5,"max_hp_loss":0,"event_name":"Big Fish","floor":4,"gold_loss":0}],"is_beta":false,"boss_relics":[],"items_purged_floors":[],"is_endless":false,"potions_floor_spawned":[6],"killed_by":"3 Sentries","ascension_level":4}