{"gold_per_floor":[113,113,113,113,136,136,177,177,177,23,67,67,87,37,37,165,165,190,190,205,221,241,284,284,303,358,382,382,382,307,335,335,439,439,458,458,13,28,0,0,12,12,12,47,61,87,136,151,151,151],"floor_reached":51,"playtime":3603,"items_purged":["Injury"],"score":703,"play_id":"884636bd-fa70-4c93-bc1b-4bd333995db0","local_time":"20181211144826","is_ascension_mode":false,"campfire_choices":[{"floor":6,"key":"REST"},{"data":"Slice","floor":8,"key":"SMITH"},{"data":"Slice","floor":12,"key":"SMITH"},{"data":"Neutralize","floor":15,"key":"SMITH"},{"floor":24,"key":"REST"},{"floor":28,"key":"REST"},{"data":"Backflip","floor":32,"key":"SMITH"},{"floor":40,"key":"REST"},{"floor":42,"key":"REST"},{"floor":49,"key":"REST"}],"neow_cost":"TEN_PERCENT_HP_LOSS","seed_source_timestamp":380508607018619,"circlet_count":0,"master_deck":["Defend_G","Defend_G","Defend_G","Defend_G","Strike_G+1","Survivor","Neutralize+1","Slice+1","Dagger Spray","Slice+1","Footwork+1","Caltrops+1","Footwork+1","Die Die Die","Terror","Caltrops+1","Infinite Blades+1","Riddle With Holes+1","Backflip+1","After Image+1","Slice+1","Malaise","Acrobatics","Good Instincts","Mayhem+1","Mayhem+1","Caltrops+1","Sucker Punch+1","Footwork+1","Heel Hook","Quick Slash+1","Backflip+1","Parasite","Blur+1"],"relics":["Ring of the Snake","Nunchaku","Bloody Idol","Frozen Egg 2","Pocketwatch","Regal Pillow","Empty Cage","Snake Skull","Strawberry","Art of War","Fusion Hammer","Paper Crane","ClockworkSouvenir","Red Mask","Kunai","Mummified Hand","Pantograph","Mango"],"potions_floor_usage":[11,21,25,31,33,50,50,50],"damage_taken":[{"damage":2,"enemies":"Small Slimes","floor":1,"turns":5},{"damage":0,"enemies":"2 Louse","floor":5,"turns":2},{"damage":12,"enemies":"3 Sentries","floor":7,"turns":8},{"damage":6,"enemies":"Lagavulin","floor":11,"turns":7},{"damage":8,"enemies":"Jaw Worm","floor":13,"turns":3},{"damage":10,"enemies":"The Guardian","floor":16,"turns":12},{"damage":0,"enemies":"Chosen","floor":18,"turns":6},{"damage":0,"enemies":"Spheric Guardian","floor":20,"turns":4},{"damage":14,"enemies":"Snake Plant","floor":21,"turns":3},{"damage":11,"enemies":"Snecko","floor":22,"turns":5},{"damage":18,"enemies":"Book of Stabbing","floor":23,"turns":5},{"damage":20,"enemies":"Shelled Parasite and Fungi","floor":25,"turns":5},{"damage":2,"enemies":"Centurion and Healer","floor":27,"turns":6},{"damage":17,"enemies":"Gremlin Leader","floor":31,"turns":8},{"damage":26,"enemies":"Automaton","floor":33,"turns":11},{"damage":13,"enemies":"Orb Walker","floor":35,"turns":5},{"damage":2,"enemies":"3 Darklings","floor":38,"turns":6},{"damage":8,"enemies":"Spire Growth","floor":41,"turns":5},{"damage":11,"enemies":"Nemesis","floor":44,"turns":11},{"damage":0,"enemies":"4 Shapes","floor":45,"turns":6},{"damage":6,"enemies":"Reptomancer","floor":46,"turns":7},{"damage":5,"enemies":"2 Orb Walkers","floor":47,"turns":5},{"damage":0,"enemies":"Writhing Mass","floor":48,"turns":4},{"damage":2,"enemies":"Donu and Deca","floor":50,"turns":9}],"seed_played":"-8454055298311721060","potions_obtained":[{"floor":5,"key":"PowerPotion"},{"floor":11,"key":"SpeedPotion"},{"floor":13,"key":"Dexterity Potion"},{"floor":16,"key":"AttackPotion"},{"floor":20,"key":"Block Potion"},{"floor":23,"key":"Dexterity Potion"},{"floor":27,"key":"Swift Potion"},{"floor":31,"key":"SteroidPotion"},{"floor":33,"key":"Poison Potion"},{"floor":35,"key":"LiquidBronze"},{"floor":47,"key":"LiquidBronze"}],"is_trial":false,"path_per_floor":["M","?","?","?","M","R","E","R","T","$","E","R","M","?","R","B",null,"M","?","M","M","M","E","R","M","T","M","R","?","?","E","R","B",null,"M","?","$","M","?","R","M","R","T","E","M","E","?","M","R","B",null],"character_chosen":"THE_SILENT","items_purchased":["Footwork+1","Paper Crane","ClockworkSouvenir"],"campfire_rested":6,"item_purchase_floors":[10,37,37],"current_hp_per_floor":[61,54,41,41,41,59,47,47,47,47,41,41,33,33,33,23,63,63,63,63,49,38,20,53,33,40,38,70,70,70,58,58,37,70,62,52,52,55,55,70,67,70,70,64,69,68,82,84,84,82],"gold":151,"neow_bonus":"ONE_RARE_RELIC","is_prod":false,"is_daily":false,"chose_seed":false,"campfire_upgraded":4,"win_rate":0,"timestamp":1544557706,"path_taken":["M","?","?","?","M","R","E","R","T","$","E","R","M","?","R","BOSS","M","?","M","M","M","E","R","M","T","M","R","?","?","E","R","BOSS","M","?","$","M","?","R","M","R","T","E","M","E","?","M","R","BOSS"],"build_version":"2018-12-06","purchased_purges":1,"victory":true,"max_hp_per_floor":[63,63,63,63,63,63,63,63,63,63,63,63,63,63,63,63,63,63,63,63,63,63,63,63,63,70,70,70,70,70,70,70,70,70,70,70,70,70,70,70,70,70,70,70,70,70,84,84,84,84],"card_choices":[{"not_picked":["Deadly Poison","PiercingWail"],"picked":"Slice","floor":1},{"not_picked":["Masterful Stab","Blade Dance"],"picked":"Dagger Spray","floor":5},{"not_picked":["PiercingWail","Crippling Poison"],"picked":"Slice","floor":7},{"not_picked":["Tactician","Noxious Fumes+1"],"picked":"Caltrops+1","floor":11},{"not_picked":["Quick Slash","PiercingWail"],"picked":"Footwork+1","floor":13},{"not_picked":["Burst","Adrenaline"],"picked":"Die Die Die","floor":16},{"not_picked":["Bane","Eviscerate+1"],"picked":"Terror","floor":18},{"not_picked":["Poisoned Stab","Cloak And Dagger"],"picked":"Caltrops+1","floor":20},{"not_picked":["Slice","Outmaneuver"],"picked":"Infinite Blades+1","floor":21},{"not_picked":["Eviscerate+1","Expertise"],"picked":"Riddle With Holes+1","floor":22},{"not_picked":["Flying Knee","Sucker Punch","Underhanded Strike"],"picked":"SKIP","floor":23},{"not_picked":["Prepared","Cloak And Dagger+1"],"picked":"Backflip","floor":25},{"not_picked":["Poisoned Stab","Slice+1"],"picked":"After Image+1","floor":27},{"not_picked":["Outmaneuver","Accuracy+1"],"picked":"Slice+1","floor":31},{"not_picked":["Wraith Form v2+1","Die Die Die"],"picked":"Malaise","floor":33},{"not_picked":["Bane+1","Underhanded Strike"],"picked":"Acrobatics","floor":35},{"not_picked":["Bandage Up","Dark Shackles"],"picked":"Good Instincts","floor":36},{"not_picked":["Secret Weapon","Chrysalis"],"picked":"Mayhem+1","floor":36},{"not_picked":["Secret Weapon","PanicButton"],"picked":"Mayhem+1","floor":36},{"not_picked":["Acrobatics+1","Dagger Spray"],"picked":"Caltrops+1","floor":38},{"not_picked":["Crippling Poison+1","Infinite Blades+1"],"picked":"Sucker Punch+1","floor":41},{"not_picked":["Heel Hook","Expertise+1"],"picked":"Footwork+1","floor":44},{"not_picked":["PiercingWail+1","Dagger Throw+1"],"picked":"Heel Hook","floor":45},{"not_picked":["Deadly Poison+1","Riddle With Holes"],"picked":"Quick Slash+1","floor":46},{"not_picked":["Dagger Spray+1","Cloak And Dagger+1"],"picked":"Backflip+1","floor":47},{"not_picked":["Unload","Reflex"],"picked":"Blur+1","floor":48}],"player_experience":352021,"relics_obtained":[{"floor":7,"key":"Frozen Egg 2"},{"floor":9,"key":"Pocketwatch"},{"floor":11,"key":"Regal Pillow"},{"floor":23,"key":"Snake Skull"},{"floor":26,"key":"Strawberry"},{"floor":31,"key":"Art of War"},{"floor":43,"key":"Kunai"},{"floor":44,"key":"Mummified Hand"},{"floor":46,"key":"Pantograph"},{"floor":47,"key":"Mango"}],"event_choices":[{"cards_removed":["Defend_G"],"damage_healed":0,"gold_gain":0,"player_choice":"Card Removal","damage_taken":7,"max_hp_gain":0,"max_hp_loss":0,"event_name":"Golden Wing","floor":2,"gold_loss":0},{"damage_healed":0,"gold_gain":0,"player_choice":"Entered Light","damage_taken":13,"max_hp_gain":0,"max_hp_loss":0,"event_name":"Shining Light","floor":3,"gold_loss":0,"cards_upgraded":["Strike_G","Strike_G"]},{"damage_healed":0,"gold_gain":0,"player_choice":"Take Wound","damage_taken":0,"relics_obtained":["Golden Idol"],"max_hp_gain":0,"max_hp_loss":0,"event_name":"Golden Idol","floor":4,"gold_loss":0,"cards_obtained":["Injury"]},{"cards_removed":["Strike_G"],"damage_healed":0,"gold_gain":0,"player_choice":"Card Removal","damage_taken":0,"max_hp_gain":0,"max_hp_loss":0,"event_name":"The Cleric","floor":14,"gold_loss":50},{"damage_healed":0,"gold_gain":0,"player_choice":"Ignored","damage_taken":0,"max_hp_gain":0,"max_hp_loss":0,"event_name":"Ghosts","floor":19,"gold_loss":0},{"damage_healed":0,"gold_gain":0,"player_choice":"Gave Idol","damage_taken":0,"relics_obtained":["Bloody Idol"],"max_hp_gain":0,"max_hp_loss":0,"event_name":"Forgotten Altar","floor":29,"relics_lost":["Golden Idol"],"gold_loss":0},{"cards_removed":["Strike_G"],"damage_healed":0,"gold_gain":0,"player_choice":"Gave Gold","damage_taken":0,"max_hp_gain":0,"max_hp_loss":0,"event_name":"Beggar","floor":30,"gold_loss":75},{"damage_healed":0,"gold_gain":0,"player_choice":"Memory 3","damage_taken":10,"max_hp_gain":0,"max_hp_loss":0,"event_name":"SensoryStone","floor":36,"gold_loss":0},{"damage_healed":0,"gold_gain":0,"player_choice":"Paid","damage_taken":0,"relics_obtained":["Red Mask"],"max_hp_gain":0,"max_hp_loss":0,"event_name":"Tomb of Lord Red Mask","floor":39,"gold_loss":28},{"damage_healed":0,"gold_gain":0,"player_choice":"Fight","damage_taken":0,"max_hp_gain":0,"max_hp_loss":0,"event_name":"Mysterious Sphere","floor":47,"gold_loss":0}],"is_beta":false,"boss_relics":[{"not_picked":["Lizard Tail","Runic Dome"],"picked":"Empty Cage"},{"not_picked":["Snecko Eye","Pandora\u0027s Box"],"picked":"Fusion Hammer"}],"items_purged_floors":[10],"is_endless":false,"potions_floor_spawned":[5,11,13,16,20,23,27,31,33,35,44,46,47],"ascension_level":0}