{"gold_per_floor":[115,115,130,14,28,57,77,77,152,177,191,34,34,63,63,136,136,147,97,113,132,142,142,142],"floor_reached":24,"playtime":927,"items_purged":[],"score":360,"play_id":"199c09c1-3a0b-4ca0-9426-acef8ac22fe7","local_time":"20190821172733","is_ascension_mode":true,"campfire_choices":[{"floor":13,"key":"REST"},{"floor":15,"key":"DIG"},{"floor":23,"key":"REST"}],"neow_cost":"TEN_PERCENT_HP_LOSS","seed_source_timestamp":610738703032100,"circlet_count":0,"master_deck":["AscendersBane","Zap","Dualcast","Doom and Gloom+1","Self Repair","Defragment","Leap","Steam Power","Glacier","Core Surge","Sweeping Beam","Storm","Coolheaded","Reboot","Hologram","Static Discharge","Conserve Battery","Hologram","Fission","Conserve Battery","Meteor Strike","Capacitor","Gash","Chill"],"relics":["Cracked Core","Torii","Shovel","Cables","Lantern","Omamori","Question Card","Ancient Tea Set","Pandora\u0027s Box"],"potions_floor_usage":[14],"damage_taken":[{"damage":6,"enemies":"Cultist","floor":1,"turns":3},{"damage":8,"enemies":"Jaw Worm","floor":3,"turns":3},{"damage":0,"enemies":"2 Louse","floor":5,"turns":1},{"damage":21,"enemies":"Lagavulin","floor":6,"turns":7},{"damage":7,"enemies":"Exordium Thugs","floor":7,"turns":5},{"damage":9,"enemies":"3 Sentries","floor":10,"turns":8},{"damage":2,"enemies":"Gremlin Gang","floor":11,"turns":3},{"damage":16,"enemies":"Gremlin Nob","floor":14,"turns":4},{"damage":25,"enemies":"Slime Boss","floor":16,"turns":12},{"damage":22,"enemies":"Chosen","floor":18,"turns":6},{"damage":9,"enemies":"Shell Parasite","floor":20,"turns":6},{"damage":10,"enemies":"Cultist and Chosen","floor":21,"turns":7},{"damage":28,"enemies":"3 Cultists","floor":22,"turns":4},{"damage":39,"enemies":"Gremlin Leader","floor":24,"turns":7}],"seed_played":"-3095096090135568393","potions_obtained":[{"floor":1,"key":"Poison Potion"},{"floor":3,"key":"Energy Potion"},{"floor":16,"key":"SpeedPotion"},{"floor":20,"key":"Poison Potion"}],"is_trial":false,"path_per_floor":["M","?","M","$","M","E","M","?","T","E","M","$","R","E","R","B",null,"M","?","M","M","M","R","E"],"character_chosen":"DEFECT","items_purchased":["Defragment","Leap","Omamori"],"campfire_rested":2,"item_purchase_floors":[4,4,12],"current_hp_per_floor":[62,62,54,54,54,40,40,26,26,24,29,29,49,40,40,22,57,35,35,33,30,9,29,0],"gold":142,"neow_bonus":"ONE_RARE_RELIC","is_prod":false,"is_daily":false,"chose_seed":false,"campfire_upgraded":0,"win_rate":0,"timestamp":1566404853,"path_taken":["M","?","M","$","M","E","?","?","T","E","M","$","R","E","R","BOSS","M","?","?","M","?","R","E"],"build_version":"2019-07-17","purchased_purges":0,"victory":false,"max_hp_per_floor":[68,68,68,68,68,68,68,68,68,68,68,68,68,68,68,68,68,68,68,68,68,68,68,68],"card_choices":[{"not_picked":["Rebound","Hologram"],"picked":"Doom and Gloom","floor":1},{"not_picked":["Turbo","Force Field"],"picked":"Self Repair","floor":3},{"not_picked":["Melter","Stack"],"picked":"Steam Power","floor":5},{"not_picked":["Conserve Battery","Heatsinks"],"picked":"Glacier","floor":6},{"not_picked":["Leap","Double Energy"],"picked":"Core Surge","floor":7},{"not_picked":["Cold Snap","Beam Cell"],"picked":"Sweeping Beam","floor":10},{"not_picked":["Steam","Compile Driver"],"picked":"Storm","floor":11},{"not_picked":["Aggregate","Steam"],"picked":"Coolheaded","floor":14},{"not_picked":["Rainbow","Core Surge","Fission"],"picked":"Reboot","floor":16},{"not_picked":["Cold Snap","Conserve Battery","Compile Driver"],"picked":"Gash","floor":18},{"not_picked":["Genetic Algorithm","Hello World","Steam","Melter"],"picked":"SKIP","floor":20},{"not_picked":["Turbo","Beam Cell","Cold Snap","Streamline+1"],"picked":"SKIP","floor":21},{"not_picked":["Redo","Auto Shields+1","Streamline"],"picked":"Chill","floor":22}],"player_experience":220484,"relics_obtained":[{"floor":6,"key":"Shovel"},{"floor":9,"key":"Cables"},{"floor":10,"key":"Lantern"},{"floor":14,"key":"Question Card"},{"floor":15,"key":"Ancient Tea Set"}],"event_choices":[{"damage_healed":0,"gold_gain":0,"player_choice":"Upgraded","damage_taken":0,"max_hp_gain":0,"max_hp_loss":0,"event_name":"Upgrade Shrine","floor":2,"gold_loss":0,"cards_upgraded":["Doom and Gloom"]},{"damage_healed":0,"gold_gain":0,"player_choice":"Entered Light","damage_taken":14,"max_hp_gain":0,"max_hp_loss":0,"event_name":"Shining Light","floor":8,"gold_loss":0,"cards_upgraded":["Defend_B","Defend_B"]},{"damage_healed":0,"gold_gain":0,"player_choice":"Bet on Murderer","damage_taken":0,"max_hp_gain":0,"max_hp_loss":0,"event_name":"The Joust","floor":19,"gold_loss":50}],"is_beta":false,"boss_relics":[{"not_picked":["Empty Cage","Runic Dome"],"picked":"Pandora\u0027s Box"}],"items_purged_floors":[],"is_endless":false,"potions_floor_spawned":[1,3,16,20,22],"killed_by":"Gremlin Leader","ascension_level":13}