{"path_per_floor":["M","M","M","M","?","E","M","?","T","R","$","M","R","M","R","B",null,"M","?","$","?","$","E","R","E","T","M","E","M","R","M","R","B",null,"M","?","T","M","M","E","R","E","T","R","E","M","?","$","R"],"character_chosen":"THE_SILENT","items_purchased":["Oddly Smooth Stone","Riddle With Holes","Bane","Swift Strike","Shuriken","Footwork","Backflip","Backstab","PiercingWail"],"gold_per_floor":[117,134,152,171,171,199,213,213,213,213,0,18,18,35,35,131,131,144,144,16,16,16,51,51,81,104,116,149,165,165,177,177,282,282,296,296,296,306,319,348,348,379,427,427,460,474,474,15,15,15],"floor_reached":50,"campfire_rested":5,"playtime":3925,"item_purchase_floors":[11,11,20,20,48,48,48,48,48],"current_hp_per_floor":[70,70,70,61,61,36,35,28,28,28,28,27,27,27,27,16,70,61,61,61,61,61,33,54,45,45,45,26,25,46,48,48,29,70,65,56,56,47,37,1,22,23,23,44,18,20,10,10,31,3],"items_purged":[],"gold":15,"score":645,"play_id":"1b314843-f18f-48f3-99ec-b14f76769532","local_time":"20180520090407","is_prod":false,"is_daily":false,"chose_seed":false,"is_ascension_mode":true,"campfire_upgraded":4,"timestamp":1526821447,"campfire_choices":[{"data":"Skewer","floor":10,"key":"SMITH"},{"data":"Sucker Punch","floor":13,"key":"SMITH"},{"data":"Leg Sweep","floor":15,"key":"SMITH"},{"floor":24,"key":"REST"},{"floor":30,"key":"REST"},{"data":"Leg Sweep","floor":32,"key":"SMITH"},{"floor":41,"key":"REST"},{"floor":44,"key":"REST"},{"floor":49,"key":"REST"}],"path_taken":["M","M","M","M","?","E","M","?","T","R","$","M","R","M","R","BOSS","M","?","?","?","?","E","R","E","T","M","E","M","R","?","R","BOSS","M","?","?","M","M","E","R","E","T","R","E","M","?","$","R","BOSS"],"build_version":"2018-05-18","seed_source_timestamp":23427068296482,"purchased_purges":0,"victory":false,"master_deck":["Defend_G","Defend_G","Defend_G","Defend_G","Strike_G","Strike_G","Strike_G","Strike_G","Survivor","Neutralize","Prepared","Sucker Punch+1","Caltrops","Skewer+1","Dodge and Roll","Envenom","Riddle With Holes","All Out Attack","Leg Sweep+1","Venomology","Backflip","Bane","Swift Strike","Dagger Throw","Dodge and Roll","Expertise","Leg Sweep+1","Sucker Punch","Footwork+1","Glass Knife","Predator+1","Madness","Madness","Flying Knee+1","Riddle With Holes","Predator","Finisher+1","Slice","Footwork","Blind","Sadistic Nature","Panacea","Footwork","Backflip","Backstab","PiercingWail"],"max_hp_per_floor":[70,70,70,70,70,70,70,70,70,70,70,70,70,70,70,70,70,70,70,70,70,70,70,70,70,70,70,70,70,70,70,70,70,70,70,70,70,70,70,70,70,70,70,70,70,70,70,70,70,70],"relics":["Velvet Choker","Bag of Preparation","Lantern","Oddly Smooth Stone","Runic Pyramid","Bag of Marbles","Ornamental Fan","Blood Vial","Snake Skull","Lizard Tail","Toolbox","Bird Faced Urn","Dodecahedron","Potion Belt","Boot","Shuriken"],"card_choices":[{"not_picked":["Blade Dance","Underhanded Strike"],"picked":"Prepared","floor":1},{"not_picked":["Dagger Throw","Distraction"],"picked":"Sucker Punch","floor":2},{"not_picked":["Prepared","Deflect"],"picked":"Caltrops","floor":3},{"not_picked":["Quick Slash","Dagger Throw"],"picked":"Skewer","floor":4},{"not_picked":["Heel Hook","Escape Plan"],"picked":"Dodge and Roll","floor":6},{"not_picked":["Bane","Noxious Fumes"],"picked":"Envenom","floor":7},{"not_picked":["Deflect","Dagger Throw"],"picked":"All Out Attack","floor":12},{"not_picked":["Deflect","Underhanded Strike"],"picked":"Leg Sweep","floor":14},{"not_picked":["Wraith Form v2","Die Die Die"],"picked":"Venomology","floor":16},{"not_picked":["Dagger Spray","Infinite Blades+1"],"picked":"Backflip","floor":18},{"not_picked":["Deflect","Outmaneuver"],"picked":"Dagger Throw","floor":23},{"not_picked":["Sucker Punch","Dagger Spray"],"picked":"Dodge and Roll","floor":25},{"not_picked":["Eviscerate","Well Laid Plans+1"],"picked":"Expertise","floor":27},{"not_picked":["Dagger Spray","Deflect"],"picked":"Leg Sweep","floor":28},{"not_picked":["Quick Slash","Expertise"],"picked":"Sucker Punch","floor":29},{"not_picked":["Infinite Blades","Eviscerate"],"picked":"Footwork+1","floor":31},{"not_picked":["A Thousand Cuts","Venomology"],"picked":"Glass Knife","floor":33},{"not_picked":["Sucker Punch","Underhanded Strike"],"picked":"Predator+1","floor":35},{"not_picked":["Deadly Poison+1","Distraction"],"picked":"Flying Knee+1","floor":38},{"not_picked":["Poisoned Stab+1","Dagger Spray+1"],"picked":"Riddle With Holes","floor":39},{"not_picked":["Dagger Throw+1","Distraction"],"picked":"Predator","floor":40},{"not_picked":["Poisoned Stab","Sucker Punch+1"],"picked":"Finisher+1","floor":42},{"not_picked":["All Out Attack+1","Dagger Throw"],"picked":"Slice","floor":45},{"not_picked":["Reflex","Slice+1"],"picked":"Footwork","floor":46},{"not_picked":["Secret Technique","Panacea"],"picked":"Blind","floor":47},{"not_picked":["Jack Of All Trades","Finesse"],"picked":"Sadistic Nature","floor":47},{"not_picked":["Dark Shackles","Purity"],"picked":"Panacea","floor":47}],"player_experience":92675,"potions_floor_usage":[23,23,25,25,28,29,31,33,33,35,38,39,40,40,42,42,42,42,45,50,50,50,50],"damage_taken":[{"damage":0,"enemies":"Cultist","floor":1,"turns":4},{"damage":0,"enemies":"Small Slimes","floor":2,"turns":5},{"damage":0,"enemies":"2 Louse","floor":3,"turns":3},{"damage":9,"enemies":"Looter","floor":4,"turns":4},{"damage":25,"enemies":"Gremlin Nob","floor":6,"turns":5},{"damage":1,"enemies":"2 Fungi Beasts","floor":7,"turns":3},{"damage":1,"enemies":"Blue Slaver","floor":12,"turns":3},{"damage":0,"enemies":"Gremlin Gang","floor":14,"turns":2},{"damage":11,"enemies":"Hexaghost","floor":16,"turns":10},{"damage":9,"enemies":"3 Byrds","floor":18,"turns":5},{"damage":43,"enemies":"Slavers","floor":23,"turns":7},{"damage":9,"enemies":"Gremlin Leader","floor":25,"turns":9},{"damage":2,"enemies":"Shell Parasite","floor":27,"turns":5},{"damage":21,"enemies":"Book of Stabbing","floor":28,"turns":6},{"damage":3,"enemies":"Snake Plant","floor":29,"turns":3},{"damage":0,"enemies":"Centurion and Healer","floor":31,"turns":5},{"damage":21,"enemies":"Champ","floor":33,"turns":14},{"damage":5,"enemies":"3 Shapes","floor":35,"turns":5},{"damage":11,"enemies":"Orb Walker","floor":38,"turns":4},{"damage":12,"enemies":"Sphere and 2 Shapes","floor":39,"turns":4},{"damage":38,"enemies":"Giant Head","floor":40,"turns":10},{"damage":5,"enemies":"2 Orb Walkers","floor":42,"turns":5},{"damage":34,"enemies":"Giant Head","floor":45,"turns":10},{"damage":4,"enemies":"Flame Bruiser 2 Orb","floor":46,"turns":9},{"damage":80,"enemies":"Donu and Deca","floor":50,"turns":10}],"relics_obtained":[{"floor":6,"key":"Bag of Preparation"},{"floor":9,"key":"Lantern"},{"floor":23,"key":"Bag of Marbles"},{"floor":25,"key":"Ornamental Fan"},{"floor":26,"key":"Blood Vial"},{"floor":28,"key":"Snake Skull"},{"floor":37,"key":"Toolbox"},{"floor":40,"key":"Bird Faced Urn"},{"floor":42,"key":"Dodecahedron"},{"floor":43,"key":"Potion Belt"},{"floor":45,"key":"Boot"}],"event_choices":[{"event_name":"Purifier","player_choice":"One Purge","floor":5,"damage_taken":0},{"event_name":"Golden Wing","player_choice":"Card Removal","floor":8,"damage_taken":0},{"event_name":"Ghosts","player_choice":"Ignored","floor":19,"damage_taken":0},{"event_name":"Beggar","player_choice":"Ignored","floor":21,"damage_taken":0},{"event_name":"Winding Halls","player_choice":"Embrace Madness","floor":36,"damage_taken":0},{"event_name":"SensoryStone","player_choice":"Memory 3","floor":47,"damage_taken":0}],"boss_relics":[{"not_picked":["Ectoplasm","Eternal Feather"],"picked":"Runic Pyramid"},{"not_picked":["Snecko Eye","Orrery"],"picked":"Lizard Tail"}],"items_purged_floors":[],"potions_floor_spawned":[3,4,14,16,23,28,29,31,33,35,40,45,46],"seed_played":"-7872258458196248513","killed_by":"Donu and Deca","ascension_level":1,"potions_obtained":[{"floor":3,"key":"Swift Potion"},{"floor":4,"key":"Dexterity Potion"},{"floor":14,"key":"Regen Potion"},{"floor":16,"key":"EssenceOfSteel"},{"floor":23,"key":"Energy Potion"},{"floor":28,"key":"SkillPotion"},{"floor":33,"key":"Poison Potion"},{"floor":40,"key":"Weak Potion"},{"floor":45,"key":"Block Potion"},{"floor":46,"key":"FearPotion"}],"is_trial":false}