{"gold_per_floor":[116,3,3,27,27,71,83,126,212,224,252,300,336,386,398,541,553,581,692,729,160,175,209,232,232,255,295,320,445,460,504,504,629,629,648,672,383,397,151,151,187,187,187,230,250,269,269,269,269,269,269,269,44,77,77],"floor_reached":56,"playtime":3230,"items_purged":["Strike_R","Strike_R"],"score":1470,"play_id":"e52fbbac-2780-4c0a-bb9b-cd77bde529f8","local_time":"20190823141124","is_ascension_mode":true,"campfire_choices":[{"data":"Body Slam","floor":7.0,"key":"SMITH"},{"floor":15.0,"key":"REST"},{"data":"Barricade","floor":32.0,"key":"SMITH"},{"data":"Armaments","floor":40.0,"key":"SMITH"},{"data":"Double Tap","floor":42.0,"key":"SMITH"},{"floor":49.0,"key":"RECALL"},{"data":"PanicButton","floor":52.0,"key":"SMITH"}],"neow_cost":"NONE","seed_source_timestamp":0,"circlet_count":0,"master_deck":["Strike_R","Strike_R","Defend_R","Defend_R","Defend_R","Defend_R","Bash","Spot Weakness","Whirlwind+1","Evolve","Power Through","Body Slam+1","Iron Wave+1","Shrug It Off","Exhume","Pommel Strike+1","Flame Barrier","Barricade+1","Thunderclap+1","Sword Boomerang+1","Disarm","Chrysalis","Inflame+1","Second Wind+1","Dropkick+1","Demon Form","Cleave+1","Flex+1","Headbutt+1","Double Tap+1","Fiend Fire+1","Pommel Strike+1","Armaments+1","Flame Barrier","Twin Strike+1","PanicButton+1","Clothesline+1","Feel No Pain+1","Heavy Blade+1","Brutality","Iron Wave+1"],"special_seed":0,"relics":["Burning Blood","NeowsBlessing","Golden Idol","MawBank","Happy Flower","Molten Egg 2","Mercury Hourglass","Whetstone","Philosopher\u0027s Stone","Paper Frog","Bag of Marbles","Enchiridion","Omamori","Lantern","Bird Faced Urn","Gremlin Horn","Strawberry","Busted Crown","Pantograph","Boot","Bag of Preparation","Red Skull","WarpedTongs","Oddly Smooth Stone","Anchor"],"potions_floor_usage":[55,55,55],"damage_taken":[{"damage":0.0,"enemies":"Small Slimes","floor":1.0,"turns":1.0},{"damage":0.0,"enemies":"2 Louse","floor":4.0,"turns":1.0},{"damage":9.0,"enemies":"3 Sentries","floor":6.0,"turns":2.0},{"damage":27.0,"enemies":"Gremlin Nob","floor":8.0,"turns":5.0},{"damage":11.0,"enemies":"Jaw Worm","floor":11.0,"turns":4.0},{"damage":33.0,"enemies":"Lagavulin","floor":12.0,"turns":6.0},{"damage":0.0,"enemies":"Looter","floor":13.0,"turns":2.0},{"damage":0.0,"enemies":"Gremlin Nob","floor":14.0,"turns":3.0},{"damage":7.0,"enemies":"Hexaghost","floor":16.0,"turns":12.0},{"damage":0.0,"enemies":"3 Byrds","floor":18.0,"turns":4.0},{"damage":0.0,"enemies":"Spheric Guardian","floor":20.0,"turns":3.0},{"damage":14.0,"enemies":"Centurion and Healer","floor":22.0,"turns":6.0},{"damage":23.0,"enemies":"Slavers","floor":23.0,"turns":5.0},{"damage":2.0,"enemies":"Snake Plant","floor":24.0,"turns":3.0},{"damage":22.0,"enemies":"Book of Stabbing","floor":27.0,"turns":3.0},{"damage":0.0,"enemies":"Cultist and Chosen","floor":28.0,"turns":4.0},{"damage":0.0,"enemies":"Colosseum Slavers","floor":29.0,"turns":2.0},{"damage":1.0,"enemies":"Colosseum Nobs","floor":29.0,"turns":2.0},{"damage":0.0,"enemies":"3 Cultists","floor":30.0,"turns":3.0},{"damage":6.0,"enemies":"Slavers","floor":31.0,"turns":3.0},{"damage":19.0,"enemies":"Collector","floor":33.0,"turns":7.0},{"damage":13.0,"enemies":"3 Shapes","floor":35.0,"turns":3.0},{"damage":0.0,"enemies":"Orb Walker","floor":36.0,"turns":2.0},{"damage":0.0,"enemies":"4 Shapes","floor":38.0,"turns":4.0},{"damage":24.0,"enemies":"Reptomancer","floor":41.0,"turns":3.0},{"damage":9.0,"enemies":"Giant Head","floor":44.0,"turns":6.0},{"damage":0.0,"enemies":"Jaw Worm Horde","floor":45.0,"turns":2.0},{"damage":8.0,"enemies":"Transient","floor":46.0,"turns":5.0},{"damage":34.0,"enemies":"Time Eater","floor":50.0,"turns":9.0},{"damage":5,"enemies":"Shield and Spear","floor":54,"turns":3},{"damage":73,"enemies":"The Heart","floor":55,"turns":8}],"seed_played":"-3172825241654703817","potions_obtained":[{"floor":1.0,"key":"Strength Potion"},{"floor":6.0,"key":"Block Potion"},{"floor":11.0,"key":"EssenceOfSteel"},{"floor":12.0,"key":"GamblersBrew"},{"floor":14.0,"key":"FearPotion"},{"floor":20.0,"key":"EssenceOfSteel"},{"floor":23.0,"key":"LiquidBronze"},{"floor":27.0,"key":"Energy Potion"},{"floor":29.0,"key":"EssenceOfSteel"},{"floor":33.0,"key":"Strength Potion"},{"floor":44.0,"key":"Fire Potion"},{"floor":46.0,"key":"Regen Potion"}],"is_trial":false,"path_per_floor":["M","$","?","M","?","E","R","E","T","$","M","E","M","E","R","B",null,"M","?","M","$","M","E","M","?","T","E","M","?","M","E","R","B",null,"M","M","$","M","$","R","E","R","T","E","M","M","?","?","R","B",null,"R","$","E","B",null],"character_chosen":"IRONCLAD","items_purchased":["Whirlwind","Disarm","Paper Frog","Chrysalis","Pantograph","Flame Barrier","Boot","PanicButton","Oddly Smooth Stone","BloodPotion"],"campfire_rested":1,"item_purchase_floors":[2,21,21,21,37,37,39,39,53,53],"current_hp_per_floor":[80,80,60,66,66,63,63,42,42,42,37,10,16,22,46,45,80,80,80,80,80,72,55,59,43,43,27,33,44,52,61,61,54,87,80,87,87,87,87,87,71,71,71,74,84,87,87,87,87,63,87,87,87,87,60],"gold":77,"neow_bonus":"THREE_ENEMY_KILL","is_prod":false,"is_daily":false,"chose_seed":false,"campfire_upgraded":5,"win_rate":0,"timestamp":1566562284,"path_taken":["M","$","?","M","?","E","R","E","T","?","M","E","M","E","R","BOSS","M","?","M","$","M","E","M","?","T","E","M","?","M","E","R","BOSS","M","M","$","M","$","R","E","R","T","E","M","M","?","?","R","BOSS","R","$","E","BOSS"],"build_version":"2019-07-17","purchased_purges":2,"victory":true,"max_hp_per_floor":[80,80,80,80,80,80,80,80,80,80,80,80,80,80,80,80,80,80,80,80,80,80,80,80,80,80,80,80,80,80,87,87,87,87,87,87,87,87,87,87,87,87,87,87,87,87,87,87,87,87,87,87,87,87,87],"card_choices":[{"not_picked":["Heavy Blade","Anger"],"picked":"Spot Weakness","floor":1.0},{"not_picked":["Spot Weakness","Heavy Blade"],"picked":"Evolve","floor":4.0},{"not_picked":["Flex","True Grit"],"picked":"Body Slam","floor":6.0},{"not_picked":["Warcry","Bloodletting"],"picked":"Iron Wave","floor":8.0},{"not_picked":["Flex","Warcry"],"picked":"Shrug It Off","floor":11.0},{"not_picked":["Twin Strike+1","Hemokinesis+1"],"picked":"Exhume","floor":12.0},{"not_picked":["Wild Strike+1","Heavy Blade+1"],"picked":"Pommel Strike+1","floor":13.0},{"not_picked":["Twin Strike+1","Infernal Blade"],"picked":"Flame Barrier","floor":14.0},{"not_picked":["Juggernaut","Impervious"],"picked":"Barricade","floor":16.0},{"not_picked":["True Grit","Battle Trance"],"picked":"Thunderclap+1","floor":18.0},{"not_picked":["Perfected Strike+1","Heavy Blade+1"],"picked":"Sword Boomerang+1","floor":20.0},{"not_picked":["Wild Strike+1","Shrug It Off"],"picked":"Inflame+1","floor":22.0},{"not_picked":["Body Slam+1","Twin Strike+1"],"picked":"Second Wind+1","floor":23.0},{"not_picked":["Cleave+1","Armaments"],"picked":"Dropkick+1","floor":24.0},{"not_picked":["Body Slam+1","Anger+1"],"picked":"Demon Form","floor":27.0},{"not_picked":["Sword Boomerang+1","Havoc"],"picked":"Cleave+1","floor":28.0},{"not_picked":["Cleave+1","Warcry+1"],"picked":"Flex+1","floor":29.0},{"not_picked":["Anger+1","Armaments"],"picked":"Headbutt+1","floor":30.0},{"not_picked":["Body Slam+1","Hemokinesis+1"],"picked":"Double Tap","floor":31.0},{"not_picked":["Brutality","Demon Form"],"picked":"Fiend Fire+1","floor":33.0},{"not_picked":[],"picked":"Pommel Strike+1","floor":35.0},{"not_picked":[],"picked":"Armaments","floor":36.0},{"not_picked":[],"picked":"Twin Strike+1","floor":38.0},{"not_picked":[],"picked":"Clothesline+1","floor":41.0},{"not_picked":[],"picked":"Feel No Pain+1","floor":44.0},{"not_picked":[],"picked":"Heavy Blade+1","floor":45.0},{"not_picked":[],"picked":"Brutality","floor":46.0},{"not_picked":[],"picked":"Iron Wave+1","floor":54}],"player_experience":154897,"relics_obtained":[{"floor":6.0,"key":"MawBank"},{"floor":8.0,"key":"Happy Flower"},{"floor":9.0,"key":"Molten Egg 2"},{"floor":12.0,"key":"Mercury Hourglass"},{"floor":14.0,"key":"Whetstone"},{"floor":23.0,"key":"Bag of Marbles"},{"floor":25.0,"key":"Enchiridion"},{"floor":26.0,"key":"Omamori"},{"floor":27.0,"key":"Lantern"},{"floor":29.0,"key":"Bird Faced Urn"},{"floor":29.0,"key":"Gremlin Horn"},{"floor":31.0,"key":"Strawberry"},{"floor":41.0,"key":"Bag of Preparation"},{"floor":44.0,"key":"Red Skull"},{"floor":54,"key":"Anchor"}],"event_choices":[{"damage_healed":0.0,"max_hp_gain":0.0,"max_hp_loss":0.0,"gold_gain":0.0,"event_name":"Golden Idol","player_choice":"Take Damage","floor":3.0,"gold_loss":0.0,"damage_taken":20.0,"relics_obtained":["Golden Idol"]},{"damage_healed":0.0,"max_hp_gain":0.0,"max_hp_loss":0.0,"gold_gain":0.0,"cards_transformed":["Strike_R"],"event_name":"Living Wall","player_choice":"Change","floor":5.0,"gold_loss":0.0,"damage_taken":0.0,"cards_obtained":["Power Through"]},{"damage_healed":0.0,"max_hp_gain":0.0,"max_hp_loss":0.0,"gold_gain":99.0,"event_name":"Nest","player_choice":"Stole From Cult","floor":19.0,"gold_loss":0.0,"damage_taken":0.0},{"damage_healed":0.0,"max_hp_gain":0.0,"max_hp_loss":0.0,"gold_gain":0.0,"event_name":"Cursed Tome","player_choice":"Obtained Book","floor":25.0,"gold_loss":0.0,"damage_taken":16.0},{"damage_healed":0.0,"max_hp_gain":0.0,"max_hp_loss":0.0,"gold_gain":0.0,"event_name":"Colosseum","player_choice":"Fight","floor":29.0,"gold_loss":0.0,"damage_taken":0.0},{"damage_healed":0.0,"max_hp_gain":0.0,"max_hp_loss":0.0,"gold_gain":0.0,"event_name":"Colosseum","player_choice":"Fought Nobs","floor":29.0,"gold_loss":0.0,"damage_taken":0.0},{"damage_healed":0.0,"max_hp_gain":0.0,"max_hp_loss":0.0,"gold_gain":0.0,"event_name":"Tomb of Lord Red Mask","player_choice":"Ignored","floor":47.0,"gold_loss":0.0,"damage_taken":0.0},{"damage_healed":0.0,"max_hp_gain":0.0,"max_hp_loss":0.0,"gold_gain":0.0,"event_name":"Accursed Blacksmith","player_choice":"Rummage","floor":48.0,"gold_loss":0.0,"damage_taken":0.0,"relics_obtained":["WarpedTongs"],"cards_obtained":["Pain"]}],"is_beta":false,"boss_relics":[{"not_picked":["Tiny House","Astrolabe"],"picked":"Philosopher\u0027s Stone"},{"not_picked":["Runic Pyramid","Lizard Tail"],"picked":"Busted Crown"}],"items_purged_floors":[2,21],"is_endless":false,"potions_floor_spawned":[1,6,11,12,14,20,23,27,29,33,36,44,45,46,54],"ascension_level":2}