{"path_per_floor":["M","M","?","M","M","E","M","R","T","E","$","R","M","?","R","B",null,"M","M","?","$","?"],"character_chosen":"THE_SILENT","items_purchased":["Outmaneuver","Kunai","Dodge and Roll"],"gold_per_floor":[112,122,122,141,162,193,209,209,236,270,216,216,239,239,239,360,360,385,408,333,29,29,29],"floor_reached":23,"campfire_rested":1,"playtime":1253,"current_hp_per_floor":[68,63,46,46,45,41,32,32,39,37,37,37,30,30,53,15,77,63,45,45,45,45,20],"items_purged":[],"gold":29,"score":201,"play_id":"03aef614-a023-4502-945c-fad970fc7270","local_time":"20180428194306","is_prod":false,"is_daily":false,"chose_seed":false,"is_ascension_mode":false,"campfire_upgraded":2,"timestamp":1524912186,"path_taken":["M","M","?","M","M","E","M","R","T","E","$","R","M","?","R","BOSS","M","?","?","$","?","E"],"build_version":"2018-04-27v3","seed_source_timestamp":1367855670206487,"purchased_purges":0,"victory":false,"master_deck":["Defend_G","Defend_G","Defend_G","Defend_G","Defend_G","Strike_G","Strike_G","Strike_G","Strike_G","Survivor","Neutralize","Riddle With Holes+1","Slice","Outmaneuver","Acrobatics","Glass Knife+1","Leg Sweep","Die Die Die","Outmaneuver","Well Laid Plans","Glass Knife","Outmaneuver+1","Bouncing Flask+1","Dodge and Roll"],"max_hp_per_floor":[70,70,70,70,70,70,70,70,77,77,77,77,77,77,77,77,77,77,77,77,77,77,77],"relics":["Ring of the Snake","Golden Idol","Pen Nib","Strawberry","Blood Vial","Black Star","Kunai","Vajra"],"card_choices":[{"not_picked":["Skewer","Outmaneuver"],"picked":"Riddle With Holes","floor":1},{"not_picked":["Acrobatics","Dodge and Roll"],"picked":"Slice","floor":2},{"not_picked":["Riddle With Holes","Expertise"],"picked":"Outmaneuver","floor":4},{"not_picked":["Prepared","Backflip"],"picked":"Acrobatics","floor":5},{"not_picked":["Deadly Poison","Adrenaline"],"picked":"Glass Knife","floor":6},{"not_picked":["Acrobatics","Flying Knee"],"picked":"Leg Sweep","floor":7},{"not_picked":["Choke","Underhanded Strike"],"picked":"Die Die Die","floor":10},{"not_picked":["Sucker Punch","PiercingWail"],"picked":"Well Laid Plans","floor":13},{"not_picked":["Phantasmal Killer","Bullet Time"],"picked":"Glass Knife","floor":16},{"not_picked":["Deadly Poison","Flechettes"],"picked":"Outmaneuver","floor":18},{"not_picked":["Masterful Stab","Underhanded Strike"],"picked":"Bouncing Flask","floor":19}],"player_experience":1062,"potions_floor_usage":[6,6,10,23,23,23],"damage_taken":[{"damage":2,"enemies":"Jaw Worm","floor":1,"turns":4},{"damage":5,"enemies":"Small Slimes","floor":2,"turns":3},{"damage":0,"enemies":"2 Louse","floor":4,"turns":2},{"damage":1,"enemies":"2 Fungi Beasts","floor":5,"turns":5},{"damage":4,"enemies":"Gremlin Nob","floor":6,"turns":4},{"damage":9,"enemies":"Exordium Thugs","floor":7,"turns":5},{"damage":17,"enemies":"3 Sentries","floor":10,"turns":7},{"damage":9,"enemies":"Gremlin Gang","floor":13,"turns":4},{"damage":40,"enemies":"Hexaghost","floor":16,"turns":12},{"damage":14,"enemies":"Spheric Guardian","floor":18,"turns":4},{"damage":20,"enemies":"2 Thieves","floor":19,"turns":4},{"damage":27,"enemies":"Gremlin Leader","floor":23,"turns":6}],"event_choices":[{"event_name":"Golden Idol","player_choice":"Take Damage","floor":3,"damage_taken":0},{"event_name":"Liars Game","player_choice":"disagreed","floor":14,"damage_taken":0},{"event_name":"Beggar","player_choice":"Gave Gold","floor":20,"damage_taken":0},{"event_name":"The Mausoleum","player_choice":"Yes","floor":22,"damage_taken":0}],"boss_relics":[{"not_picked":["Astrolabe","Runic Pyramid"],"picked":"Black Star"}],"potions_floor_spawned":[1,2,4,10,16,19],"seed_played":"-5930497191258316254","killed_by":"Gremlin Leader","ascension_level":0,"is_trial":false}