{"gold_per_floor":[110,129,141,151,116,147,322,322,374,83,83,98,98,111,111,207,207,225,325,43,43,19,36,36],"floor_reached":24,"playtime":1676,"items_purged":["Doubt"],"score":255,"play_id":"f631c5c7-db0f-43d1-a5ae-46aa2dd165a8","local_time":"20180829185327","is_ascension_mode":true,"campfire_choices":[{"data":"Capacitor","floor":11,"key":"SMITH"},{"floor":13,"key":"REST"},{"data":"Chaos","floor":15,"key":"SMITH"}],"neow_cost":"NONE","seed_source_timestamp":1266381397219567,"circlet_count":0,"master_deck":["Strike_B+1","Strike_B","Strike_B","Defend_B","Defend_B","Defend_B","Defend_B","Zap","Dualcast","Force Field","Ball Lightning","Barrage","Barrage","Coolheaded","Leap+1","Capacitor+1","Barrage","Chaos+1","Beam Cell","Ball Lightning","Redo","Creative AI","Rebound","Stack","Chaos","Turbo","Capacitor"],"relics":["Cracked Core","Bottled Lightning","Art of War","Cursed Key","Vajra"],"potions_floor_usage":[6,24],"damage_taken":[{"damage":4,"enemies":"Small Slimes","floor":1,"turns":3},{"damage":4,"enemies":"2 Louse","floor":2,"turns":3},{"damage":2,"enemies":"Jaw Worm","floor":3,"turns":3},{"damage":12,"enemies":"Looter","floor":4,"turns":3},{"damage":20,"enemies":"Gremlin Nob","floor":6,"turns":4},{"damage":10,"enemies":"Gremlin Gang","floor":12,"turns":6},{"damage":10,"enemies":"Large Slime","floor":14,"turns":3},{"damage":21,"enemies":"Slime Boss","floor":16,"turns":6},{"damage":21,"enemies":"Shell Parasite","floor":18,"turns":4},{"damage":0,"enemies":"3 Byrds","floor":23,"turns":4},{"damage":18,"enemies":"3 Cultists","floor":24,"turns":5}],"seed_played":"-6945994539011735120","potions_obtained":[{"floor":2,"key":"Ancient Potion"},{"floor":3,"key":"EssenceOfSteel"},{"floor":6,"key":"LiquidBronze"},{"floor":18,"key":"PowerPotion"}],"is_trial":false,"path_per_floor":["M","M","M","M","?","E","?","?","T","$","R","M","R","M","R","B",null,"M","?","$","?","$","M"],"character_chosen":"DEFECT","items_purchased":["Capacitor","Barrage","Chaos","Beam Cell","Vajra","Stack","Chaos","Turbo"],"campfire_rested":1,"item_purchase_floors":[10,10,10,10,20,20,20,22],"current_hp_per_floor":[64,60,58,46,64,44,44,29,29,29,29,19,41,31,31,10,59,38,38,38,31,31,31,13],"gold":36,"neow_bonus":"TRANSFORM_CARD","is_prod":false,"is_daily":false,"chose_seed":false,"campfire_upgraded":2,"win_rate":0,"timestamp":1535583207,"path_taken":["M","M","M","M","?","E","?","?","T","$","R","?","R","M","R","BOSS","M","?","$","?","?","M","M"],"build_version":"2018-08-23v2","purchased_purges":1,"victory":false,"max_hp_per_floor":[75,75,75,75,75,75,75,75,75,75,75,75,75,75,75,75,75,75,75,75,75,75,75,75],"card_choices":[{"not_picked":["Conserve Battery","Streamline"],"picked":"Ball Lightning","floor":1},{"not_picked":["Go for the Eyes","Beam Cell"],"picked":"Barrage","floor":2},{"not_picked":["Rip and Tear","Leap"],"picked":"Barrage","floor":3},{"not_picked":["Gash","Scrape"],"picked":"Coolheaded","floor":4},{"not_picked":["Double Energy","Turbo"],"picked":"Leap","floor":6},{"not_picked":["Conserve Battery","Aggregate"],"picked":"Ball Lightning","floor":12},{"not_picked":["Scrape","Blizzard"],"picked":"Redo","floor":14},{"not_picked":["Machine Learning","Reboot"],"picked":"Creative AI","floor":16},{"not_picked":["Gash+1","Streamline"],"picked":"Rebound","floor":18},{"not_picked":["Ball Lightning","Static Discharge"],"picked":"Capacitor","floor":23}],"player_experience":275015,"relics_obtained":[{"floor":6,"key":"Bottled Lightning"},{"floor":9,"key":"Art of War"}],"event_choices":[{"event_name":"The Cleric","player_choice":"Healed","floor":5,"damage_taken":0},{"event_name":"Liars Game","player_choice":"agreed","floor":7,"damage_taken":0},{"event_name":"Shining Light","player_choice":"Entered Light","floor":8,"damage_taken":0},{"event_name":"Golden Shrine","player_choice":"Pray","floor":19,"damage_taken":0},{"event_name":"Wheel of Change","player_choice":"Damage","floor":21,"damage_taken":0}],"is_beta":false,"boss_relics":[{"not_picked":["Orrery","Pandora\u0027s Box"],"picked":"Cursed Key"}],"items_purged_floors":[10],"is_endless":false,"potions_floor_spawned":[2,3,6,18],"killed_by":"3 Cultists","ascension_level":6}