{"gold_per_floor":[112,126,126,140,315,342,342,356,383,394,6,37,37,47,47,143,143,154,154,167,58,93,93,128,128,196,196,207,207,242,255,255,351,351,370,113,113,113,113,113,139,139,139,139,2,2,2,2,2,2],"floor_reached":50,"playtime":4854,"items_purged":["Doubt"],"score":724,"play_id":"c8e18672-09a9-42d5-827a-b112ba363991","local_time":"20180825182133","is_ascension_mode":true,"campfire_choices":[{"data":"Footwork","floor":7,"key":"SMITH"},{"floor":13,"key":"REST"},{"data":"Tools of the Trade","floor":15,"key":"SMITH"},{"floor":23,"key":"REST"},{"floor":25,"key":"REST"},{"data":"Outmaneuver","floor":29,"key":"SMITH"},{"floor":32,"key":"REST"},{"floor":40,"key":"REST"},{"data":"Predator","floor":42,"key":"SMITH"},{"data":"Finisher","floor":46,"key":"SMITH"},{"floor":49,"key":"REST"}],"neow_cost":"","seed_source_timestamp":915623920515383,"circlet_count":0,"master_deck":["Survivor+1","Neutralize","Well Laid Plans","Sucker Punch","Leg Sweep","Footwork+1","Tools of the Trade+1","Cloak And Dagger+1","Footwork","Underhanded Strike","Finisher+1","Blade Dance","Sucker Punch","Venomology","Underhanded Strike","Heel Hook","Calculated Gamble","Blur","Dodge and Roll","Acrobatics","Outmaneuver+1","Underhanded Strike","Deflect","Finesse","Dodge and Roll","Backflip","Dagger Throw+1","Masterful Stab","Outmaneuver","Burst","Unload+1","All Out Attack+1","Deflect+1","Blur+1","Underhanded Strike","Flying Knee","Dramatic Entrance","Predator+1","Unload+1","Slice","Unload+1"],"relics":["Ring of the Snake","Anchor","Lantern","Membership Card","Pen Nib","Pandora\u0027s Box","MutagenicStrength","Red Mask","Unceasing Top","Matryoshka","Snake Skull","Astrolabe","Juzu Bracelet","Sundial","Du-Vu Doll","Bag of Marbles","War Paint","The Courier","Singing Bowl","DollysMirror"],"potions_floor_usage":[6,6,6,16,16,18,18,22,24,24,24,28,31,33,33,33,33,50,50],"damage_taken":[{"damage":1,"enemies":"Small Slimes","floor":1,"turns":4},{"damage":2,"enemies":"Cultist","floor":2,"turns":4},{"damage":0,"enemies":"2 Louse","floor":4,"turns":2},{"damage":30,"enemies":"Lagavulin","floor":6,"turns":14},{"damage":6,"enemies":"Lots of Slimes","floor":8,"turns":7},{"damage":0,"enemies":"Looter","floor":10,"turns":4},{"damage":8,"enemies":"Gremlin Nob","floor":12,"turns":6},{"damage":0,"enemies":"3 Louse","floor":14,"turns":2},{"damage":40,"enemies":"Slime Boss","floor":16,"turns":13},{"damage":23,"enemies":"Shell Parasite","floor":18,"turns":5},{"damage":0,"enemies":"Chosen","floor":20,"turns":2},{"damage":13,"enemies":"Masked Bandits","floor":22,"turns":6},{"damage":28,"enemies":"Gremlin Leader","floor":24,"turns":8},{"damage":0,"enemies":"Snecko","floor":28,"turns":4},{"damage":15,"enemies":"Slavers","floor":30,"turns":7},{"damage":5,"enemies":"Chosen and Byrds","floor":31,"turns":5},{"damage":0,"enemies":"Champ","floor":33,"turns":15},{"damage":22,"enemies":"3 Darklings","floor":35,"turns":7},{"damage":12,"enemies":"Giant Head","floor":41,"turns":8},{"damage":35,"enemies":"Time Eater","floor":50,"turns":8}],"seed_played":"59131914991290853","potions_obtained":[{"floor":1,"key":"SpeedPotion"},{"floor":2,"key":"Energy Potion"},{"floor":3,"key":"Explosive Potion"},{"floor":8,"key":"Ancient Potion"},{"floor":10,"key":"Strength Potion"},{"floor":14,"key":"SpeedPotion"},{"floor":16,"key":"SkillPotion"},{"floor":24,"key":"AttackPotion"},{"floor":33,"key":"Swift Potion"}],"is_trial":false,"path_per_floor":["M","M","?","M","?","E","R","M","T","M","$","E","R","M","R","B",null,"M","?","M","$","?","R","E","R","T","?","M","R","E","M","R","B",null,"M","$","?","?","?","R","E","R","T","?","$","R","$","?","R"],"character_chosen":"THE_SILENT","items_purchased":["Membership Card","Footwork","Underhanded Strike","Finisher","Deflect","Finesse","Juzu Bracelet","Underhanded Strike","Flying Knee","Dramatic Entrance","DollysMirror","Slice"],"campfire_rested":6,"item_purchase_floors":[11,11,11,11,21,21,36,36,36,36,45,45],"current_hp_per_floor":[69,67,67,67,67,37,37,31,31,31,31,23,44,44,44,4,70,47,47,47,47,34,55,27,48,48,48,48,48,33,28,49,64,70,48,48,48,48,48,69,57,57,57,57,57,57,57,57,70,35],"gold":2,"neow_bonus":"","is_prod":false,"is_daily":false,"chose_seed":false,"campfire_upgraded":5,"win_rate":0,"timestamp":1535235693,"path_taken":["M","M","?","?","?","E","R","M","T","M","$","E","R","M","R","BOSS","M","?","M","$","?","R","E","R","T","?","M","R","E","M","R","BOSS","M","$","?","?","?","R","E","R","T","?","$","R","?","?","R","BOSS"],"build_version":"2018-08-23v2","purchased_purges":1,"victory":false,"max_hp_per_floor":[70,70,70,70,70,70,70,70,70,70,70,70,70,70,70,70,70,70,70,70,70,70,70,70,70,70,70,70,70,70,70,70,70,70,70,70,70,70,70,70,70,70,70,70,70,70,70,70,70,70],"card_choices":[{"not_picked":["Prepared","Caltrops"],"picked":"Well Laid Plans","floor":1},{"not_picked":["Underhanded Strike","Bane"],"picked":"Sucker Punch","floor":2},{"not_picked":["Concentrate","Underhanded Strike"],"picked":"Leg Sweep","floor":4},{"not_picked":["Sucker Punch","Terror"],"picked":"Footwork","floor":6},{"not_picked":["Bane","All Out Attack"],"picked":"Tools of the Trade","floor":8},{"not_picked":["Deflect","Prepared"],"picked":"Cloak And Dagger","floor":10},{"not_picked":["Prepared","A Thousand Cuts"],"picked":"Blade Dance","floor":12},{"not_picked":["Acrobatics","Bane"],"picked":"Sucker Punch","floor":14},{"not_picked":["A Thousand Cuts","Wraith Form v2"],"picked":"Venomology","floor":16},{"not_picked":["Deadly Poison+1","Terror"],"picked":"Outmaneuver","floor":18},{"not_picked":["Flying Knee+1","Dodge and Roll"],"picked":"Underhanded Strike","floor":20},{"not_picked":["Noxious Fumes","Acrobatics+1"],"picked":"Dodge and Roll","floor":22},{"not_picked":["Bullet Time","Grand Finale"],"picked":"Backflip","floor":24},{"not_picked":["Leg Sweep","Prepared"],"picked":"Dagger Throw+1","floor":28},{"not_picked":["Dash","Dagger Spray"],"picked":"Masterful Stab","floor":30},{"not_picked":["Quick Slash","Footwork"],"picked":"Outmaneuver","floor":31},{"not_picked":["Wraith Form v2","Venomology"],"picked":"Burst","floor":33},{"not_picked":["Bane+1","Dagger Spray"],"picked":"Blur+1","floor":35},{"not_picked":["Calculated Gamble+1","Dagger Throw"],"picked":"Predator","floor":41}],"player_experience":263587,"relics_obtained":[{"floor":6,"key":"Anchor"},{"floor":9,"key":"Lantern"},{"floor":12,"key":"Pen Nib"},{"floor":22,"key":"Red Mask"},{"floor":24,"key":"Unceasing Top"},{"floor":26,"key":"Matryoshka"},{"floor":30,"key":"Snake Skull"},{"floor":39,"key":"Bag of Marbles"},{"floor":41,"key":"War Paint"},{"floor":43,"key":"The Courier"},{"floor":43,"key":"Singing Bowl"}],"event_choices":[{"event_name":"The Lab","player_choice":"Got Potions","floor":3,"damage_taken":0},{"event_name":"Liars Game","player_choice":"agreed","floor":5,"damage_taken":0},{"event_name":"Drug Dealer","player_choice":"Inject Mutagens","floor":19,"damage_taken":0},{"event_name":"Masked Bandits","player_choice":"Fought Bandits","floor":22,"damage_taken":0},{"event_name":"Vampires","player_choice":"Ignored","floor":27,"damage_taken":0},{"event_name":"Accursed Blacksmith","player_choice":"Rummage","floor":37,"damage_taken":0},{"event_name":"WeMeetAgain","player_choice":"Potion","floor":38,"damage_taken":0},{"event_name":"Wheel of Change","player_choice":"Relic","floor":39,"damage_taken":0},{"event_name":"Falling","player_choice":"Removed Attack","floor":44,"damage_taken":0},{"event_name":"Duplicator","player_choice":"One dupe","floor":48,"damage_taken":0}],"is_beta":false,"boss_relics":[{"not_picked":["Runic Dome","Snecko Eye"],"picked":"Pandora\u0027s Box"},{"not_picked":["Tiny House","Eternal Feather"],"picked":"Astrolabe"}],"items_purged_floors":[11],"is_endless":false,"potions_floor_spawned":[1,2,8,10,14,16,20,24,33],"killed_by":"Time Eater","ascension_level":4}