{"gold_per_floor":[110,130,130,130,147,147,147,26,26,26,59,70,70,80,80,183,183,195,195,195,210,2,2,34,51,51,51,70,87,0,0,0,96,96,96],"floor_reached":35,"playtime":1977,"items_purged":["Defend_B"],"score":431,"play_id":"f2f5bd01-3db9-4ab1-b499-54116a82ce26","local_time":"20180630035607","is_ascension_mode":true,"campfire_choices":[{"floor":6,"key":"REST"},{"data":"Defragment","floor":10,"key":"SMITH"},{"floor":13,"key":"REST"},{"data":"Redo","floor":15,"key":"SMITH"},{"data":"Defragment","floor":23,"key":"SMITH"},{"floor":32,"key":"REST"}],"neow_cost":"FIFTY_PERCENT_DAMAGE","seed_source_timestamp":1199384673071448,"circlet_count":0,"master_deck":["Strike_B","Strike_B","Strike_B","Strike_B","Defend_B","Defend_B","Defend_B","Zap","Dualcast","Rainbow+1","Coolheaded","Redo","Redo+1","Zap","Defragment+1","Leap","Cold Snap","Conserve Battery","Rebound","Multi-Cast","Conserve Battery+1","Defragment+1","RitualDagger","Darkness","Seek","Go for the Eyes","Turbo","Writhe","Redo","Glacier","Multi-Cast"],"relics":["Cracked Core","Blue Candle","Letter Opener","Cursed Key","Bird Faced Urn","Molten Egg 2","Sozu"],"potions_floor_usage":[16,21,21,24,33,35],"damage_taken":[{"damage":5,"enemies":"Jaw Worm","floor":1,"turns":3},{"damage":12,"enemies":"Small Slimes","floor":2,"turns":3},{"damage":0,"enemies":"Cultist","floor":5,"turns":3},{"damage":14,"enemies":"Gremlin Nob","floor":11,"turns":4},{"damage":0,"enemies":"Large Slime","floor":12,"turns":4},{"damage":4,"enemies":"Blue Slaver","floor":14,"turns":3},{"damage":21,"enemies":"Slime Boss","floor":16,"turns":7},{"damage":0,"enemies":"Chosen","floor":18,"turns":4},{"damage":8,"enemies":"2 Thieves","floor":21,"turns":4},{"damage":24,"enemies":"Slavers","floor":24,"turns":9},{"damage":32,"enemies":"Snake Plant","floor":25,"turns":5},{"damage":0,"enemies":"Cultist and Chosen","floor":28,"turns":5},{"damage":2,"enemies":"3 Cultists","floor":29,"turns":5},{"damage":21,"enemies":"Collector","floor":33,"turns":8},{"damage":53,"enemies":"3 Darklings","floor":35,"turns":3}],"seed_played":"-1406174233003180299","potions_obtained":[{"floor":11,"key":"Energy Potion"},{"floor":14,"key":"FearPotion"},{"floor":16,"key":"GamblersBrew"},{"floor":18,"key":"Block Potion"},{"floor":28,"key":"Poison Potion"},{"floor":33,"key":"Energy Potion"}],"is_trial":false,"path_per_floor":["M","M","?","?","M","R","?","$","T","R","E","M","R","M","R","B",null,"M","?","?","M","$","R","E","M","T","?","M","M","?","$","R","B",null],"character_chosen":"DEFECT","items_purchased":["Defragment","Leap","Seek","Go for the Eyes"],"campfire_rested":3,"item_purchase_floors":[8,8,22,22],"current_hp_per_floor":[33,21,21,21,21,43,43,43,43,43,29,29,51,47,47,26,75,75,75,69,61,61,61,37,7,7,7,11,13,13,13,35,18,75,22],"gold":96,"neow_bonus":"THREE_RARE_CARDS","is_prod":false,"is_daily":false,"chose_seed":false,"campfire_upgraded":3,"win_rate":0,"timestamp":1530345367,"path_taken":["M","M","?","?","M","R","?","?","T","R","E","M","R","?","R","BOSS","M","?","?","M","?","R","E","?","T","?","?","M","?","?","R","BOSS","M"],"build_version":"2018-06-21v2","purchased_purges":1,"victory":false,"max_hp_per_floor":[75,75,75,75,75,75,75,75,75,75,75,75,75,75,75,75,75,75,75,75,75,75,75,75,75,75,75,75,75,75,75,75,75,75,75],"card_choices":[{"not_picked":["Core Surge","Multi-Cast"],"picked":"Rainbow","floor":0},{"not_picked":["Gash","Hologram"],"picked":"Coolheaded","floor":1},{"not_picked":["Chill","Reboot"],"picked":"Redo","floor":2},{"not_picked":["Hologram","Rip and Tear"],"picked":"Redo","floor":5},{"not_picked":["Fusion","Storm"],"picked":"Cold Snap","floor":11},{"not_picked":["Cold Snap","Double Energy"],"picked":"Conserve Battery","floor":12},{"not_picked":["Reinforced Body","Streamline"],"picked":"Rebound","floor":14},{"not_picked":["Electrodynamics","Amplify"],"picked":"Multi-Cast","floor":16},{"not_picked":["BootSequence","Gash"],"picked":"Conserve Battery+1","floor":18},{"not_picked":["Steam","Compile Driver"],"picked":"Darkness","floor":21},{"not_picked":["Barrage","Sweeping Beam"],"picked":"Turbo","floor":24},{"not_picked":["Hologram","Blizzard","Consume"],"picked":"SKIP","floor":25},{"not_picked":["Glacier","Thunder Strike+1"],"picked":"Redo","floor":28},{"not_picked":["Gash+1","Ball Lightning+1"],"picked":"Glacier","floor":29},{"not_picked":["Electrodynamics","Thunder Strike+1"],"picked":"Multi-Cast","floor":33}],"player_experience":205612,"relics_obtained":[{"floor":9,"key":"Blue Candle"},{"floor":11,"key":"Letter Opener"},{"floor":24,"key":"Bird Faced Urn"},{"floor":26,"key":"Molten Egg 2"}],"event_choices":[{"event_name":"Living Wall","player_choice":"Grow","floor":3,"damage_taken":0},{"event_name":"Golden Wing","player_choice":"Ignored","floor":4,"damage_taken":0},{"event_name":"Match and Keep!","player_choice":"1 cards matched","floor":7,"damage_taken":0},{"event_name":"The Library","player_choice":"Read","floor":19,"damage_taken":0},{"event_name":"Nest","player_choice":"Joined the Cult","floor":20,"damage_taken":0},{"event_name":"Beggar","player_choice":"Ignored","floor":27,"damage_taken":0},{"event_name":"Masked Bandits","player_choice":"Paid Bandits 87 gold","floor":30,"damage_taken":0}],"boss_relics":[{"not_picked":["Pandora\u0027s Box","Calling Bell"],"picked":"Cursed Key"},{"not_picked":["Eternal Feather","Runic Dome"],"picked":"Sozu"}],"items_purged_floors":[22],"is_endless":false,"potions_floor_spawned":[11,14,16,18,28,33],"killed_by":"3 Darklings","ascension_level":3}