{"gold_per_floor":[112,130,130,130,130,164,164,191,259,111,138,138,156,156,156,230,230,230],"floor_reached":18,"playtime":625,"items_purged":[],"score":299,"play_id":"6dc74732-a2ba-4594-9d8a-edf7974ac4e3","local_time":"20190918231919","is_ascension_mode":true,"campfire_choices":[{"floor":7,"key":"REST"},{"data":"Hyperbeam","floor":12,"key":"SMITH"},{"floor":15,"key":"REST"}],"neow_cost":"NONE","seed_source_timestamp":22564206785248,"circlet_count":0,"master_deck":["AscendersBane","Zap","Dualcast","Self Repair","Loop+1","Hyperbeam+1","Undo","Rainbow","Steam","Stack","Buffer","Steam Power","Glacier","Echo Form","Redo","Coolheaded","Leap","Hologram","Leap"],"relics":["Cracked Core","Potion Belt","Pear","Bottled Flame","Runic Capacitor","Unceasing Top","Boot","Pandora\u0027s Box"],"potions_floor_usage":[11],"damage_taken":[{"damage":6,"enemies":"Cultist","floor":1,"turns":4},{"damage":1,"enemies":"Small Slimes","floor":2,"turns":4},{"damage":44,"enemies":"Lagavulin","floor":6,"turns":6},{"damage":12,"enemies":"3 Sentries","floor":8,"turns":4},{"damage":39,"enemies":"Lagavulin","floor":11,"turns":8},{"damage":0,"enemies":"2 Louse","floor":13,"turns":1},{"damage":35,"enemies":"Slime Boss","floor":16,"turns":12},{"damage":0,"enemies":"Spheric Guardian","floor":18,"turns":7}],"seed_played":"-8394899100554476648","potions_obtained":[{"floor":8,"key":"Energy Potion"},{"floor":13,"key":"Weak Potion"}],"is_trial":false,"path_per_floor":["M","M","?","?","$","E","R","E","T","$","E","R","M","?","R","B",null,"M"],"character_chosen":"DEFECT","items_purchased":["Runic Capacitor"],"campfire_rested":2,"item_purchase_floors":[10],"current_hp_per_floor":[65,71,55,55,55,18,41,46,46,46,14,14,14,14,40,12,69,69],"gold":230,"neow_bonus":"TEN_PERCENT_HP_BONUS","is_prod":false,"is_daily":false,"chose_seed":false,"campfire_upgraded":1,"win_rate":0,"timestamp":1568863159,"path_taken":["M","M","?","?","$","E","R","E","T","$","E","R","?","?","R","BOSS","M"],"build_version":"2019-09-18","purchased_purges":0,"victory":false,"max_hp_per_floor":[78,78,78,78,78,78,78,88,88,88,88,88,88,88,88,88,88,88],"card_choices":[{"not_picked":["Rebound","Streamline"],"picked":"Self Repair","floor":1},{"not_picked":["Hologram","Storm"],"picked":"Loop","floor":2},{"not_picked":["Turbo","Beam Cell"],"picked":"Undo","floor":6},{"not_picked":["Skim","Scrape"],"picked":"Rainbow","floor":8},{"not_picked":["Tempest","Beam Cell"],"picked":"Steam","floor":11},{"not_picked":["Beam Cell","Fusion"],"picked":"Stack","floor":13},{"not_picked":["Rainbow","Multi-Cast"],"picked":"Buffer","floor":16}],"player_experience":568148,"relics_obtained":[{"floor":6,"key":"Potion Belt"},{"floor":8,"key":"Pear"},{"floor":9,"key":"Bottled Flame"},{"floor":11,"key":"Unceasing Top"},{"floor":14,"key":"Boot"}],"event_choices":[{"damage_healed":0,"gold_gain":0,"player_choice":"Entered Light","damage_taken":16,"max_hp_gain":0,"max_hp_loss":0,"event_name":"Shining Light","floor":3,"gold_loss":0,"cards_upgraded":["Defend_B","Loop"]},{"damage_healed":0,"gold_gain":0,"player_choice":"1 cards matched","damage_taken":0,"max_hp_gain":0,"max_hp_loss":0,"event_name":"Match and Keep!","floor":4,"gold_loss":0,"cards_obtained":["Hyperbeam"]},{"damage_healed":0,"gold_gain":0,"player_choice":"Relic","damage_taken":0,"max_hp_gain":0,"max_hp_loss":0,"event_name":"Wheel of Change","floor":14,"gold_loss":0}],"is_beta":true,"boss_relics":[{"not_picked":["Philosopher\u0027s Stone","SlaversCollar"],"picked":"Pandora\u0027s Box"}],"items_purged_floors":[],"is_endless":false,"potions_floor_spawned":[8,13],"killed_by":"Spheric Guardian","ascension_level":14}