{"gold_per_floor":[113,63,79,99,29,58,58,58,58,58,58,58,75,104,104,204,204,216,216,232,244,262,262,293,309,333,333,364,364,364],"floor_reached":30,"playtime":942,"items_purged":[],"score":444,"play_id":"ac7841ec-7de1-42e7-8fbf-c64324dce384","local_time":"20190804145028","is_ascension_mode":true,"campfire_choices":[{"floor":8,"key":"REST"},{"data":"Defragment","floor":10,"key":"SMITH"},{"data":"Zap","floor":12,"key":"SMITH"},{"floor":15,"key":"REST"},{"floor":23,"key":"REST"},{"floor":27,"key":"REST"}],"neow_cost":"NONE","seed_source_timestamp":1079770241093100,"circlet_count":0,"master_deck":["AscendersBane","Strike_B+1","Strike_B+1","Strike_B+1","Defend_B+1","Defend_B+1","Defend_B+1","Defend_B+1","Zap+1","Dualcast","Coolheaded","Gash","Conserve Battery","Defragment+1","Tempest","Go for the Eyes","Sunder","Echo Form","Reinforced Body","Skim","Leap","Coolheaded","Stack","Chill","Normality","Auto Shields"],"relics":["Cursed Key","Ice Cream","Emotion Chip","Spirit Poop","Mercury Hourglass","Philosopher\u0027s Stone","Happy Flower","Bag of Marbles","Vajra"],"potions_floor_usage":[6,6,16,25,28,28],"damage_taken":[{"damage":2,"enemies":"Jaw Worm","floor":1,"turns":4},{"damage":2,"enemies":"Small Slimes","floor":3,"turns":4},{"damage":0,"enemies":"Cultist","floor":4,"turns":4},{"damage":38,"enemies":"Gremlin Nob","floor":6,"turns":6},{"damage":6,"enemies":"Exordium Thugs","floor":13,"turns":3},{"damage":20,"enemies":"3 Sentries","floor":14,"turns":5},{"damage":8,"enemies":"Slime Boss","floor":16,"turns":9},{"damage":17,"enemies":"Spheric Guardian","floor":18,"turns":4},{"damage":19,"enemies":"2 Thieves","floor":20,"turns":3},{"damage":16,"enemies":"Sentry and Sphere","floor":21,"turns":4},{"damage":10,"enemies":"Snake Plant","floor":22,"turns":5},{"damage":24,"enemies":"Book of Stabbing","floor":24,"turns":6},{"damage":0,"enemies":"Cultist and Chosen","floor":25,"turns":4},{"damage":22,"enemies":"Gremlin Leader","floor":28,"turns":6},{"damage":7,"enemies":"Shelled Parasite and Fungi","floor":30,"turns":1}],"seed_played":"-5417264358791744937","potions_obtained":[{"floor":3,"key":"EntropicBrew"},{"floor":13,"key":"FearPotion"},{"floor":18,"key":"Poison Potion"},{"floor":20,"key":"FocusPotion"},{"floor":25,"key":"LiquidBronze"}],"is_trial":false,"path_per_floor":["M","?","M","M","$","E","?","R","T","R","?","R","M","E","R","B",null,"M","?","M","M","M","R","E","M","T","R","E","?","M"],"character_chosen":"DEFECT","items_purchased":["Defragment"],"campfire_rested":4,"item_purchase_floors":[5],"current_hp_per_floor":[66,66,64,64,64,26,26,48,48,48,48,48,42,22,44,36,65,48,48,29,13,3,25,1,1,1,23,1,1,0],"gold":364,"neow_bonus":"BOSS_RELIC","is_prod":false,"is_daily":false,"chose_seed":false,"campfire_upgraded":2,"win_rate":0,"timestamp":1564926628,"path_taken":["M","?","M","M","$","E","?","R","T","R","?","R","?","E","R","BOSS","M","?","M","M","M","R","E","M","T","R","E","?","M"],"build_version":"2019-07-17","purchased_purges":0,"victory":false,"max_hp_per_floor":[75,75,75,75,75,75,75,75,75,75,75,75,75,75,75,75,75,75,75,75,75,75,75,75,75,75,75,75,75,75],"card_choices":[{"not_picked":["Compile Driver","Sweeping Beam"],"picked":"Coolheaded","floor":1},{"not_picked":["Undo","Coolheaded"],"picked":"Gash","floor":3},{"not_picked":["Lockon","Hologram"],"picked":"Conserve Battery","floor":4},{"not_picked":["Lockon","Heatsinks"],"picked":"Tempest","floor":6},{"not_picked":["Coolheaded","BootSequence"],"picked":"Go for the Eyes","floor":13},{"not_picked":["Rip and Tear","Steam"],"picked":"Sunder","floor":14},{"not_picked":["Buffer","Multi-Cast"],"picked":"Echo Form","floor":16},{"not_picked":["Storm","Reprogram+1","Go for the Eyes"],"picked":"SKIP","floor":18},{"not_picked":["Steam Power","Melter"],"picked":"Skim","floor":20},{"not_picked":["Sunder","Beam Cell"],"picked":"Leap","floor":21},{"not_picked":["Sunder","Scrape"],"picked":"Coolheaded","floor":22},{"not_picked":["Sweeping Beam","Creative AI"],"picked":"Stack","floor":24},{"not_picked":["Consume","Barrage"],"picked":"Chill","floor":25},{"not_picked":["Chaos+1","Gash"],"picked":"Auto Shields","floor":28}],"player_experience":190687,"relics_obtained":[{"floor":6,"key":"Ice Cream"},{"floor":9,"key":"Emotion Chip"},{"floor":14,"key":"Mercury Hourglass"},{"floor":24,"key":"Happy Flower"},{"floor":26,"key":"Bag of Marbles"},{"floor":28,"key":"Vajra"}],"event_choices":[{"cards_removed":["Strike_B"],"damage_healed":0,"gold_gain":0,"player_choice":"Card Removal","damage_taken":0,"max_hp_gain":0,"max_hp_loss":0,"event_name":"The Cleric","floor":2,"gold_loss":50},{"damage_healed":0,"gold_gain":0,"player_choice":"Ignored","damage_taken":0,"max_hp_gain":0,"max_hp_loss":0,"event_name":"Shining Light","floor":7,"gold_loss":0},{"cards_removed":["Writhe"],"damage_healed":0,"gold_gain":0,"player_choice":"Offered Curse","damage_taken":0,"relics_obtained":["Spirit Poop"],"max_hp_gain":0,"max_hp_loss":0,"event_name":"Bonfire Elementals","floor":11,"gold_loss":0},{"damage_healed":0,"gold_gain":0,"player_choice":"Read","damage_taken":0,"max_hp_gain":0,"max_hp_loss":0,"event_name":"The Library","floor":19,"gold_loss":0,"cards_obtained":["Reinforced Body"]},{"damage_healed":0,"gold_gain":0,"player_choice":"Simplicity","damage_taken":0,"max_hp_gain":0,"max_hp_loss":0,"event_name":"Back to Basics","floor":29,"gold_loss":0,"cards_upgraded":["Strike_B","Strike_B","Strike_B","Defend_B","Defend_B","Defend_B","Defend_B"]}],"is_beta":false,"boss_relics":[{"not_picked":["Tiny House","Orrery"],"picked":"Philosopher\u0027s Stone"}],"items_purged_floors":[],"is_endless":false,"potions_floor_spawned":[3,13,14,18,20,22,25],"killed_by":"Shelled Parasite and Fungi","ascension_level":12}