{"gold_per_floor":[118,133,147,147,162,196,209,234,261,261,281,309,325,340,340,440,440,459,471,491,510,62,62,77,108,180,180,180,207,222,137,137,236,236,256,256,256,274,293,325,342,358,358,358,18,36,48,64,64,64],"floor_reached":51,"playtime":3580,"items_purged":[],"score":774,"play_id":"cbc235b6-5880-4436-9624-95fe667d441a","local_time":"20181102054325","is_ascension_mode":false,"campfire_choices":[{"floor":10.0,"key":"REST"},{"data":"Wild Strike","floor":15.0,"key":"SMITH"},{"floor":23.0,"key":"REST"},{"floor":27,"key":"REST"},{"data":"Dual Wield","floor":32,"key":"SMITH"},{"floor":44,"key":"REST"},{"floor":49,"key":"REST"}],"neow_cost":"CURSE","seed_source_timestamp":0,"circlet_count":0,"master_deck":["Strike_R","Strike_R","Strike_R","Strike_R","Strike_R","Defend_R","Defend_R","Defend_R","Defend_R","Bash","Thinking Ahead","Swift Strike","Decay","Sever Soul","Burning Pact","Sever Soul+1","Clash","Sentinel","Anger","Metallicize+1","Wild Strike+1","Demon Form+1","Clash","Power Through","Demon Form+1","Iron Wave","Clothesline","Twin Strike","Reaper","Clash","Battle Trance","Whirlwind","Disarm+1","Dual Wield+1","Reaper","Madness","Madness","Feel No Pain+1","Evolve+1","Wild Strike","Corruption+1","Sentinel+1","Sentinel"],"special_seed":0,"relics":["Burning Blood","Question Card","Frozen Egg 2","PreservedInsect","Pen Nib","Sozu","Medical Kit","Bag of Preparation","Blood Vial","Singing Bowl","Regal Pillow","Letter Opener","Mark of Pain","FaceOfCleric","Vajra","Darkstone Periapt","Shuriken"],"potions_floor_usage":[50],"damage_taken":[{"damage":1.0,"enemies":"Cultist","floor":1.0,"turns":3.0},{"damage":6.0,"enemies":"Jaw Worm","floor":2.0,"turns":2.0},{"damage":5.0,"enemies":"2 Louse","floor":3.0,"turns":2.0},{"damage":12.0,"enemies":"Looter","floor":5.0,"turns":3.0},{"damage":34.0,"enemies":"Lagavulin","floor":6.0,"turns":6.0},{"damage":6.0,"enemies":"2 Fungi Beasts","floor":7.0,"turns":2.0},{"damage":23.0,"enemies":"Gremlin Nob","floor":8.0,"turns":4.0},{"damage":6.0,"enemies":"Exordium Thugs","floor":11.0,"turns":3.0},{"damage":5.0,"enemies":"3 Sentries","floor":12.0,"turns":6.0},{"damage":7.0,"enemies":"Exordium Wildlife","floor":13.0,"turns":4.0},{"damage":16.0,"enemies":"Gremlin Gang","floor":14.0,"turns":4.0},{"damage":25.0,"enemies":"Hexaghost","floor":16.0,"turns":7.0},{"damage":25.0,"enemies":"2 Thieves","floor":18.0,"turns":3.0},{"damage":5.0,"enemies":"Chosen","floor":19.0,"turns":4.0},{"damage":35.0,"enemies":"3 Cultists","floor":20.0,"turns":5.0},{"damage":37.0,"enemies":"Chosen and Byrds","floor":21.0,"turns":8.0},{"damage":21,"enemies":"Centurion and Healer","floor":24,"turns":4},{"damage":24,"enemies":"Book of Stabbing","floor":25,"turns":4},{"damage":24,"enemies":"Slavers","floor":29,"turns":6},{"damage":4,"enemies":"Snecko","floor":30,"turns":4},{"damage":54,"enemies":"Collector","floor":33,"turns":10},{"damage":18,"enemies":"Orb Walker","floor":35,"turns":3},{"damage":8,"enemies":"3 Shapes","floor":38,"turns":4},{"damage":1,"enemies":"Sphere and 2 Shapes","floor":39,"turns":3},{"damage":66,"enemies":"Giant Head","floor":40,"turns":9},{"damage":39,"enemies":"Transient","floor":41,"turns":5},{"damage":39,"enemies":"Jaw Worm Horde","floor":42,"turns":3},{"damage":40,"enemies":"Sphere and 2 Shapes","floor":46,"turns":6},{"damage":32,"enemies":"Transient","floor":47,"turns":5},{"damage":21,"enemies":"4 Shapes","floor":48,"turns":7},{"damage":148,"enemies":"Awakened One","floor":50,"turns":11}],"seed_played":"2557262351762213255","potions_obtained":[{"floor":1.0,"key":"Explosive Potion"},{"floor":6.0,"key":"AttackPotion"},{"floor":7.0,"key":"BloodPotion"},{"floor":8.0,"key":"Fire Potion"},{"floor":11.0,"key":"Ancient Potion"},{"floor":14.0,"key":"SmokeBomb"},{"floor":16.0,"key":"GamblersBrew"}],"is_trial":false,"path_per_floor":["M","M","M","?","M","E","M","E","T","R","M","E","M","M","R","B",null,"M","M","M","M","$","R","M","E","T","R","?","E","M","?","R","B",null,"M","?","?","M","M","E","M","M","T","R","$","M","M","M","R","B",null],"character_chosen":"IRONCLAD","items_purchased":["Medical Kit","Bag of Preparation","Clash","Battle Trance","Shuriken","Evolve+1","Wild Strike"],"campfire_rested":5,"item_purchase_floors":[22,22,22,22,45,45,45],"current_hp_per_floor":[80,80,80,80,74,46,46,29,29,53,53,54,53,43,43,24,80,61,62,41,10,10,34,45,27,27,51,77,77,82,82,82,82,82,84,73,73,87,90,52,58,40,40,84,84,56,51,50,95,50],"gold":64,"neow_bonus":"RANDOM_COLORLESS_2","is_prod":false,"is_daily":false,"chose_seed":false,"campfire_upgraded":2,"win_rate":0,"timestamp":1541151805,"path_taken":["M","M","M","?","M","E","M","E","T","R","M","E","M","M","R","BOSS","M","M","M","?","$","R","M","E","T","R","?","E","M","?","R","BOSS","M","?","?","M","M","E","M","M","T","R","$","M","?","M","R","BOSS"],"build_version":"2018-11-01v2","purchased_purges":0,"victory":true,"max_hp_per_floor":[80,80,80,80,80,80,80,80,80,80,80,80,80,80,80,80,80,80,80,80,80,80,80,80,80,80,80,80,82,82,82,82,82,82,84,84,84,87,90,93,94,97,97,97,97,98,99,100,100,101],"card_choices":[{"not_picked":["Armaments","Feel No Pain"],"picked":"Sever Soul","floor":1.0},{"not_picked":["Warcry","Sword Boomerang"],"picked":"Burning Pact","floor":2.0},{"not_picked":["Pommel Strike","Sword Boomerang"],"picked":"Sever Soul","floor":3.0},{"not_picked":["Body Slam","Infernal Blade"],"picked":"Clash","floor":5.0},{"not_picked":["Battle Trance","Flex"],"picked":"Sentinel","floor":6.0},{"not_picked":["Corruption","Perfected Strike","Heavy Blade"],"picked":"Anger","floor":7.0},{"not_picked":["Berserk","Perfected Strike","Twin Strike"],"picked":"Metallicize","floor":8.0},{"not_picked":["Cleave","Warcry","Body Slam"],"picked":"Wild Strike","floor":11.0},{"not_picked":["Perfected Strike","Thunderclap","Body Slam"],"picked":"Demon Form+1","floor":12.0},{"not_picked":["Anger","Infernal Blade","Wild Strike"],"picked":"Clash","floor":13.0},{"not_picked":["Heavy Blade","Spot Weakness","Intimidate"],"picked":"Power Through","floor":14.0},{"not_picked":["Bludgeon","Fiend Fire","Double Tap"],"picked":"Demon Form+1","floor":16.0},{"not_picked":["Headbutt","Perfected Strike","Shrug It Off"],"picked":"Iron Wave","floor":18.0},{"not_picked":["Twin Strike+1","Cleave+1","Disarm"],"picked":"Clothesline","floor":19.0},{"not_picked":["Clothesline","Anger","Cleave"],"picked":"Twin Strike","floor":20.0},{"not_picked":["Blood for Blood","Warcry+1","Headbutt"],"picked":"Reaper","floor":21.0},{"not_picked":["Heavy Blade","True Grit","Intimidate+1"],"picked":"Whirlwind","floor":24},{"not_picked":["Dropkick","Heavy Blade","Shockwave"],"picked":"Disarm+1","floor":25},{"not_picked":["Fire Breathing+1","Reckless Charge","Havoc","Rage"],"picked":"Singing Bowl","floor":29},{"not_picked":["Hemokinesis+1","Heavy Blade","Perfected Strike"],"picked":"Dual Wield","floor":30},{"not_picked":["Juggernaut+1","Bludgeon","Immolate"],"picked":"Reaper","floor":33},{"not_picked":["Uppercut","Heavy Blade+1","True Grit+1","Searing Blow"],"picked":"Singing Bowl","floor":35},{"not_picked":["Rage+1","Havoc+1","Flex+1","Anger+1"],"picked":"Singing Bowl","floor":38},{"not_picked":["Reckless Charge","Flex+1","Fire Breathing+1","Shrug It Off+1"],"picked":"Singing Bowl","floor":39},{"not_picked":["Flex+1","Pommel Strike","Perfected Strike","Shrug It Off+1"],"picked":"Singing Bowl","floor":40},{"not_picked":["Anger+1","Shrug It Off","Body Slam+1"],"picked":"Feel No Pain+1","floor":41},{"not_picked":["Spot Weakness+1","Impervious","Twin Strike+1","Clash"],"picked":"Singing Bowl","floor":42},{"not_picked":["Sever Soul+1","Sword Boomerang","Fiend Fire"],"picked":"Corruption+1","floor":46},{"not_picked":["Sword Boomerang+1","Armaments","Havoc"],"picked":"Sentinel+1","floor":47},{"not_picked":["Flex+1","Havoc+1","Bloodletting"],"picked":"Sentinel","floor":48}],"player_experience":124421,"relics_obtained":[{"floor":6.0,"key":"Question Card"},{"floor":8.0,"key":"Frozen Egg 2"},{"floor":9.0,"key":"PreservedInsect"},{"floor":12.0,"key":"Pen Nib"},{"floor":25,"key":"Blood Vial"},{"floor":26,"key":"Singing Bowl"},{"floor":29,"key":"Regal Pillow"},{"floor":40,"key":"Vajra"},{"floor":43,"key":"Darkstone Periapt"}],"event_choices":[{"damage_healed":0.0,"max_hp_gain":0.0,"max_hp_loss":0.0,"gold_gain":0.0,"event_name":"Upgrade Shrine","player_choice":"Upgraded","floor":4.0,"gold_loss":0.0,"damage_taken":0.0,"cards_upgraded":["Sever Soul"]},{"damage_healed":26,"gold_gain":0,"player_choice":"Heal","damage_taken":0,"max_hp_gain":0,"max_hp_loss":0,"event_name":"The Library","floor":28,"gold_loss":0},{"damage_healed":0,"gold_gain":0,"player_choice":"Obtained Relic","damage_taken":0,"relics_obtained":["Letter Opener"],"max_hp_gain":0,"max_hp_loss":0,"event_name":"Addict","floor":31,"gold_loss":85},{"damage_healed":0,"gold_gain":0,"player_choice":"Embrace Madness","damage_taken":11,"max_hp_gain":0,"max_hp_loss":0,"event_name":"Winding Halls","floor":36,"gold_loss":0,"cards_obtained":["Madness","Madness"]},{"damage_healed":0,"gold_gain":0,"player_choice":"Trade","damage_taken":0,"relics_obtained":["FaceOfCleric"],"max_hp_gain":0,"max_hp_loss":0,"event_name":"FaceTrader","floor":37,"gold_loss":0}],"is_beta":true,"boss_relics":[{"not_picked":["Astrolabe","Runic Pyramid"],"picked":"Sozu"},{"not_picked":["Tiny House","Black Blood"],"picked":"Mark of Pain"}],"items_purged_floors":[],"is_endless":false,"potions_floor_spawned":[1,6,7,8,11,14,16,19,21,29,33,38,40,42,47],"ascension_level":0}