{"path_per_floor":["M","M","?","M","T","E","$","E","T","M","R","E","R","$","R","B",null,"M","?","?","$","M","E","R","M","T","$"],"character_chosen":"DEFECT","items_purchased":["Stack","Stack","Glacier","Streamline","War Paint","Tiny Chest"],"gold_per_floor":[114,128,128,140,164,189,33,58,85,95,95,125,125,5,5,105,105,119,119,119,32,45,70,70,88,88,28,28],"floor_reached":28,"campfire_rested":2,"playtime":1470,"item_purchase_floors":[7,7,7,7,14,21],"current_hp_per_floor":[68,66,54,54,54,44,44,38,45,39,39,33,55,55,55,44,75,66,66,66,66,51,18,40,1,7,7,7],"items_purged":["Decay"],"gold":28,"score":292,"play_id":"16c77ff5-5ff4-410e-9cc1-6b7c0abceb3a","local_time":"20180526135217","is_prod":false,"is_daily":false,"chose_seed":false,"is_ascension_mode":true,"campfire_upgraded":2,"win_rate":0,"timestamp":1527357137,"campfire_choices":[{"data":"Streamline","floor":11,"key":"SMITH"},{"floor":13,"key":"REST"},{"data":"Capacitor","floor":15,"key":"SMITH"},{"floor":24,"key":"REST"}],"path_taken":["M","?","?","M","?","E","?","E","T","?","R","E","R","$","R","BOSS","M","?","?","$","M","E","R","M","T","$","M"],"build_version":"2018-05-25","seed_source_timestamp":561559200112292,"purchased_purges":1,"victory":false,"master_deck":["Strike_B","Strike_B","Strike_B","Strike_B","Defend_B","Defend_B+1","Defend_B","Defend_B+1","Zap","Dualcast","Machine Learning","FTL","Hello World","Ball Lightning","Ball Lightning","Stack","Stack","Glacier","Streamline+1","Cold Snap","Stack","Capacitor+1","Echo Form","Aggregate+1","Capacitor","Stack","Stack","Loop"],"max_hp_per_floor":[68,68,68,68,68,68,68,68,75,75,75,75,75,75,75,75,75,75,75,75,75,75,75,75,75,81,81,81],"relics":["Cracked Core","Lantern","Bronze Scales","The Courier","Darkstone Periapt","Strawberry","Vajra","War Paint","Cursed Key","Tiny Chest","Happy Flower","Ancient Tea Set"],"card_choices":[{"not_picked":["Multi-Cast","Core Surge"],"picked":"Machine Learning","floor":0},{"not_picked":["Hello World","Hologram"],"picked":"FTL","floor":1},{"not_picked":["Redo","Blizzard"],"picked":"Hello World","floor":2},{"not_picked":["Sunder","Coolheaded"],"picked":"Ball Lightning","floor":4},{"not_picked":["Hologram","Sweeping Beam"],"picked":"Ball Lightning","floor":6},{"not_picked":["Darkness","Sweeping Beam"],"picked":"Cold Snap","floor":8},{"not_picked":["Sweeping Beam","Hyperbeam"],"picked":"Stack","floor":10},{"not_picked":["Conserve Battery","Stack"],"picked":"Capacitor","floor":12},{"not_picked":["Biased Cognition","All For One"],"picked":"Echo Form","floor":16},{"not_picked":["Go for the Eyes","Rebound"],"picked":"Aggregate+1","floor":18},{"not_picked":["Turbo+1","Beam Cell"],"picked":"Stack","floor":22},{"not_picked":["Tempest","Sunder+1"],"picked":"Stack","floor":23},{"not_picked":["Streamline","Force Field"],"picked":"Loop","floor":25}],"player_experience":108468,"potions_floor_usage":[16,23,23,23],"damage_taken":[{"damage":0,"enemies":"Cultist","floor":1,"turns":4},{"damage":2,"enemies":"2 Louse","floor":2,"turns":2},{"damage":0,"enemies":"Small Slimes","floor":4,"turns":2},{"damage":10,"enemies":"Lagavulin","floor":6,"turns":7},{"damage":6,"enemies":"3 Sentries","floor":8,"turns":5},{"damage":6,"enemies":"3 Louse","floor":10,"turns":3},{"damage":6,"enemies":"Lagavulin","floor":12,"turns":7},{"damage":11,"enemies":"Slime Boss","floor":16,"turns":6},{"damage":9,"enemies":"Chosen","floor":18,"turns":5},{"damage":15,"enemies":"Shell Parasite","floor":22,"turns":5},{"damage":33,"enemies":"Slavers","floor":23,"turns":5},{"damage":39,"enemies":"Cultist and Chosen","floor":25,"turns":7},{"damage":0,"enemies":"Snake Plant","floor":28,"turns":1}],"relics_obtained":[{"floor":5,"key":"Bronze Scales"},{"floor":6,"key":"The Courier"},{"floor":8,"key":"Darkstone Periapt"},{"floor":9,"key":"Strawberry"},{"floor":12,"key":"Vajra"},{"floor":23,"key":"Happy Flower"},{"floor":26,"key":"Ancient Tea Set"}],"event_choices":[{"event_name":"Scrap Ooze","player_choice":"success","floor":3,"damage_taken":12},{"event_name":"The Library","player_choice":"Read","floor":19,"damage_taken":0},{"event_name":"Drug Dealer","player_choice":"Ignored","floor":20,"damage_taken":0}],"boss_relics":[{"not_picked":["Pandora\u0027s Box","Tiny House"],"picked":"Cursed Key"}],"items_purged_floors":[27],"potions_floor_spawned":[1,2,10,12,16,18,22,25],"seed_played":"6969945684594967551","killed_by":"Snake Plant","ascension_level":1,"potions_obtained":[{"floor":1,"key":"SkillPotion"},{"floor":2,"key":"Swift Potion"},{"floor":10,"key":"SpeedPotion"},{"floor":16,"key":"Ancient Potion"},{"floor":25,"key":"Ancient Potion"}],"is_trial":false}