{"gold_per_floor":[117,130,130,149,129,129,163,181,206,235,235,249,266,2,2,98,98,98,13,13,13,13,13,13,13,13,13,13,13,13,13,13,13,13,13,13,13,13,13,13,13,13,13,13,13,13,13,13,13,13],"floor_reached":51,"playtime":1714,"items_purged":[],"score":1048,"play_id":"9c42eb3a-6fc9-4ca2-bf8d-73323af3ef9d","local_time":"20190612012244","is_ascension_mode":true,"campfire_choices":[{"data":"Ball Lightning","floor":6,"key":"SMITH"},{"data":"Hologram","floor":15,"key":"SMITH"},{"floor":24,"key":"REST"},{"floor":29,"key":"REST"},{"floor":32,"key":"REST"},{"floor":41,"key":"REST"},{"floor":44,"key":"REST"},{"floor":49,"key":"REST"}],"neow_cost":"NONE","seed_source_timestamp":1857389538406300,"circlet_count":0,"master_deck":["Strike_B+1","Strike_B+1","Strike_B+1","Strike_B+1","Defend_B+1","Defend_B+1","Defend_B+1","Defend_B+1","Zap+1","Dualcast","Blizzard","Self Repair","Ball Lightning+1","Electrodynamics","Steam","Auto Shields","Parasite","Hologram+1","Undo","Ball Lightning","Biased Cognition","Coolheaded","White Noise","Loop","Glacier+1","Melter+1","Cold Snap","Creative AI","Cold Snap+1","Parasite"],"relics":["Cracked Core","War Paint","Smiling Mask","PreservedInsect","Art of War","Bottled Tornado","Ectoplasm","Pantograph","Blue Candle","Happy Flower","Bottled Flame","Singing Bowl","Fusion Hammer","Incense Burner","Juzu Bracelet","Bag of Preparation"],"potions_floor_usage":[7,16,25,25,33,46,50,50,50],"damage_taken":[{"damage":0,"enemies":"2 Louse","floor":1,"turns":2},{"damage":7,"enemies":"Small Slimes","floor":2,"turns":3},{"damage":6,"enemies":"Cultist","floor":4,"turns":3},{"damage":18,"enemies":"Gremlin Nob","floor":7,"turns":3},{"damage":10,"enemies":"3 Louse","floor":8,"turns":3},{"damage":10,"enemies":"3 Sentries","floor":10,"turns":3},{"damage":0,"enemies":"2 Fungi Beasts","floor":12,"turns":3},{"damage":15,"enemies":"Blue Slaver","floor":13,"turns":3},{"damage":50,"enemies":"Hexaghost","floor":16,"turns":10},{"damage":14,"enemies":"Shell Parasite","floor":18,"turns":4},{"damage":25,"enemies":"Chosen","floor":20,"turns":5},{"damage":12,"enemies":"Snecko","floor":22,"turns":5},{"damage":16,"enemies":"Slavers","floor":23,"turns":3},{"damage":5,"enemies":"Book of Stabbing","floor":25,"turns":6},{"damage":17,"enemies":"Snake Plant","floor":30,"turns":5},{"damage":31,"enemies":"Slavers","floor":31,"turns":3},{"damage":25,"enemies":"Champ","floor":33,"turns":13},{"damage":5,"enemies":"3 Darklings","floor":35,"turns":3},{"damage":9,"enemies":"3 Shapes","floor":37,"turns":2},{"damage":48,"enemies":"2 Orb Walkers","floor":38,"turns":4},{"damage":21,"enemies":"Reptomancer","floor":40,"turns":4},{"damage":0,"enemies":"Sphere and 2 Shapes","floor":42,"turns":2},{"damage":5,"enemies":"Writhing Mass","floor":46,"turns":8},{"damage":7,"enemies":"Transient","floor":48,"turns":5},{"damage":71,"enemies":"Time Eater","floor":50,"turns":12}],"seed_played":"-7678886561950843170","potions_obtained":[{"floor":2,"key":"PowerPotion"},{"floor":4,"key":"Strength Potion"},{"floor":5,"key":"EssenceOfSteel"},{"floor":10,"key":"Poison Potion"},{"floor":23,"key":"AttackPotion"},{"floor":30,"key":"SneckoOil"},{"floor":31,"key":"PowerPotion"},{"floor":38,"key":"LiquidBronze"},{"floor":46,"key":"GamblersBrew"}],"is_trial":false,"path_per_floor":["M","M","?","M","?","R","E","M","T","E","?","M","M","$","R","B",null,"M","?","M","?","M","E","R","E","T","?","$","R","M","E","R","B",null,"M","?","M","?","$","E","R","M","T","R","?","M","$","M","R","B",null],"character_chosen":"DEFECT","items_purchased":["Bottled Tornado","Ball Lightning"],"campfire_rested":6,"item_purchase_floors":[14,14],"current_hp_per_floor":[68,61,66,67,67,67,56,46,46,36,56,63,55,55,55,12,63,56,56,38,38,33,24,48,50,50,35,35,60,50,28,54,61,81,78,78,76,30,30,11,38,40,40,68,70,74,74,83,101,37],"gold":13,"neow_bonus":"RANDOM_COMMON_RELIC","is_prod":false,"is_daily":false,"chose_seed":false,"campfire_upgraded":2,"win_rate":0,"timestamp":1560298964,"path_taken":["M","M","?","M","?","R","E","?","T","E","?","M","M","$","R","BOSS","M","?","M","?","M","E","R","E","T","?","?","R","?","E","R","BOSS","M","?","?","?","$","E","R","M","T","R","?","M","?","M","R","BOSS"],"build_version":"2019-01-23","purchased_purges":0,"victory":true,"max_hp_per_floor":[75,75,80,80,80,80,80,80,80,80,80,80,80,80,80,80,80,80,80,80,80,80,80,80,80,80,85,85,85,85,87,87,87,87,89,89,89,91,91,93,93,95,95,95,97,99,99,101,101,101],"card_choices":[{"not_picked":["Redo","Barrage"],"picked":"Blizzard","floor":1},{"not_picked":["Redo","Barrage"],"picked":"Self Repair","floor":2},{"not_picked":["Static Discharge","Storm"],"picked":"Ball Lightning","floor":4},{"not_picked":["BootSequence","Steam"],"picked":"Electrodynamics","floor":7},{"not_picked":["Go for the Eyes","Doom and Gloom"],"picked":"Steam","floor":8},{"not_picked":["Sweeping Beam","Rebound"],"picked":"Auto Shields","floor":10},{"not_picked":["Double Energy","Go for the Eyes"],"picked":"Hologram","floor":12},{"not_picked":["Barrage","Steam"],"picked":"Undo","floor":13},{"not_picked":["Hyperbeam","Seek"],"picked":"Biased Cognition","floor":16},{"not_picked":["Aggregate","Ball Lightning"],"picked":"Coolheaded","floor":18},{"not_picked":["Ball Lightning+1","Go for the Eyes"],"picked":"White Noise","floor":20},{"not_picked":["Redo+1","Barrage"],"picked":"Loop","floor":22},{"not_picked":["Reboot","Consume"],"picked":"Glacier+1","floor":23},{"not_picked":["Reprogram","Steam+1"],"picked":"Melter+1","floor":25},{"not_picked":["Hello World","Streamline+1"],"picked":"Cold Snap","floor":30},{"not_picked":["Auto Shields","Electrodynamics","Skim+1"],"picked":"Singing Bowl","floor":31},{"not_picked":["Meteor Strike","Seek"],"picked":"Creative AI","floor":33},{"not_picked":["Coolheaded+1","Redo+1","Leap"],"picked":"Singing Bowl","floor":35},{"not_picked":["Turbo+1","FTL"],"picked":"Cold Snap+1","floor":37},{"not_picked":["Streamline+1","Barrage+1","Force Field+1"],"picked":"Singing Bowl","floor":38},{"not_picked":["Blizzard","Steam","Reboot"],"picked":"Singing Bowl","floor":40},{"not_picked":["Leap","Aggregate","Turbo+1"],"picked":"Singing Bowl","floor":42},{"not_picked":["Secret Technique","Impatience","Madness"],"picked":"Singing Bowl","floor":45},{"not_picked":["Rebound","Ball Lightning+1","BootSequence"],"picked":"Singing Bowl","floor":46},{"not_picked":["Heatsinks","Go for the Eyes+1","Streamline+1"],"picked":"Singing Bowl","floor":48}],"player_experience":146739,"relics_obtained":[{"floor":7,"key":"Smiling Mask"},{"floor":9,"key":"PreservedInsect"},{"floor":10,"key":"Art of War"},{"floor":23,"key":"Blue Candle"},{"floor":25,"key":"Happy Flower"},{"floor":26,"key":"Bottled Flame"},{"floor":31,"key":"Singing Bowl"},{"floor":38,"key":"Incense Burner"},{"floor":40,"key":"Juzu Bracelet"},{"floor":43,"key":"Bag of Preparation"}],"event_choices":[{"damage_healed":0,"gold_gain":0,"player_choice":"Donut","damage_taken":0,"max_hp_gain":5,"max_hp_loss":0,"event_name":"Big Fish","floor":3,"gold_loss":0},{"damage_healed":0,"gold_gain":0,"player_choice":"Bought 1 Potion","damage_taken":0,"max_hp_gain":0,"max_hp_loss":0,"event_name":"The Woman in Blue","floor":5,"gold_loss":0},{"damage_healed":20,"gold_gain":0,"player_choice":"Healed and dodged fight","damage_taken":0,"max_hp_gain":0,"max_hp_loss":0,"event_name":"Mushrooms","floor":11,"gold_loss":0,"cards_obtained":["Parasite"]},{"damage_healed":0,"gold_gain":0,"player_choice":"Obtained Relic","damage_taken":0,"relics_obtained":["Pantograph"],"max_hp_gain":0,"max_hp_loss":0,"event_name":"Addict","floor":19,"gold_loss":85},{"damage_healed":0,"gold_gain":0,"player_choice":"Simplicity","damage_taken":0,"max_hp_gain":0,"max_hp_loss":0,"event_name":"Back to Basics","floor":21,"gold_loss":0,"cards_upgraded":["Strike_B","Strike_B","Strike_B","Strike_B","Defend_B","Defend_B","Defend_B"]},{"damage_healed":0,"gold_gain":0,"player_choice":"Shed Blood","damage_taken":20,"max_hp_gain":5,"max_hp_loss":0,"event_name":"Forgotten Altar","floor":27,"gold_loss":0},{"damage_healed":0,"gold_gain":0,"player_choice":"Ignored","damage_taken":0,"max_hp_gain":0,"max_hp_loss":0,"event_name":"SecretPortal","floor":36,"gold_loss":0},{"damage_healed":0,"gold_gain":0,"player_choice":"Fight","damage_taken":0,"max_hp_gain":0,"max_hp_loss":0,"event_name":"Mysterious Sphere","floor":38,"gold_loss":0},{"damage_healed":0,"gold_gain":0,"player_choice":"Memory 1","damage_taken":0,"max_hp_gain":0,"max_hp_loss":0,"event_name":"SensoryStone","floor":45,"gold_loss":0}],"is_beta":false,"boss_relics":[{"not_picked":["Eternal Feather","Velvet Choker"],"picked":"Ectoplasm"},{"not_picked":["Philosopher\u0027s Stone","Sozu"],"picked":"Fusion Hammer"}],"items_purged_floors":[],"is_endless":false,"potions_floor_spawned":[2,4,10,12,13,23,30,31,38,46,48],"ascension_level":8}