{"gold_per_floor":[113,113,113,63,63,103,103,103,103,124,142,142,14,28,28,28],"floor_reached":16,"playtime":362,"items_purged":[],"score":132,"play_id":"e182a030-ba0a-4e08-852b-6a059e83eb64","local_time":"20190606164212","is_ascension_mode":true,"campfire_choices":[{"floor":7,"key":"REST"},{"data":"Genetic Algorithm","floor":8,"key":"SMITH"},{"data":"Defragment","floor":15,"key":"SMITH"}],"neow_cost":"PERCENT_DAMAGE","seed_source_timestamp":1395510564893200,"circlet_count":0,"master_deck":["Strike_B","Strike_B","Defend_B","Defend_B","Defend_B","Defend_B","Zap","Dualcast","Electrodynamics","Go for the Eyes","Genetic Algorithm+1","BootSequence","Beam Cell","Defragment+1","Chill"],"relics":["Cracked Core","Golden Idol","Sundial","WingedGreaves","Unceasing Top"],"potions_floor_usage":[16],"damage_taken":[{"damage":0,"enemies":"Cultist","floor":1,"turns":3},{"damage":25,"enemies":"Lagavulin","floor":6,"turns":8},{"damage":5,"enemies":"Jaw Worm","floor":10,"turns":3},{"damage":0,"enemies":"2 Louse","floor":11,"turns":2},{"damage":9,"enemies":"Looter","floor":14,"turns":4},{"damage":49,"enemies":"Hexaghost","floor":16,"turns":12}],"seed_played":"2682577341982302005","potions_obtained":[{"floor":11,"key":"Ancient Potion"},{"floor":14,"key":"Strength Potion"}],"is_trial":false,"path_per_floor":["M","?","T","?","?","E","R","R","T","M","M","?","$","M","R","B"],"character_chosen":"DEFECT","items_purchased":["Beam Cell","Defragment"],"campfire_rested":1,"item_purchase_floors":[13,13],"current_hp_per_floor":[50,50,50,50,43,18,38,38,38,33,33,56,56,47,47,0],"gold":28,"neow_bonus":"THREE_RARE_CARDS","is_prod":false,"is_daily":false,"chose_seed":false,"campfire_upgraded":2,"win_rate":0,"timestamp":1559835732,"path_taken":["M","?","?","?","?","E","R","R","T","M","M","?","$","M","R","BOSS"],"build_version":"2019-01-23","purchased_purges":0,"victory":false,"max_hp_per_floor":[75,69,69,69,69,69,69,69,69,69,69,69,69,69,69,69],"card_choices":[{"not_picked":["Biased Cognition","Buffer"],"picked":"Electrodynamics","floor":0},{"not_picked":["Redo","Turbo"],"picked":"Go for the Eyes","floor":1},{"not_picked":["Barrage","Aggregate"],"picked":"Genetic Algorithm","floor":6},{"not_picked":["FTL","Rebound"],"picked":"BootSequence","floor":10},{"not_picked":["Stack","Reprogram","Redo"],"picked":"SKIP","floor":11},{"not_picked":["Streamline","Stack"],"picked":"Chill","floor":14}],"player_experience":132761,"relics_obtained":[{"floor":3,"key":"Sundial"},{"floor":6,"key":"WingedGreaves"},{"floor":9,"key":"Unceasing Top"}],"event_choices":[{"damage_healed":0,"gold_gain":0,"player_choice":"Lose Max HP","damage_taken":0,"relics_obtained":["Golden Idol"],"max_hp_gain":0,"max_hp_loss":6,"event_name":"Golden Idol","floor":2,"gold_loss":0},{"cards_removed":["Strike_B"],"damage_healed":0,"gold_gain":0,"player_choice":"Card Removal","damage_taken":0,"max_hp_gain":0,"max_hp_loss":0,"event_name":"The Cleric","floor":4,"gold_loss":50},{"cards_removed":["Strike_B"],"damage_healed":0,"gold_gain":0,"player_choice":"Card Removal","damage_taken":7,"max_hp_gain":0,"max_hp_loss":0,"event_name":"Golden Wing","floor":5,"gold_loss":0},{"damage_healed":23,"gold_gain":0,"player_choice":"Banana","damage_taken":0,"max_hp_gain":0,"max_hp_loss":0,"event_name":"Big Fish","floor":12,"gold_loss":0}],"is_beta":false,"boss_relics":[],"items_purged_floors":[],"is_endless":false,"potions_floor_spawned":[11,14],"killed_by":"Hexaghost","ascension_level":7}