{"gold_per_floor":[114,129,141,159,173,173,203,203,203,267,279,307,65,97,97,173,173,183,183,197,215,233,233,252,278,278,278],"floor_reached":27,"playtime":2751,"items_purged":["Strike_B"],"score":513,"play_id":"adf8731d-85d8-4022-b0a7-deb3fea92b1e","local_time":"20190925034036","is_ascension_mode":true,"campfire_choices":[{"data":"Go for the Eyes","floor":6.0,"key":"SMITH"},{"floor":8.0,"key":"REST"},{"floor":15.0,"key":"REST"},{"data":"Electrodynamics","floor":23.0,"key":"SMITH"}],"neow_cost":"NONE","seed_source_timestamp":1401132374647420,"circlet_count":0,"master_deck":["AscendersBane","Strike_B","Strike_B","Strike_B","Defend_B","Defend_B","Defend_B","Defend_B","Zap","Dualcast","Lockon","Undo","Doom and Gloom","Electrodynamics+1","Go for the Eyes+1","Cold Snap","White Noise","Thunder Strike","Sunder","Sunder","Sunder+1"],"special_seed":0,"relics":["Cracked Core","Dodecahedron","Mummified Hand","Singing Bowl","Kunai","Bronze Scales","Snecko Eye","Pen Nib","Meat on the Bone"],"potions_floor_usage":[25,25],"damage_taken":[{"damage":7.0,"enemies":"Small Slimes","floor":1.0,"turns":3.0},{"damage":4.0,"enemies":"Jaw Worm","floor":2.0,"turns":4.0},{"damage":1.0,"enemies":"Cultist","floor":3.0,"turns":3.0},{"damage":6.0,"enemies":"Gremlin Gang","floor":4.0,"turns":3.0},{"damage":1.0,"enemies":"Looter","floor":5.0,"turns":4.0},{"damage":15.0,"enemies":"3 Sentries","floor":7.0,"turns":3.0},{"damage":39.0,"enemies":"Gremlin Nob","floor":10.0,"turns":4.0},{"damage":0.0,"enemies":"Blue Slaver","floor":11.0,"turns":3.0},{"damage":8.0,"enemies":"Gremlin Nob","floor":12.0,"turns":3.0},{"damage":5.0,"enemies":"3 Sentries","floor":14.0,"turns":2.0},{"damage":19.0,"enemies":"The Guardian","floor":16.0,"turns":11.0},{"damage":14.0,"enemies":"Shell Parasite","floor":18.0,"turns":4.0},{"damage":0.0,"enemies":"Spheric Guardian","floor":20.0,"turns":3.0},{"damage":12.0,"enemies":"Shelled Parasite and Fungi","floor":21.0,"turns":3.0},{"damage":0.0,"enemies":"Sentry and Sphere","floor":22.0,"turns":3.0},{"damage":18.0,"enemies":"Snake Plant","floor":24.0,"turns":4.0},{"damage":35,"enemies":"Slavers","floor":25,"turns":4},{"damage":22,"enemies":"Book of Stabbing","floor":27,"turns":2}],"seed_played":"-5466285440994343183","potions_obtained":[{"floor":2.0,"key":"Explosive Potion"},{"floor":7.0,"key":"Explosive Potion"},{"floor":11.0,"key":"Explosive Potion"},{"floor":16.0,"key":"Regen Potion"},{"floor":18.0,"key":"FocusPotion"},{"floor":19.0,"key":"Fruit Juice"},{"floor":19.0,"key":"Strength Potion"},{"floor":22.0,"key":"SteroidPotion"},{"floor":24.0,"key":"SpeedPotion"}],"is_trial":false,"path_per_floor":["M","M","M","M","M","R","E","R","T","?","M","E","$","E","R","B",null,"M","?","M","M","M","R","M","E","T","E"],"character_chosen":"DEFECT","items_purchased":["Regen Potion","White Noise"],"campfire_rested":2,"item_purchase_floors":[13,13],"current_hp_per_floor":[64,60,59,53,52,52,37,60,60,23,23,17,17,19,44,25,69,57,62,62,52,52,52,46,13,13,0],"gold":278,"neow_bonus":"TEN_PERCENT_HP_BONUS","is_prod":false,"is_daily":false,"chose_seed":false,"campfire_upgraded":2,"win_rate":0,"timestamp":1569397236,"path_taken":["M","M","M","M","M","R","E","R","T","?","M","E","?","E","R","BOSS","M","?","?","M","?","R","M","E","T","E"],"build_version":"2019-07-17","purchased_purges":1,"victory":false,"max_hp_per_floor":[78,78,78,78,78,78,78,78,78,80,80,82,82,84,84,84,84,86,91,91,93,93,93,93,95,95,95],"card_choices":[{"not_picked":["Hologram","Compile Driver"],"picked":"Lockon","floor":1.0},{"not_picked":["Gash","BootSequence"],"picked":"Undo","floor":2.0},{"not_picked":["Beam Cell","Conserve Battery"],"picked":"Doom and Gloom","floor":3.0},{"not_picked":["Cold Snap","Compile Driver"],"picked":"Electrodynamics","floor":4.0},{"not_picked":["Streamline","Leap"],"picked":"Go for the Eyes","floor":5.0},{"not_picked":["Steam","Rebound","Gash"],"picked":"SKIP","floor":7.0},{"not_picked":["Hologram","Barrage","Leap"],"picked":"Singing Bowl","floor":10.0},{"not_picked":["Conserve Battery","Steam"],"picked":"Cold Snap","floor":11.0},{"not_picked":["Electrodynamics","Cold Snap","Reprogram"],"picked":"Singing Bowl","floor":12.0},{"not_picked":["Auto Shields","Hologram","Cold Snap"],"picked":"Singing Bowl","floor":14.0},{"not_picked":["Core Surge","Meteor Strike"],"picked":"Thunder Strike","floor":16.0},{"not_picked":["Cold Snap","Consume","Rebound+1"],"picked":"Singing Bowl","floor":18.0},{"not_picked":["Doom and Gloom","Steam Power"],"picked":"Sunder","floor":20.0},{"not_picked":["Consume","Auto Shields","Conserve Battery"],"picked":"Singing Bowl","floor":21.0},{"not_picked":["Barrage","Capacitor"],"picked":"Sunder","floor":22.0},{"not_picked":["Chaos+1","Blizzard"],"picked":"Sunder+1","floor":24.0},{"not_picked":["Ball Lightning","Hologram","Stack+1"],"picked":"Singing Bowl","floor":25}],"player_experience":409325,"relics_obtained":[{"floor":7.0,"key":"Dodecahedron"},{"floor":9.0,"key":"Mummified Hand"},{"floor":10.0,"key":"Singing Bowl"},{"floor":12.0,"key":"Kunai"},{"floor":14.0,"key":"Bronze Scales"},{"floor":25,"key":"Pen Nib"},{"floor":26,"key":"Meat on the Bone"}],"event_choices":[{"damage_healed":0.0,"max_hp_gain":0.0,"max_hp_loss":0.0,"gold_gain":0.0,"event_name":"Dead Adventurer","player_choice":"Searched \u00272\u0027 times","floor":10.0,"gold_loss":0.0,"damage_taken":0.0},{"damage_healed":0.0,"max_hp_gain":0.0,"max_hp_loss":0.0,"gold_gain":0.0,"event_name":"Lab","player_choice":"Got Potions","floor":19.0,"gold_loss":0.0,"damage_taken":0.0}],"is_beta":false,"boss_relics":[{"not_picked":["Calling Bell","Lizard Tail"],"picked":"Snecko Eye"}],"items_purged_floors":[13],"is_endless":false,"potions_floor_spawned":[2,7,11,16,18,22,24],"killed_by":"Book of Stabbing","ascension_level":18}