{"gold_per_floor":[118,293,313,78,98,124,124,124,124,199,255,67,86,99,99,194,194,212,212,224,241,260,289,289,14,14,32,32,48,48,60,60,164,164,179,179,195,207,225,225,225,245,271,291,291,303,303,303,303,303],"floor_reached":51,"playtime":3912,"items_purged":["Normality"],"score":648,"play_id":"703a00ad-6d33-4f5c-ac00-5849e2fd36cd","local_time":"20181212220044","is_ascension_mode":false,"campfire_choices":[{"data":"Discovery","floor":7.0,"key":"SMITH"},{"data":"Streamline","floor":15.0,"key":"SMITH"},{"floor":24.0,"key":"REST"},{"data":"Apotheosis","floor":30.0,"key":"SMITH"},{"floor":32.0,"key":"REST"},{"data":"White Noise","floor":41,"key":"SMITH"},{"data":"Glacier","floor":45,"key":"SMITH"},{"data":"Amplify","floor":47,"key":"SMITH"},{"data":"White Noise","floor":49,"key":"SMITH"}],"neow_cost":"CURSE","seed_source_timestamp":0,"circlet_count":0,"master_deck":["Zap","Dualcast","Discovery+1","Flash of Steel","Beam Cell","Go for the Eyes","All For One","Reprogram","Conserve Battery","Glacier+1","Apotheosis+1","Gash","Streamline+1","Echo Form+1","Streamline","Skim","Sweeping Beam","BootSequence","Defragment+1","Leap","Double Energy","Conserve Battery","Auto Shields","Turbo","White Noise+1","Loop+1","Aggregate","Loop+1","Sweeping Beam","Leap","Amplify+1","Buffer+1","FTL+1","Scrape","Turbo+1","White Noise+1","Hologram","Cold Snap","Storm+1"],"special_seed":0,"relics":["Cracked Core","Question Card","Happy Flower","Frozen Egg 2","Pandora\u0027s Box","Pantograph","Strange Spoon","Gremlin Horn","Coffee Dripper","Strawberry"],"potions_floor_usage":[44,50,50],"damage_taken":[{"damage":8.0,"enemies":"Small Slimes","floor":1.0,"turns":3.0},{"damage":1.0,"enemies":"Jaw Worm","floor":3.0,"turns":3.0},{"damage":0.0,"enemies":"Cultist","floor":5.0,"turns":4.0},{"damage":9.0,"enemies":"3 Sentries","floor":6.0,"turns":5.0},{"damage":0.0,"enemies":"Looter","floor":13.0,"turns":2.0},{"damage":2.0,"enemies":"Blue Slaver","floor":14.0,"turns":3.0},{"damage":8.0,"enemies":"The Guardian","floor":16.0,"turns":9.0},{"damage":7.0,"enemies":"2 Thieves","floor":18.0,"turns":4.0},{"damage":0.0,"enemies":"Spheric Guardian","floor":20.0,"turns":6.0},{"damage":6.0,"enemies":"Snake Plant","floor":21.0,"turns":4.0},{"damage":0.0,"enemies":"Centurion and Healer","floor":22.0,"turns":5.0},{"damage":32.0,"enemies":"Gremlin Leader","floor":23.0,"turns":8.0},{"damage":9.0,"enemies":"Shelled Parasite and Fungi","floor":27.0,"turns":5.0},{"damage":0.0,"enemies":"Chosen and Byrds","floor":29.0,"turns":5.0},{"damage":3.0,"enemies":"3 Cultists","floor":31.0,"turns":3.0},{"damage":18.0,"enemies":"Automaton","floor":33.0,"turns":12.0},{"damage":2.0,"enemies":"Orb Walker","floor":35.0,"turns":4.0},{"damage":9.0,"enemies":"3 Shapes","floor":37.0,"turns":4.0},{"damage":0.0,"enemies":"Maw","floor":38.0,"turns":7.0},{"damage":12.0,"enemies":"Transient","floor":39.0,"turns":5.0},{"damage":8,"enemies":"Sphere and 2 Shapes","floor":42,"turns":6},{"damage":17,"enemies":"Jaw Worm Horde","floor":44,"turns":3},{"damage":0,"enemies":"Transient","floor":46,"turns":5},{"damage":28,"enemies":"Awakened One","floor":50,"turns":7}],"seed_played":"4260405948348259728","potions_obtained":[{"floor":3.0,"key":"EssenceOfSteel"},{"floor":13.0,"key":"FearPotion"},{"floor":16.0,"key":"Weak Potion"},{"floor":18.0,"key":"Explosive Potion"},{"floor":20.0,"key":"SkillPotion"},{"floor":23.0,"key":"Fire Potion"},{"floor":27.0,"key":"Explosive Potion"},{"floor":29.0,"key":"Regen Potion"},{"floor":39.0,"key":"AttackPotion"},{"floor":46,"key":"Explosive Potion"}],"is_trial":false,"path_per_floor":["M","?","M","$","M","E","R","?","T","?","?","$","M","M","R","B",null,"M","?","M","M","M","E","R","$","T","M","?","M","R","M","R","B",null,"M","?","M","M","M","?","R","M","T","M","R","M","R","?","R","B",null],"character_chosen":"DEFECT","items_purchased":["All For One","Reprogram","Apotheosis","Loop+1","Strange Spoon"],"campfire_rested":2,"item_purchase_floors":[4,4,12,25,25],"current_hp_per_floor":[67,67,66,66,66,57,57,39,39,28,28,28,28,26,26,18,75,68,68,68,62,62,30,52,52,52,43,43,43,43,40,62,57,75,73,73,64,64,52,52,52,44,51,34,34,34,34,72,72,58],"gold":303,"neow_bonus":"RANDOM_COLORLESS_2","is_prod":false,"is_daily":false,"chose_seed":false,"campfire_upgraded":7,"win_rate":0,"timestamp":1544670044,"path_taken":["M","?","M","$","M","E","R","?","T","?","?","$","M","M","R","BOSS","M","?","M","M","M","E","R","$","T","?","?","M","R","M","R","BOSS","M","?","?","M","M","?","R","M","T","M","R","M","R","?","R","BOSS"],"build_version":"2018-12-06","purchased_purges":1,"victory":true,"max_hp_per_floor":[75,75,75,75,75,75,75,75,75,75,75,75,75,75,75,75,75,75,75,75,75,75,75,75,75,75,75,75,75,75,75,75,75,75,75,75,75,75,75,75,75,75,82,82,82,82,82,72,72,72],"card_choices":[{"not_picked":["Sweeping Beam","Go for the Eyes"],"picked":"Beam Cell","floor":1.0},{"not_picked":["Cold Snap","Chaos"],"picked":"Go for the Eyes","floor":3.0},{"not_picked":["Genetic Algorithm","Consume"],"picked":"Conserve Battery","floor":5.0},{"not_picked":["Rip and Tear","Loop"],"picked":"Glacier","floor":6.0},{"not_picked":["Reprogram","Leap","Coolheaded"],"picked":"Gash","floor":13.0},{"not_picked":["Ball Lightning","Tempest","Chill"],"picked":"Streamline","floor":14.0},{"not_picked":["Amplify","Rainbow","Seek"],"picked":"Echo Form+1","floor":16.0},{"not_picked":["Steam Power+1","Steam","Cold Snap+1"],"picked":"Auto Shields","floor":18.0},{"not_picked":["Redo","Ball Lightning","Rip and Tear"],"picked":"Turbo","floor":20.0},{"not_picked":["Hello World+1","Beam Cell","Turbo"],"picked":"White Noise","floor":21.0},{"not_picked":["Rainbow","Steam","Sweeping Beam+1"],"picked":"Loop+1","floor":22.0},{"not_picked":["Redo","Ball Lightning","Compile Driver+1"],"picked":"Aggregate","floor":23.0},{"not_picked":["Steam","Genetic Algorithm","Streamline"],"picked":"Sweeping Beam","floor":27.0},{"not_picked":["Consume","Blizzard","Streamline"],"picked":"Leap","floor":29.0},{"not_picked":["Leap","Loop+1","Stack"],"picked":"Amplify","floor":31.0},{"not_picked":["Fission","Core Surge","Hyperbeam"],"picked":"Buffer+1","floor":33.0},{"not_picked":["Hologram","Streamline","Static Discharge+1"],"picked":"FTL+1","floor":35.0},{"not_picked":["Rip and Tear+1","Lockon","Blizzard+1"],"picked":"Scrape","floor":37.0},{"not_picked":["Streamline+1","Electrodynamics+1","Double Energy"],"picked":"Turbo+1","floor":38.0},{"not_picked":["Stack","Compile Driver+1","Hello World+1"],"picked":"White Noise","floor":39.0},{"not_picked":["Self Repair+1","Coolheaded","Leap+1"],"picked":"Hologram","floor":42},{"not_picked":["Compile Driver","Gash","Stack"],"picked":"Cold Snap","floor":44},{"not_picked":["Aggregate","Heatsinks+1","Skim"],"picked":"Storm+1","floor":46}],"player_experience":360627,"relics_obtained":[{"floor":6.0,"key":"Question Card"},{"floor":9.0,"key":"Frozen Egg 2"},{"floor":23.0,"key":"Pantograph"},{"floor":26.0,"key":"Gremlin Horn"},{"floor":43,"key":"Strawberry"}],"event_choices":[{"damage_healed":0.0,"max_hp_gain":0.0,"max_hp_loss":0.0,"gold_gain":175.0,"event_name":"Liars Game","player_choice":"AGREE","floor":2.0,"gold_loss":0.0,"damage_taken":0.0,"cards_obtained":["Doubt"]},{"damage_healed":0.0,"max_hp_gain":0.0,"max_hp_loss":0.0,"gold_gain":0.0,"event_name":"Scrap Ooze","player_choice":"Success","floor":8.0,"gold_loss":0.0,"damage_taken":18.0,"relics_obtained":["Happy Flower"]},{"damage_healed":0.0,"max_hp_gain":0.0,"max_hp_loss":0.0,"gold_gain":75.0,"event_name":"World of Goop","player_choice":"Gather Gold","floor":10.0,"gold_loss":0.0,"damage_taken":11.0},{"damage_healed":0.0,"max_hp_gain":0.0,"max_hp_loss":0.0,"gold_gain":56.0,"event_name":"Golden Wing","player_choice":"Gained Gold","floor":11.0,"gold_loss":0.0,"damage_taken":0.0},{"cards_removed":["Doubt"],"damage_healed":0.0,"max_hp_gain":0.0,"max_hp_loss":0.0,"gold_gain":0.0,"event_name":"Purifier","player_choice":"Purged","floor":19.0,"gold_loss":0.0,"damage_taken":0.0},{"damage_healed":0.0,"max_hp_gain":0.0,"max_hp_loss":0.0,"gold_gain":0.0,"event_name":"Ghosts","player_choice":"Ignored","floor":28.0,"gold_loss":0.0,"damage_taken":0.0},{"damage_healed":0.0,"max_hp_gain":0.0,"max_hp_loss":0.0,"gold_gain":0.0,"event_name":"SecretPortal","player_choice":"Ignored","floor":36.0,"gold_loss":0.0,"damage_taken":0.0},{"damage_healed":0,"gold_gain":0,"player_choice":"Ignored","damage_taken":0,"max_hp_gain":0,"max_hp_loss":0,"event_name":"Mysterious Sphere","floor":40,"gold_loss":0},{"damage_healed":72,"gold_gain":0,"player_choice":"Heal","damage_taken":0,"max_hp_gain":0,"max_hp_loss":10,"event_name":"The Moai Head","floor":48,"gold_loss":0}],"is_beta":false,"boss_relics":[{"not_picked":["Eternal Feather","Ectoplasm"],"picked":"Pandora\u0027s Box"},{"not_picked":["Tiny House","Black Star"],"picked":"Coffee Dripper"}],"items_purged_floors":[4],"is_endless":false,"potions_floor_spawned":[3,13,16,18,20,23,27,29,39,42,46],"ascension_level":0}