{"gold_per_floor":[144,189,264,309,224,224,269,314,314,314,332,377,377,422,422,722,722,767,812,812,857,902,407,407,407,407,407,452,542,587,632,632,932,932,977,1277,1277,1322,1367,1367,1367,1367,1367,1367,1457,1457,357,357,357,357],"floor_reached":51,"playtime":1949,"items_purged":["Pain"],"score":839,"play_id":"7eba24d7-e378-4b04-9e35-907275028d78","local_time":"20190611021530","daily_mods":["Draft","Blue Cards","Midas"],"is_ascension_mode":false,"campfire_choices":[{"floor":6,"key":"REST"},{"floor":13,"key":"REST"},{"floor":15,"key":"REST"},{"floor":24,"key":"REST"},{"floor":32,"key":"REST"},{"floor":40,"key":"DIG"},{"floor":42,"key":"DIG"},{"floor":44,"key":"DIG"},{"floor":46,"key":"DIG"},{"floor":49,"key":"DIG"}],"neow_cost":"","seed_source_timestamp":0,"circlet_count":0,"master_deck":["True Grit+1","Shrug It Off","Perfected Strike","Perfected Strike","Clothesline+1","Perfected Strike","Feel No Pain","Twin Strike","Headbutt","Perfected Strike","FTL","Rampage","Shrug It Off","Cold Snap+1","Coolheaded+1","Pommel Strike","Cold Snap","Flame Barrier","Feel No Pain","Steam","Gash","Conserve Battery","Offering","Heavy Blade+1","Uppercut","Glacier+1","Perfected Strike","Pommel Strike+1","Carnage+1","All For One+1","Loop"],"special_seed":18058,"relics":["Black Blood","Bird Faced Urn","Thread and Needle","Odd Mushroom","Snecko Eye","Magic Flower","Lantern","Question Card","Dodecahedron","Molten Egg 2","Shovel","WarpedTongs","Happy Flower","The Courier","Gambling Chip","Self Forming Clay","Gremlin Horn","Bag of Preparation","Whetstone","Incense Burner","Potion Belt","Blood Vial","Bag of Marbles","War Paint","Kunai","Ornamental Fan"],"potions_floor_usage":[29,50,50],"damage_taken":[{"damage":0,"enemies":"Cultist","floor":1,"turns":3},{"damage":3,"enemies":"Jaw Worm","floor":2,"turns":2},{"damage":3,"enemies":"2 Louse","floor":4,"turns":2},{"damage":13,"enemies":"Large Slime","floor":7,"turns":5},{"damage":15,"enemies":"Exordium Wildlife","floor":8,"turns":6},{"damage":2,"enemies":"The Mushroom Lair","floor":11,"turns":7},{"damage":2,"enemies":"Gremlin Gang","floor":12,"turns":3},{"damage":0,"enemies":"Large Slime","floor":14,"turns":4},{"damage":45,"enemies":"Hexaghost","floor":16,"turns":13},{"damage":0,"enemies":"Shell Parasite","floor":18,"turns":5},{"damage":0,"enemies":"Spheric Guardian","floor":19,"turns":3},{"damage":3,"enemies":"Snake Plant","floor":21,"turns":4},{"damage":6,"enemies":"Chosen and Byrds","floor":22,"turns":4},{"damage":8,"enemies":"3 Cultists","floor":28,"turns":5},{"damage":33,"enemies":"Gremlin Leader","floor":29,"turns":9},{"damage":7,"enemies":"Snake Plant","floor":30,"turns":4},{"damage":0,"enemies":"Chosen and Byrds","floor":31,"turns":4},{"damage":36,"enemies":"Automaton","floor":33,"turns":7},{"damage":6,"enemies":"3 Shapes","floor":35,"turns":2},{"damage":0,"enemies":"Mind Bloom Boss Battle","floor":36,"turns":2},{"damage":4,"enemies":"Orb Walker","floor":38,"turns":3},{"damage":11,"enemies":"Sphere and 2 Shapes","floor":39,"turns":5},{"damage":0,"enemies":"Reptomancer","floor":45,"turns":2},{"damage":16,"enemies":"Donu and Deca","floor":50,"turns":7}],"seed_played":"4646737595191151678","potions_obtained":[{"floor":4,"key":"BloodPotion"},{"floor":7,"key":"Fire Potion"},{"floor":29,"key":"Weak Potion"}],"is_trial":false,"path_per_floor":["M","M","?","M","$","R","M","M","T","?","?","M","R","M","R","B",null,"M","M","?","M","M","$","R","?","T","T","M","E","M","M","R","B",null,"M","?","?","M","M","R","T","R","T","R","E","R","$","?","R","B",null],"character_chosen":"IRONCLAD","items_purchased":["Feel No Pain","SkillPotion","Magic Flower","Perfected Strike","Lantern","Incense Burner","Potion Belt","Blood Vial","Bag of Marbles","War Paint","Kunai","LiquidBronze","LiquidBronze"],"campfire_rested":5,"item_purchase_floors":[5,5,23,23,23,47,47,47,47,47,47,47,47],"current_hp_per_floor":[80,80,69,72,72,80,73,64,64,52,60,64,80,80,80,43,80,80,80,80,80,80,80,80,80,80,80,80,56,64,73,80,55,80,80,80,80,80,80,80,80,80,80,80,80,80,80,80,80,80],"gold":357,"neow_bonus":"","is_prod":false,"is_daily":true,"chose_seed":false,"campfire_upgraded":0,"win_rate":0,"timestamp":1560215730,"path_taken":["M","?","?","M","$","R","M","M","T","?","?","?","R","?","R","BOSS","M","M","?","M","M","$","R","?","T","?","M","E","M","?","R","BOSS","M","?","?","M","?","R","?","R","T","R","E","R","$","?","R","BOSS"],"build_version":"2019-01-23","purchased_purges":1,"victory":true,"max_hp_per_floor":[80,80,80,80,80,80,80,80,80,80,80,80,80,80,80,80,80,80,80,80,80,80,80,80,80,80,80,80,80,80,80,80,80,80,80,80,80,80,80,80,80,80,80,80,80,80,80,80,80,80],"card_choices":[{"not_picked":["Steam","Tempest"],"picked":"True Grit","floor":0},{"not_picked":["Sweeping Beam","Pommel Strike"],"picked":"Shrug It Off","floor":0},{"not_picked":["Warcry","Compile Driver"],"picked":"Perfected Strike","floor":0},{"not_picked":["Cleave","Combust"],"picked":"Perfected Strike","floor":0},{"not_picked":["True Grit","Barrage"],"picked":"Clothesline","floor":0},{"not_picked":["Beam Cell","Thunderclap"],"picked":"Perfected Strike","floor":0},{"not_picked":["Streamline","Aggregate"],"picked":"Feel No Pain","floor":0},{"not_picked":["Ball Lightning","Clothesline"],"picked":"Twin Strike","floor":0},{"not_picked":["Hemokinesis","Capacitor"],"picked":"Headbutt","floor":0},{"not_picked":["Seeing Red","True Grit"],"picked":"Perfected Strike","floor":0},{"not_picked":["Body Slam","Reckless Charge"],"picked":"FTL","floor":0},{"not_picked":["Second Wind","Heavy Blade"],"picked":"Rampage","floor":0},{"not_picked":["Uppercut","Doom and Gloom"],"picked":"Shrug It Off","floor":0},{"not_picked":["Go for the Eyes","Melter"],"picked":"Cold Snap","floor":0},{"not_picked":["Havoc","Iron Wave"],"picked":"Coolheaded","floor":0},{"not_picked":["Conserve Battery","Shrug It Off"],"picked":"Pommel Strike","floor":1},{"not_picked":["Reinforced Body","Redo"],"picked":"Cold Snap","floor":2},{"not_picked":["Flex","Shrug It Off"],"picked":"Flame Barrier","floor":4},{"not_picked":["Body Slam","Aggregate"],"picked":"Steam","floor":7},{"not_picked":["Dropkick","Headbutt"],"picked":"Gash","floor":8},{"not_picked":["Hologram","Clothesline","Cold Snap"],"picked":"SKIP","floor":12},{"not_picked":["Intimidate","Anger"],"picked":"Conserve Battery","floor":14},{"not_picked":["Multi-Cast","Creative AI"],"picked":"Offering","floor":16},{"not_picked":["Genetic Algorithm","Inflame"],"picked":"Heavy Blade+1","floor":18},{"not_picked":["Self Repair","Wild Strike","Beam Cell"],"picked":"SKIP","floor":19},{"not_picked":["Ghostly Armor","Self Repair"],"picked":"Uppercut","floor":21},{"not_picked":["Searing Blow","Hemokinesis"],"picked":"Glacier+1","floor":22},{"not_picked":["Fusion","Flame Barrier","Steam","Thunderclap+1"],"picked":"SKIP","floor":28},{"not_picked":["Clothesline","Barrage","Flex","Creative AI"],"picked":"SKIP","floor":29},{"not_picked":["Force Field","Aggregate","Stack"],"picked":"Pommel Strike+1","floor":30},{"not_picked":["Reprogram+1","Steam","Rebound+1"],"picked":"Carnage+1","floor":31},{"not_picked":["Feed+1","Double Tap","Seek"],"picked":"All For One+1","floor":33},{"not_picked":["Armaments","Rip and Tear+1","Warcry+1","Cleave+1"],"picked":"SKIP","floor":35},{"not_picked":["Armaments+1","Compile Driver+1","Hologram","Stack"],"picked":"SKIP","floor":38},{"not_picked":["Clothesline+1","Anger+1","Sword Boomerang+1","Doom and Gloom+1"],"picked":"SKIP","floor":39},{"not_picked":["Cleave+1","Scrape+1","Sever Soul+1"],"picked":"Loop","floor":45}],"player_experience":144022,"relics_obtained":[{"floor":9,"key":"Bird Faced Urn"},{"floor":11,"key":"Odd Mushroom"},{"floor":26,"key":"Question Card"},{"floor":27,"key":"Dodecahedron"},{"floor":29,"key":"Molten Egg 2"},{"floor":36,"key":"Shovel"},{"floor":40,"key":"Happy Flower"},{"floor":41,"key":"The Courier"},{"floor":42,"key":"Gambling Chip"},{"floor":43,"key":"Self Forming Clay"},{"floor":44,"key":"Gremlin Horn"},{"floor":45,"key":"Bag of Preparation"},{"floor":46,"key":"Whetstone"},{"floor":49,"key":"Ornamental Fan"}],"event_choices":[{"damage_healed":0,"gold_gain":75,"player_choice":"Gather Gold","damage_taken":11,"max_hp_gain":0,"max_hp_loss":0,"event_name":"World of Goop","floor":3,"gold_loss":0},{"damage_healed":0,"gold_gain":0,"player_choice":"Success","damage_taken":12,"relics_obtained":["Thread and Needle"],"max_hp_gain":0,"max_hp_loss":0,"event_name":"Scrap Ooze","floor":10,"gold_loss":0},{"damage_healed":0,"gold_gain":0,"player_choice":"Fought Mushrooms","damage_taken":0,"max_hp_gain":0,"max_hp_loss":0,"event_name":"Mushrooms","floor":11,"gold_loss":0},{"damage_healed":0,"gold_gain":0,"player_choice":"Ignored","damage_taken":0,"max_hp_gain":0,"max_hp_loss":0,"event_name":"Vampires","floor":20,"gold_loss":0},{"damage_healed":0,"gold_gain":0,"player_choice":"Ignored","damage_taken":0,"max_hp_gain":0,"max_hp_loss":0,"event_name":"Ghosts","floor":25,"gold_loss":0},{"damage_healed":0,"gold_gain":0,"player_choice":"Fight","damage_taken":0,"max_hp_gain":0,"max_hp_loss":0,"event_name":"MindBloom","floor":36,"gold_loss":0},{"damage_healed":0,"gold_gain":0,"player_choice":"Rummage","damage_taken":0,"relics_obtained":["WarpedTongs"],"max_hp_gain":0,"max_hp_loss":0,"event_name":"Accursed Blacksmith","floor":37,"gold_loss":0,"cards_obtained":["Pain"]},{"damage_healed":0,"gold_gain":0,"player_choice":"Ignored","damage_taken":0,"max_hp_gain":0,"max_hp_loss":0,"event_name":"Mysterious Sphere","floor":48,"gold_loss":0}],"is_beta":false,"boss_relics":[{"not_picked":["Mark of Pain","Busted Crown"],"picked":"Snecko Eye"},{"not_picked":["Tiny House","Eternal Feather"],"picked":"Black Blood"}],"items_purged_floors":[47],"is_endless":false,"potions_floor_spawned":[4,7,16,19,21,29,30,36],"ascension_level":0}