{"gold_per_floor":[111,76,76,76,87,122,141,63,63,63,95,95,95,126,126,126],"floor_reached":16,"playtime":444,"items_purged":[],"score":197,"play_id":"0c96a5bd-4594-4ca6-9bfc-b0d0720e96b5","local_time":"20190918230431","is_ascension_mode":true,"campfire_choices":[{"floor":10,"key":"REST"},{"data":"Static Discharge","floor":12,"key":"SMITH"},{"floor":15,"key":"DIG"}],"neow_cost":"NONE","seed_source_timestamp":21856981970616,"circlet_count":0,"master_deck":["AscendersBane","Strike_B","Strike_B","Strike_B","Strike_B","Defend_B","Defend_B","Defend_B+1","Defend_B","Zap+1","Dualcast","Self Repair","Chaos","Sunder","Ball Lightning","Static Discharge+1","Capacitor","Auto Shields"],"relics":["SlaversCollar","Shovel","CaptainsWheel","MealTicket","Pear","Happy Flower","Kunai"],"potions_floor_usage":[6,6,6,11,11],"damage_taken":[{"damage":7,"enemies":"2 Louse","floor":1,"turns":3},{"damage":15,"enemies":"Small Slimes","floor":5,"turns":4},{"damage":25,"enemies":"3 Sentries","floor":6,"turns":6},{"damage":1,"enemies":"Cultist","floor":7,"turns":4},{"damage":20,"enemies":"Lagavulin","floor":11,"turns":4},{"damage":12,"enemies":"3 Sentries","floor":14,"turns":6},{"damage":43,"enemies":"The Guardian","floor":16,"turns":5}],"seed_played":"-5381890868553235047","potions_obtained":[{"floor":1,"key":"LiquidBronze"},{"floor":4,"key":"EntropicBrew"},{"floor":6,"key":"FearPotion"},{"floor":11,"key":"LiquidBronze"}],"is_trial":false,"path_per_floor":["M","?","?","?","M","E","M","$","T","R","E","R","?","E","R","B"],"character_chosen":"DEFECT","items_purchased":["Static Discharge"],"campfire_rested":1,"item_purchase_floors":[8],"current_hp_per_floor":[57,71,57,57,49,31,37,37,37,58,45,45,43,38,38,0],"gold":126,"neow_bonus":"BOSS_RELIC","is_prod":false,"is_daily":false,"chose_seed":false,"campfire_upgraded":1,"win_rate":0,"timestamp":1568862271,"path_taken":["M","?","?","?","?","E","M","$","T","R","E","R","?","E","R","BOSS"],"build_version":"2019-09-18","purchased_purges":0,"victory":false,"max_hp_per_floor":[71,71,71,71,71,71,71,71,71,71,71,71,81,81,81,81],"card_choices":[{"not_picked":["Skim","Stack"],"picked":"Self Repair","floor":1},{"not_picked":["Conserve Battery","Reinforced Body"],"picked":"Chaos","floor":5},{"not_picked":["Leap","Skim"],"picked":"Sunder","floor":6},{"not_picked":["Blizzard","Multi-Cast"],"picked":"Ball Lightning","floor":7},{"not_picked":["All For One","Cold Snap"],"picked":"Capacitor","floor":11},{"not_picked":["Stack","Machine Learning"],"picked":"Auto Shields","floor":14}],"player_experience":567488,"relics_obtained":[{"floor":6,"key":"Shovel"},{"floor":9,"key":"CaptainsWheel"},{"floor":11,"key":"MealTicket"},{"floor":14,"key":"Happy Flower"},{"floor":15,"key":"Kunai"}],"event_choices":[{"damage_healed":17,"gold_gain":0,"player_choice":"Healed","damage_taken":0,"max_hp_gain":0,"max_hp_loss":0,"event_name":"The Cleric","floor":2,"gold_loss":35},{"damage_healed":0,"gold_gain":0,"player_choice":"Entered Light","damage_taken":14,"max_hp_gain":0,"max_hp_loss":0,"event_name":"Shining Light","floor":3,"gold_loss":0,"cards_upgraded":["Zap","Defend_B"]},{"damage_healed":0,"gold_gain":0,"player_choice":"Got Potions","damage_taken":0,"max_hp_gain":0,"max_hp_loss":0,"event_name":"Lab","floor":4,"gold_loss":0},{"damage_healed":0,"gold_gain":0,"player_choice":"Success","damage_taken":12,"relics_obtained":["Pear"],"max_hp_gain":0,"max_hp_loss":0,"event_name":"Scrap Ooze","floor":13,"gold_loss":0}],"is_beta":true,"boss_relics":[],"items_purged_floors":[],"is_endless":false,"potions_floor_spawned":[1,6,11],"killed_by":"The Guardian","ascension_level":14}