{"gold_per_floor":[115,115,115,127,145,180,180,180,180,180,180,196,223,41,41,144,144,155,170,269,281,281,314,314,342,419,419,453,12,32,49,49,150,150,169,182,182,98,98,98,129,129,208,225,259,270,270,284,284,284,284,284,39,64,64],"floor_reached":55,"playtime":4098,"items_purged":["Strike_G+1"],"score":870,"play_id":"3442bcba-9d81-4e97-a374-e771bce5014d","local_time":"20190823160727","is_ascension_mode":true,"campfire_choices":[{"floor":7.0,"key":"REST"},{"data":"Catalyst","floor":10.0,"key":"SMITH"},{"floor":15.0,"key":"REST"},{"floor":24.0,"key":"REST"},{"data":"Bouncing Flask","floor":27.0,"key":"SMITH"},{"floor":32.0,"key":"REST"},{"data":"Enlightenment","floor":40.0,"key":"SMITH"},{"floor":42.0,"key":"REST"},{"floor":47.0,"key":"REST"},{"floor":49.0,"key":"RECALL"},{"data":"Adrenaline","floor":52.0,"key":"SMITH"}],"neow_cost":"NONE","seed_source_timestamp":0,"circlet_count":0,"master_deck":["Strike_G+1","Strike_G+1","Strike_G+1","Defend_G+1","Defend_G+1","Defend_G+1","Defend_G+1","Defend_G+1","Survivor","Neutralize+1","Prepared","Jack Of All Trades","Bouncing Flask+1","Poisoned Stab","Bane+1","Catalyst+1","Sucker Punch","Dagger Spray","Noxious Fumes","Adrenaline+1","Dagger Throw","Dash","Leg Sweep+1","Dash+1","Well Laid Plans","Tactician","Storm of Steel","PiercingWail","Malaise","Night Terror","Terror","Quick Slash","Enlightenment+1","Transmutation","Metamorphosis","Mind Blast","Footwork","Calculated Gamble","Riddle With Holes","Deadly Poison+1","Caltrops+1","Leg Sweep","Footwork+1"],"special_seed":0,"relics":["Ring of the Snake","Sundial","Shuriken","Paper Crane","Regal Pillow","Snecko Eye","Question Card","Boot","Darkstone Periapt","Bag of Marbles","Anchor","Toy Ornithopter","HoveringKite","Bottled Lightning","Turnip","Blood Vial"],"potions_floor_usage":[55,55],"damage_taken":[{"damage":0.0,"enemies":"Cultist","floor":1.0,"turns":4.0},{"damage":0.0,"enemies":"2 Louse","floor":4.0,"turns":2.0},{"damage":0.0,"enemies":"Small Slimes","floor":5.0,"turns":3.0},{"damage":55.0,"enemies":"3 Sentries","floor":6.0,"turns":11.0},{"damage":5.0,"enemies":"Blue Slaver","floor":12.0,"turns":2.0},{"damage":25.0,"enemies":"Gremlin Nob","floor":13.0,"turns":4.0},{"damage":10.0,"enemies":"The Guardian","floor":16.0,"turns":7.0},{"damage":7.0,"enemies":"Chosen","floor":18.0,"turns":3.0},{"damage":24.0,"enemies":"2 Thieves","floor":19.0,"turns":3.0},{"damage":13.0,"enemies":"3 Cultists","floor":21.0,"turns":5.0},{"damage":12.0,"enemies":"Book of Stabbing","floor":23.0,"turns":6.0},{"damage":0.0,"enemies":"Slavers","floor":25.0,"turns":4.0},{"damage":24.0,"enemies":"Book of Stabbing","floor":28.0,"turns":5.0},{"damage":1.0,"enemies":"Snecko","floor":30.0,"turns":4.0},{"damage":15.0,"enemies":"Centurion and Healer","floor":31.0,"turns":5.0},{"damage":45.0,"enemies":"Automaton","floor":33.0,"turns":9.0},{"damage":0.0,"enemies":"Orb Walker","floor":35.0,"turns":3.0},{"damage":9.0,"enemies":"3 Shapes","floor":36.0,"turns":4.0},{"damage":23.0,"enemies":"Nemesis","floor":41.0,"turns":7.0},{"damage":0.0,"enemies":"3 Darklings","floor":44.0,"turns":3.0},{"damage":38.0,"enemies":"Reptomancer","floor":45.0,"turns":5.0},{"damage":11.0,"enemies":"Sphere and 2 Shapes","floor":46.0,"turns":6.0},{"damage":9.0,"enemies":"Writhing Mass","floor":48.0,"turns":4.0},{"damage":59.0,"enemies":"Awakened One","floor":50.0,"turns":15.0},{"damage":50.0,"enemies":"Shield and Spear","floor":54.0,"turns":7.0},{"damage":32,"enemies":"The Heart","floor":55,"turns":3}],"seed_played":"124188336716930303","potions_obtained":[{"floor":5.0,"key":"EssenceOfSteel"},{"floor":13.0,"key":"PowerPotion"},{"floor":16.0,"key":"EssenceOfSteel"},{"floor":19.0,"key":"SteroidPotion"},{"floor":28.0,"key":"Ancient Potion"},{"floor":35.0,"key":"SkillPotion"},{"floor":46.0,"key":"AttackPotion"}],"is_trial":false,"path_per_floor":["M","?","?","M","M","E","R","?","T","R","?","M","E","$","R","B",null,"M","M","?","M","?","E","R","E","T","R","E","$","M","M","R","B",null,"M","M","?","$","?","R","E","R","T","M","E","M","R","M","R","B",null,"R","$","E","B"],"character_chosen":"THE_SILENT","items_purchased":["Noxious Fumes","Regal Pillow","Anchor","Toy Ornithopter","Storm of Steel","Mind Blast","EntropicBrew","Leg Sweep"],"campfire_rested":6,"item_purchase_floors":[14,14,29,29,29,38,53,53],"current_hp_per_floor":[70,56,56,56,56,1,22,45,45,45,45,40,15,15,51,41,70,63,39,39,26,26,14,50,50,50,50,26,26,25,10,46,6,70,70,61,51,51,51,51,28,64,64,64,31,20,56,47,47,3,70,70,70,20,0],"gold":64,"neow_bonus":"UPGRADE_CARD","is_prod":false,"is_daily":false,"chose_seed":false,"campfire_upgraded":4,"win_rate":0,"timestamp":1566569247,"path_taken":["M","?","?","M","?","E","R","?","T","R","?","M","E","$","R","BOSS","M","M","?","M","?","E","R","E","T","R","E","$","M","M","R","BOSS","M","M","?","$","?","R","E","R","T","M","E","?","R","M","R","BOSS","R","$","E","BOSS"],"build_version":"2019-07-17","purchased_purges":1,"victory":false,"max_hp_per_floor":[70,70,70,70,70,70,70,70,70,70,70,70,70,70,70,70,70,70,70,70,70,70,70,70,70,70,70,70,70,70,70,70,70,70,70,70,70,70,70,70,70,70,70,70,70,70,70,70,70,70,70,70,70,70,70],"card_choices":[{"not_picked":["PiercingWail","Eviscerate"],"picked":"Prepared","floor":1.0},{"not_picked":["Dagger Throw","Quick Slash"],"picked":"Poisoned Stab","floor":4.0},{"not_picked":["Dagger Throw","Endless Agony"],"picked":"Bane","floor":5.0},{"not_picked":["Backflip","Dagger Spray"],"picked":"Catalyst","floor":6.0},{"not_picked":["Leg Sweep","Outmaneuver"],"picked":"Sucker Punch","floor":12.0},{"not_picked":["Infinite Blades","Glass Knife"],"picked":"Dagger Spray","floor":13.0},{"not_picked":["Night Terror","Wraith Form v2"],"picked":"Adrenaline","floor":16.0},{"not_picked":["Outmaneuver","Poisoned Stab"],"picked":"Dagger Throw","floor":18.0},{"not_picked":["Predator","Flying Knee"],"picked":"Dash","floor":19.0},{"not_picked":["Setup","Heel Hook"],"picked":"Leg Sweep+1","floor":21.0},{"not_picked":["Cloak And Dagger+1","Dodge and Roll+1"],"picked":"Dash+1","floor":23.0},{"not_picked":["Cloak And Dagger","Escape Plan","Deflect+1"],"picked":"Well Laid Plans","floor":25.0},{"not_picked":["Quick Slash","After Image","Acrobatics"],"picked":"Tactician","floor":28.0},{"not_picked":["Dagger Throw","Blade Dance","Flying Knee+1"],"picked":"PiercingWail","floor":30.0},{"not_picked":["Deflect+1","Poisoned Stab","Flying Knee+1"],"picked":"Malaise","floor":31.0},{"not_picked":["Die Die Die","Storm of Steel","Grand Finale"],"picked":"Night Terror","floor":33.0},{"not_picked":["Masterful Stab+1","Endless Agony","Setup+1"],"picked":"Terror","floor":35.0},{"not_picked":["PiercingWail","Deflect","Poisoned Stab"],"picked":"Quick Slash","floor":36.0},{"not_picked":["Dramatic Entrance","Dark Shackles","Trip"],"picked":"Enlightenment","floor":37.0},{"not_picked":["Mayhem","Deep Breath","Master of Strategy"],"picked":"Transmutation","floor":37.0},{"not_picked":["Sadistic Nature","Swift Strike","Good Instincts"],"picked":"Metamorphosis","floor":37.0},{"not_picked":["Noxious Fumes","Acrobatics","Dagger Throw+1","Quick Slash"],"picked":"SKIP","floor":41.0},{"not_picked":["Flechettes+1","Leg Sweep","Blade Dance+1"],"picked":"Calculated Gamble","floor":44.0},{"not_picked":["Backstab","Deflect+1","Grand Finale"],"picked":"Riddle With Holes","floor":45.0},{"not_picked":["Sucker Punch","Bane+1","Acrobatics+1"],"picked":"Deadly Poison+1","floor":46.0},{"not_picked":["Dagger Throw","Acrobatics+1","Finisher+1"],"picked":"Caltrops+1","floor":48.0},{"not_picked":["Expertise","Tactician","A Thousand Cuts"],"picked":"Footwork+1","floor":54.0}],"player_experience":158918,"relics_obtained":[{"floor":6.0,"key":"Sundial"},{"floor":9.0,"key":"Shuriken"},{"floor":13.0,"key":"Paper Crane"},{"floor":23.0,"key":"Question Card"},{"floor":25.0,"key":"Boot"},{"floor":26.0,"key":"Darkstone Periapt"},{"floor":28.0,"key":"Bag of Marbles"},{"floor":41.0,"key":"Bottled Lightning"},{"floor":45.0,"key":"Turnip"},{"floor":54.0,"key":"Blood Vial"}],"event_choices":[{"damage_healed":0.0,"max_hp_gain":0.0,"max_hp_loss":0.0,"gold_gain":0.0,"event_name":"Shining Light","player_choice":"Entered Light","floor":2.0,"gold_loss":0.0,"damage_taken":14.0,"cards_upgraded":["Strike_G","Strike_G"]},{"damage_healed":0.0,"max_hp_gain":0.0,"max_hp_loss":0.0,"gold_gain":0.0,"event_name":"Match and Keep!","player_choice":"2 cards matched","floor":3.0,"gold_loss":0.0,"damage_taken":0.0,"cards_obtained":["Jack Of All Trades","Bouncing Flask"]},{"damage_healed":23.0,"max_hp_gain":0.0,"max_hp_loss":0.0,"gold_gain":0.0,"event_name":"Big Fish","player_choice":"Banana","floor":8.0,"gold_loss":0.0,"damage_taken":0.0},{"damage_healed":0.0,"max_hp_gain":0.0,"max_hp_loss":0.0,"gold_gain":0.0,"event_name":"Living Wall","player_choice":"Grow","floor":11.0,"gold_loss":0.0,"damage_taken":0.0,"cards_upgraded":["Bane"]},{"damage_healed":0.0,"max_hp_gain":0.0,"max_hp_loss":0.0,"gold_gain":99.0,"event_name":"Nest","player_choice":"Stole From Cult","floor":20.0,"gold_loss":0.0,"damage_taken":0.0},{"damage_healed":0.0,"max_hp_gain":0.0,"max_hp_loss":0.0,"gold_gain":0.0,"event_name":"Back to Basics","player_choice":"Simplicity","floor":22.0,"gold_loss":0.0,"damage_taken":0.0,"cards_upgraded":["Strike_G","Strike_G","Strike_G","Defend_G","Defend_G","Defend_G","Defend_G","Defend_G"]},{"damage_healed":0.0,"max_hp_gain":0.0,"max_hp_loss":0.0,"gold_gain":0.0,"event_name":"SensoryStone","player_choice":"Memory 3","floor":37.0,"gold_loss":0.0,"damage_taken":10.0},{"damage_healed":0.0,"max_hp_gain":0.0,"max_hp_loss":0.0,"gold_gain":0.0,"cards_transformed":["Strike_G"],"event_name":"Transmorgrifier","player_choice":"Transformed","floor":39.0,"gold_loss":0.0,"damage_taken":0.0,"cards_obtained":["Footwork"]}],"is_beta":false,"boss_relics":[{"not_picked":["Fusion Hammer","Eternal Feather"],"picked":"Snecko Eye"},{"not_picked":["Ring of the Serpent","White Beast Statue"],"picked":"HoveringKite"}],"items_purged_floors":[53],"is_endless":false,"potions_floor_spawned":[5,13,16,19,28,31,35,46,48],"killed_by":"The Heart","ascension_level":2}