{"gold_per_floor":[117,117,141,141,165,196,227,239,251,226,250,250],"floor_reached":12,"playtime":2048,"items_purged":[],"score":120,"play_id":"1fdc9f4f-402e-49a3-8a96-078c161543bc","local_time":"20190902010522","is_ascension_mode":true,"campfire_choices":[{"data":"Creative AI","floor":8,"key":"SMITH"}],"neow_cost":"NONE","seed_source_timestamp":0,"circlet_count":0,"master_deck":["AscendersBane","Strike_B","Strike_B","Strike_B","Strike_B","Defend_B","Defend_B","Defend_B","Defend_B","Zap","Dualcast","Glacier","Cold Snap","Melter","Creative AI+1","Double Energy","Static Discharge","Redo"],"special_seed":0,"relics":["Cracked Core","Orichalcum","Golden Idol","MawBank","Ornamental Fan"],"potions_floor_usage":[6],"damage_taken":[{"damage":0.0,"enemies":"2 Louse","floor":1.0,"turns":1.0},{"damage":2.0,"enemies":"Jaw Worm","floor":3.0,"turns":4.0},{"damage":2,"enemies":"Small Slimes","floor":5,"turns":2},{"damage":12,"enemies":"3 Sentries","floor":6,"turns":10},{"damage":22,"enemies":"Exordium Wildlife","floor":7,"turns":5},{"damage":10,"enemies":"Large Slime","floor":11,"turns":4},{"damage":19,"enemies":"Lagavulin","floor":12,"turns":6}],"seed_played":"3592047250499577689","potions_obtained":[{"floor":5,"key":"Regen Potion"}],"is_trial":false,"path_per_floor":["M","?","M","$","M","E","M","R","T","$","M","E"],"character_chosen":"DEFECT","items_purchased":["Static Discharge"],"campfire_rested":0,"item_purchase_floors":[10],"current_hp_per_floor":[68,50,48,48,46,49,27,27,27,27,17,0],"gold":250,"neow_bonus":"RANDOM_COMMON_RELIC","is_prod":false,"is_daily":false,"chose_seed":false,"campfire_upgraded":1,"win_rate":0,"timestamp":1567400722,"path_taken":["M","?","M","$","M","E","M","R","T","$","M","E"],"build_version":"2019-08-26","purchased_purges":0,"victory":false,"max_hp_per_floor":[75,75,75,75,75,75,75,75,75,75,75,75],"card_choices":[{"not_picked":["Conserve Battery","Loop"],"picked":"Glacier","floor":1.0},{"not_picked":["Beam Cell","Hologram"],"picked":"Cold Snap","floor":3.0},{"not_picked":["Beam Cell","Heatsinks"],"picked":"Melter","floor":5},{"not_picked":["Barrage","Melter"],"picked":"Creative AI","floor":6},{"not_picked":["Gash","Compile Driver"],"picked":"Double Energy","floor":7},{"not_picked":["Stack","Barrage"],"picked":"Redo","floor":11}],"player_experience":216359,"relics_obtained":[{"floor":6,"key":"MawBank"},{"floor":9,"key":"Ornamental Fan"}],"event_choices":[{"damage_healed":0.0,"max_hp_gain":0.0,"max_hp_loss":0.0,"gold_gain":0.0,"event_name":"Golden Idol","player_choice":"Take Damage","floor":2.0,"gold_loss":0.0,"damage_taken":18.0,"relics_obtained":["Golden Idol"]}],"is_beta":true,"boss_relics":[],"items_purged_floors":[],"is_endless":false,"potions_floor_spawned":[5],"killed_by":"Lagavulin","ascension_level":10}