{"path_per_floor":["M","M","M","?","$","E","R","E","T","M","R","$","M","M","R","B",null,"M","?","M","?","?","R","E","M","T","R","M","M","?","T","R","B",null,"M","?","M","$","T","R","M","R","T","M","R","M","R","M","R"],"character_chosen":"IRONCLAD","items_purchased":["Lantern","Mercury Hourglass"],"gold_per_floor":[14,26,36,36,36,71,71,96,147,167,167,92,106,118,118,218,218,234,324,341,291,291,291,320,333,387,387,403,422,422,449,449,548,548,562,562,576,69,96,96,109,109,109,129,129,147,147,157,157],"floor_reached":50,"campfire_rested":6,"playtime":3049,"current_hp_per_floor":[96,96,95,88,88,81,81,64,64,68,68,68,61,62,62,33,96,56,40,46,46,46,74,56,38,38,66,58,53,34,34,64,26,101,88,88,94,94,94,94,69,69,69,39,69,67,97,68,98],"items_purged":["Strike_R","Strike_R"],"gold":157,"score":519,"play_id":"014123f5-253a-427e-8561-64be8188091f","local_time":"20180306224405","is_prod":false,"is_daily":false,"is_ascension_mode":true,"campfire_upgraded":5,"timestamp":1520343845,"path_taken":["M","M","M","?","?","E","R","E","T","M","R","?","M","?","R","BOSS","M","?","?","?","?","R","E","?","T","R","M","M","?","?","R","BOSS","M","?","M","$","?","R","M","R","T","M","R","?","R","M","R","BOSS"],"build_version":"2018-03-01-PROD1","purchased_purges":2,"victory":false,"master_deck":["Strike_R","Strike_R","Defend_R+1","Defend_R+1","Defend_R","Bash","Disarm","Armaments+1","Iron Wave","Carnage+1","Demon Form+1","Battle Trance","Carnage","Demon Form+1","Iron Wave","Iron Wave","Entrench","Whirlwind+1","Clothesline","Berserk","Shrug It Off+1","Spot Weakness","Juggernaut","Infernal Blade+1","Regret","Heavy Blade+1","Regret","Heavy Blade","Battle Trance+1","Clash","Clothesline+1","Disarm+1"],"max_hp_per_floor":[96,96,96,96,96,96,96,96,96,96,96,96,96,96,96,96,96,96,96,96,96,96,96,96,96,96,96,96,96,101,101,101,101,101,101,101,101,101,101,101,101,101,101,101,101,101,101,101,101],"relics":["Burning Blood","War Paint","Prayer Wheel","Anchor","Runic Dome","Ancient Tea Set","Tiny Chest","Bag of Marbles","Cursed Key","Lantern","Mercury Hourglass","Dream Catcher","Gambling Chip"],"card_choices":[{"not_picked":["Cleave","Twin Strike"],"picked":"Disarm"},{"not_picked":["Combust","Headbutt"],"picked":"Armaments"},{"not_picked":["Wild Strike","Headbutt"],"picked":"Iron Wave"},{"not_picked":["Wild Strike","Heavy Blade"],"picked":"Carnage"},{"not_picked":["Heavy Blade","Feel No Pain"],"picked":"Demon Form"},{"not_picked":["Wild Strike","Clothesline"],"picked":"Battle Trance"},{"not_picked":["Havoc","Anger"],"picked":"Carnage"},{"not_picked":["Armaments","Burning Pact"],"picked":"Reckless Charge"},{"not_picked":["Bludgeon","Exhume"],"picked":"Demon Form"},{"not_picked":["True Grit","Cleave"],"picked":"Iron Wave"},{"not_picked":["Reckless Charge","Feel No Pain"],"picked":"Iron Wave"},{"not_picked":["Metallicize","Flex"],"picked":"Whirlwind"},{"not_picked":["Battle Trance","Flex"],"picked":"Clothesline"},{"not_picked":["Blood for Blood","Flex"],"picked":"Berserk"},{"not_picked":["Body Slam","Rage"],"picked":"Shrug It Off"},{"not_picked":["Armaments","Cleave"],"picked":"Spot Weakness"},{"not_picked":["Brutality","Fiend Fire"],"picked":"Juggernaut"},{"not_picked":["Perfected Strike","Carnage"],"picked":"Infernal Blade"},{"not_picked":["Twin Strike","Shrug It Off"],"picked":"Heavy Blade"},{"not_picked":["Combust","Clothesline"],"picked":"Heavy Blade"},{"not_picked":["Pommel Strike","Warcry"],"picked":"Battle Trance"},{"not_picked":["Twin Strike","Cleave"],"picked":"Clash"},{"not_picked":["Corruption","Headbutt"],"picked":"Clothesline"},{"not_picked":["Rupture","Sword Boomerang"],"picked":"Disarm"}],"player_experience":66533,"potions_floor_usage":[6,16,20,29,33,33,41,46,46,48,50],"damage_taken":[{"damage":5,"enemies":"2 Louse","floor":1,"turns":4},{"damage":3,"enemies":"Small Slimes","floor":2,"turns":5},{"damage":7,"enemies":"Jaw Worm","floor":3,"turns":3},{"damage":13,"enemies":"3 Sentries","floor":6,"turns":10},{"damage":23,"enemies":"Gremlin Nob","floor":8,"turns":5},{"damage":2,"enemies":"Exordium Thugs","floor":10,"turns":4},{"damage":13,"enemies":"Exordium Wildlife","floor":13,"turns":7},{"damage":5,"enemies":"Red Slaver","floor":14,"turns":3},{"damage":35,"enemies":"Hexaghost","floor":16,"turns":9},{"damage":46,"enemies":"3 Byrds","floor":18,"turns":6},{"damage":0,"enemies":"Shell Parasite","floor":20,"turns":3},{"damage":24,"enemies":"Gremlin Leader","floor":24,"turns":9},{"damage":24,"enemies":"Sentry and Sphere","floor":25,"turns":4},{"damage":14,"enemies":"Snake Plant","floor":28,"turns":3},{"damage":11,"enemies":"Slaver and Parasite","floor":29,"turns":5},{"damage":44,"enemies":"Automaton","floor":33,"turns":8},{"damage":19,"enemies":"3 Shapes","floor":35,"turns":6},{"damage":0,"enemies":"Orb Walker","floor":37,"turns":2},{"damage":31,"enemies":"3 Darklings","floor":41,"turns":3},{"damage":36,"enemies":"4 Shapes","floor":44,"turns":4},{"damage":8,"enemies":"Sphere and 2 Shapes","floor":46,"turns":3},{"damage":35,"enemies":"Maw","floor":48,"turns":8},{"damage":101,"enemies":"Awakened One","floor":50,"turns":9}],"event_choices":[{"event_name":"Golden Wing","player_choice":"Card Removal","floor":4,"damage_taken":0},{"event_name":"Knowing Skull","player_choice":"GOLD ","floor":19,"damage_taken":0},{"event_name":"The Joust","player_choice":"Bet on Owner","floor":21,"damage_taken":0},{"event_name":"Transmorgrifier","player_choice":"Transform","floor":22,"damage_taken":0},{"event_name":"Forgotten Altar","player_choice":"Shed Blood","floor":30,"damage_taken":0}],"boss_relics":[{"not_picked":["Tiny House","Calling Bell"],"picked":"Runic Dome"},{"not_picked":["Black Blood","Astrolabe"],"picked":"Cursed Key"}],"potions_floor_spawned":[2,3,10,13,14,20,24,33,35,37,46,48],"seed_played":"4112875362705609335","killed_by":"Awakened One","ascension_level":2,"is_trial":false}