{"gold_per_floor":[118,138,138,156,170,199,5,5,5,5,32,47,63,88,88,88],"floor_reached":16,"playtime":883,"items_purged":[],"score":123,"play_id":"137fdb3c-ff12-40da-85ef-3843941ec7f9","local_time":"20190823121312","is_ascension_mode":true,"campfire_choices":[{"floor":8,"key":"REST"},{"floor":10,"key":"REST"},{"floor":15,"key":"REST"}],"neow_cost":"PERCENT_DAMAGE","seed_source_timestamp":689931678497900,"circlet_count":0,"master_deck":["Strike_R","Strike_R","Strike_R","Defend_R","Defend_R","Defend_R","Defend_R","Bash","Cleave","Entrench","Warcry","Feel No Pain","Feed","Evolve","Havoc","Cleave","Iron Wave"],"relics":["Burning Blood","Letter Opener","Darkstone Periapt","Membership Card","Gambling Chip","Happy Flower","Odd Mushroom"],"potions_floor_usage":[6,11,16,16,16],"damage_taken":[{"damage":6,"enemies":"Cultist","floor":1,"turns":3},{"damage":6,"enemies":"2 Louse","floor":2,"turns":2},{"damage":2,"enemies":"Jaw Worm","floor":4,"turns":3},{"damage":21,"enemies":"Blue Slaver","floor":5,"turns":3},{"damage":44,"enemies":"Gremlin Nob","floor":6,"turns":6},{"damage":42,"enemies":"3 Sentries","floor":11,"turns":12},{"damage":7,"enemies":"3 Louse","floor":12,"turns":3},{"damage":15,"enemies":"Looter","floor":13,"turns":4},{"damage":19,"enemies":"The Mushroom Lair","floor":14,"turns":3},{"damage":57,"enemies":"Slime Boss","floor":16,"turns":9}],"seed_played":"9066008950766995943","potions_obtained":[{"floor":2,"key":"FearPotion"},{"floor":5,"key":"GamblersBrew"},{"floor":6,"key":"BloodPotion"},{"floor":11,"key":"LiquidBronze"},{"floor":12,"key":"Energy Potion"}],"is_trial":false,"path_per_floor":["M","M","T","M","M","E","$","R","T","R","E","M","M","?","R","B"],"character_chosen":"IRONCLAD","items_purchased":["Membership Card"],"campfire_rested":3,"item_purchase_floors":[7],"current_hp_per_floor":[56,56,56,60,45,7,7,31,31,55,39,41,35,25,51,0],"gold":88,"neow_bonus":"REMOVE_TWO","is_prod":false,"is_daily":false,"chose_seed":false,"campfire_upgraded":0,"win_rate":0,"timestamp":1566555192,"path_taken":["M","M","?","?","M","E","$","R","T","R","E","M","M","?","R","BOSS"],"build_version":"2019-07-17","purchased_purges":0,"victory":false,"max_hp_per_floor":[80,80,80,80,80,80,80,80,80,80,80,83,86,89,89,89],"card_choices":[{"not_picked":["Shrug It Off","Hemokinesis"],"picked":"Cleave","floor":1},{"not_picked":["Warcry","Power Through"],"picked":"Entrench","floor":2},{"not_picked":["Carnage","Cleave"],"picked":"Warcry","floor":4},{"not_picked":["Rage","Dual Wield"],"picked":"Feel No Pain","floor":5},{"not_picked":["Clash","Ghostly Armor"],"picked":"Feed","floor":6},{"not_picked":["Sever Soul","Wild Strike"],"picked":"Evolve","floor":11},{"not_picked":["Inflame","Sword Boomerang"],"picked":"Havoc","floor":12},{"not_picked":["Dropkick","Clash"],"picked":"Cleave","floor":13},{"not_picked":["Sever Soul","Seeing Red"],"picked":"Iron Wave","floor":14}],"player_experience":150530,"relics_obtained":[{"floor":3,"key":"Letter Opener"},{"floor":6,"key":"Darkstone Periapt"},{"floor":9,"key":"Gambling Chip"},{"floor":11,"key":"Happy Flower"},{"floor":14,"key":"Odd Mushroom"}],"event_choices":[{"damage_healed":0,"gold_gain":0,"player_choice":"Fought Mushrooms","damage_taken":0,"max_hp_gain":0,"max_hp_loss":0,"event_name":"Mushrooms","floor":14,"gold_loss":0}],"is_beta":false,"boss_relics":[],"items_purged_floors":[],"is_endless":false,"potions_floor_spawned":[2,5,6,11,12],"killed_by":"Slime Boss","ascension_level":2}