{"gold_per_floor":[10,27,38,57,71,96,96,96,164,195,195,213,213,224,224,320,320,340,340,354,67,81,81,111,121,121,134,134,33,61,91,91,196,196,209,257,557,569,242,242,242,242,310,360,3,21,71,121,121,121],"floor_reached":51,"playtime":4218,"items_purged":[],"score":817,"play_id":"5ffd4ee4-e283-4025-a5a0-302b6a0a3d45","local_time":"20180714034044","is_ascension_mode":true,"campfire_choices":[{"floor":8,"key":"REST"},{"data":"Adrenaline","floor":11,"key":"SMITH"},{"data":"Flying Knee","floor":13,"key":"SMITH"},{"data":"Poisoned Stab","floor":15,"key":"SMITH"},{"floor":23,"key":"REST"},{"data":"Infinite Blades","floor":32,"key":"SMITH"},{"floor":40,"key":"REST"},{"data":"Apotheosis","floor":42,"key":"SMITH"},{"floor":49,"key":"REST"}],"neow_cost":"NO_GOLD","seed_source_timestamp":267788964456421,"circlet_count":0,"master_deck":["Defend_G+1","Defend_G+1","Defend_G+1","Defend_G+1","Defend_G+1","Strike_G+1","Strike_G+1","Strike_G+1","Strike_G+1","Survivor","Neutralize","Adrenaline+1","Acrobatics","Poisoned Stab+1","Slice","Dagger Throw","Acrobatics","Envenom","Deflect","Flying Knee+1","Terror","A Thousand Cuts","Deflect","Necronomicurse","Underhanded Strike+1","Apotheosis+1","Underhanded Strike","Quick Slash","Prepared+1","Infinite Blades+1","PiercingWail","Leg Sweep","Predator","Outmaneuver","Burst","Sucker Punch","Die Die Die","Outmaneuver+1","Dash","Infinite Blades","Dodge and Roll","Acrobatics+1","Distraction+1","Backflip+1","Backflip","Skewer+1","Leg Sweep","Dramatic Entrance","All Out Attack","Predator","Cloak And Dagger","Leg Sweep"],"relics":["Ring of the Snake","Ice Cream","Meat on the Bone","Dead Branch","Runic Dome","Necronomicon","Bag of Preparation","Bottled Tornado","Bronze Scales","Red Mask","Orrery","Incense Burner","Old Coin","Oddly Smooth Stone","SsserpentHead","Dodecahedron","ClockworkSouvenir","Gremlin Horn"],"potions_floor_usage":[5,6,10,10,16,16,20,24,25,30,33,46,50,50,50],"damage_taken":[{"damage":2,"enemies":"Cultist","floor":1,"turns":5},{"damage":1,"enemies":"Jaw Worm","floor":2,"turns":5},{"damage":0,"enemies":"2 Louse","floor":3,"turns":2},{"damage":11,"enemies":"Gremlin Gang","floor":4,"turns":6},{"damage":1,"enemies":"Large Slime","floor":5,"turns":5},{"damage":39,"enemies":"Gremlin Nob","floor":6,"turns":5},{"damage":10,"enemies":"Lagavulin","floor":10,"turns":5},{"damage":4,"enemies":"Blue Slaver","floor":12,"turns":4},{"damage":2,"enemies":"2 Fungi Beasts","floor":14,"turns":3},{"damage":24,"enemies":"The Guardian","floor":16,"turns":9},{"damage":19,"enemies":"2 Thieves","floor":18,"turns":4},{"damage":14,"enemies":"Spheric Guardian","floor":20,"turns":4},{"damage":30,"enemies":"Slaver and Parasite","floor":22,"turns":5},{"damage":3,"enemies":"Book of Stabbing","floor":24,"turns":3},{"damage":23,"enemies":"Snake Plant","floor":25,"turns":3},{"damage":9,"enemies":"Centurion and Healer","floor":27,"turns":5},{"damage":7,"enemies":"Slavers","floor":30,"turns":6},{"damage":0,"floor":31,"turns":2},{"damage":17,"enemies":"Champ","floor":33,"turns":8},{"damage":16,"enemies":"3 Darklings","floor":35,"turns":4},{"damage":18,"floor":36,"turns":5},{"damage":10,"floor":37,"turns":4},{"damage":21,"enemies":"Flame Bruiser 1 Orb","floor":38,"turns":5},{"damage":19,"enemies":"Maw","floor":46,"turns":4},{"damage":20,"enemies":"Awakened One","floor":50,"turns":12}],"seed_played":"-5896477309227699979","potions_obtained":[{"floor":3,"key":"GamblersBrew"},{"floor":4,"key":"GamblersBrew"},{"floor":6,"key":"Weak Potion"},{"floor":7,"key":"Strength Potion"},{"floor":7,"key":"SteroidPotion"},{"floor":14,"key":"Energy Potion"},{"floor":16,"key":"Ancient Potion"},{"floor":22,"key":"Energy Potion"},{"floor":24,"key":"SkillPotion"},{"floor":27,"key":"Fire Potion"},{"floor":35,"key":"FearPotion"},{"floor":46,"key":"Fire Potion"}],"is_trial":false,"path_per_floor":["M","M","M","M","M","E","?","R","T","E","R","M","R","M","R","B",null,"M","?","M","$","M","R","E","M","T","M","?","$","E","?","R","B",null,"M","?","?","M","$","R","?","R","T","?","$","M","?","T","R","B"],"character_chosen":"THE_SILENT","items_purchased":["Apotheosis","Underhanded Strike","Quick Slash","Predator","Outmaneuver","Oddly Smooth Stone","Leg Sweep","Dramatic Entrance","Predator","ClockworkSouvenir","Cloak And Dagger","Swift Potion"],"campfire_rested":4,"item_purchase_floors":[21,21,21,29,29,39,39,39,45,45,45,45],"current_hp_per_floor":[68,67,67,56,55,16,16,37,37,39,39,47,47,45,45,33,70,51,35,33,33,15,36,45,34,34,37,37,37,42,42,42,37,70,54,36,38,29,29,50,50,50,50,50,50,43,43,43,64,44],"gold":121,"neow_bonus":"THREE_RARE_CARDS","is_prod":false,"is_daily":false,"chose_seed":false,"campfire_upgraded":5,"win_rate":0,"timestamp":1531554044,"path_taken":["M","M","M","M","?","E","?","R","T","E","R","?","R","M","R","BOSS","M","?","M","$","M","R","E","?","T","M","?","$","E","?","R","BOSS","M","?","?","?","$","R","?","R","T","?","$","M","?","?","R","BOSS"],"build_version":"2018-07-12","purchased_purges":0,"victory":true,"max_hp_per_floor":[70,70,70,70,70,70,70,70,70,70,70,70,70,70,70,70,70,70,70,70,70,70,70,70,70,70,70,70,70,70,70,70,70,70,70,70,70,70,70,70,70,70,70,70,70,70,70,70,70,70],"card_choices":[{"not_picked":["Corpse Explosion","Phantasmal Killer"],"picked":"Adrenaline","floor":0},{"not_picked":["Masterful Stab","Distraction"],"picked":"Acrobatics","floor":1},{"not_picked":["Prepared","Dagger Spray"],"picked":"Poisoned Stab","floor":2},{"not_picked":["Underhanded Strike","Accuracy"],"picked":"Slice","floor":3},{"not_picked":["Heel Hook","Prepared"],"picked":"Dagger Throw","floor":4},{"not_picked":["Heel Hook","Caltrops"],"picked":"Acrobatics","floor":5},{"not_picked":["Distraction","Bullet Time"],"picked":"Envenom","floor":6},{"not_picked":["Dodge and Roll","Acrobatics"],"picked":"Deflect","floor":10},{"not_picked":["Prepared","Noxious Fumes"],"picked":"Flying Knee","floor":12},{"not_picked":["Flying Knee","Dodge and Roll"],"picked":"Terror","floor":14},{"not_picked":["Wraith Form v2","Unload"],"picked":"A Thousand Cuts","floor":16},{"not_picked":["Acrobatics","Bane"],"picked":"Deflect","floor":18},{"not_picked":["Poisoned Stab","Outmaneuver"],"picked":"Underhanded Strike+1","floor":20},{"not_picked":["Sucker Punch","Well Laid Plans+1"],"picked":"Prepared+1","floor":22},{"not_picked":["Quick Slash","Accuracy"],"picked":"Infinite Blades","floor":24},{"not_picked":["Prepared","Dagger Throw"],"picked":"PiercingWail","floor":25},{"not_picked":["Dagger Throw","Setup"],"picked":"Leg Sweep","floor":27},{"not_picked":["Setup","Terror"],"picked":"Burst","floor":30},{"not_picked":["Slice","Quick Slash"],"picked":"Sucker Punch","floor":31},{"not_picked":["Tactician","Glass Knife"],"picked":"Die Die Die","floor":33},{"not_picked":["Cloak And Dagger","Dodge and Roll"],"picked":"Outmaneuver+1","floor":34},{"not_picked":["Well Laid Plans","Sucker Punch+1"],"picked":"Dash","floor":34},{"not_picked":["Eviscerate","Sucker Punch"],"picked":"Infinite Blades","floor":34},{"not_picked":["Sucker Punch+1","Poisoned Stab"],"picked":"Dodge and Roll","floor":34},{"not_picked":["Sucker Punch","Masterful Stab"],"picked":"Acrobatics+1","floor":34},{"not_picked":["Flechettes","Setup"],"picked":"Distraction+1","floor":35},{"not_picked":["Bouncing Flask","Catalyst+1"],"picked":"Backflip+1","floor":36},{"not_picked":["Quick Slash+1","Deflect"],"picked":"Backflip","floor":37},{"not_picked":["Unload","Setup"],"picked":"Skewer+1","floor":38},{"not_picked":["Caltrops+1","Deflect+1"],"picked":"Leg Sweep","floor":46}],"player_experience":213800,"relics_obtained":[{"floor":6,"key":"Ice Cream"},{"floor":9,"key":"Meat on the Bone"},{"floor":10,"key":"Dead Branch"},{"floor":19,"key":"Necronomicon"},{"floor":24,"key":"Bag of Preparation"},{"floor":26,"key":"Bottled Tornado"},{"floor":30,"key":"Bronze Scales"},{"floor":31,"key":"Red Mask"},{"floor":36,"key":"Incense Burner"},{"floor":37,"key":"Old Coin"},{"floor":43,"key":"Dodecahedron"},{"floor":48,"key":"Gremlin Horn"}],"event_choices":[{"event_name":"The Lab","player_choice":"Got Potions","floor":7,"damage_taken":0},{"event_name":"Cursed Tome","player_choice":"Obtained Book","floor":19,"damage_taken":0},{"event_name":"Back to Basics","player_choice":"Simplicity","floor":28,"damage_taken":0},{"event_name":"Masked Bandits","player_choice":"Fought over 61 gold","floor":31,"damage_taken":0},{"event_name":"Mysterious Sphere","player_choice":"Fight","floor":36,"damage_taken":0},{"event_name":"MindBloom","player_choice":"Fight","floor":37,"damage_taken":0},{"event_name":"FaceTrader","player_choice":"Trade","floor":41,"damage_taken":0},{"event_name":"Transmorgrifier","player_choice":"Transform","floor":44,"damage_taken":0},{"event_name":"SecretPortal","player_choice":"Rejected Portal.","floor":47,"damage_taken":0}],"boss_relics":[{"not_picked":["Astrolabe","Velvet Choker"],"picked":"Runic Dome"},{"not_picked":["Snecko Eye","Empty Cage"],"picked":"Orrery"}],"items_purged_floors":[],"is_endless":false,"potions_floor_spawned":[3,4,6,14,16,22,24,27,35,46],"ascension_level":3}