{"path_per_floor":["M","M","?","M","M","E","M","R","T","M","E","M","R","E","R","B",null,"M","$","M","$","?","R","E","R","T","E","?","?","M","M","R","B",null,"M","?","$","M","$","R","E","M","T"],"character_chosen":"THE_SILENT","items_purchased":["Bronze Scales","Caltrops","Torii","Bandage Up","Calipers","Escape Plan"],"gold_per_floor":[114,126,126,139,153,186,196,196,196,214,539,558,558,590,590,686,686,705,178,192,101,201,201,235,235,235,262,262,262,281,292,292,388,388,402,402,17,28,28,28,55,65,65],"floor_reached":44,"campfire_rested":2,"playtime":4593,"current_hp_per_floor":[70,69,69,69,66,64,61,61,61,57,40,38,38,48,48,44,70,64,64,45,45,45,45,26,62,62,36,36,36,32,34,70,8,70,58,58,58,53,53,53,42,36,36],"items_purged":[],"gold":65,"score":473,"play_id":"7536bb67-62c8-433d-9652-3b1a1346d019","is_prod":false,"is_daily":false,"is_ascension_mode":false,"campfire_upgraded":5,"path_taken":["M","M","?","M","M","E","M","R","T","M","E","M","R","E","R","BOSS","M","$","M","$","?","R","E","R","T","E","?","?","M","M","R","BOSS","M","?","$","M","?","R","E","?","T","E"],"build_version":"2018-02-22-PROD2","purchased_purges":0,"victory":false,"master_deck":["Defend_G","Defend_G+1","Defend_G+1","Defend_G","Strike_G","Strike_G","Strike_G","Strike_G","Survivor","Neutralize","Dash+1","Terror","Unload","Footwork+1","Dodge and Roll+1","Well Laid Plans+1","Caltrops+1","Flechettes+1","PiercingWail","Backflip","Quick Slash","Night Terror+1","Deflect+1","Caltrops+1","Footwork+1","Bandage Up","Dagger Throw","Calculated Gamble","Dagger Spray","Escape Plan","Leg Sweep","Wraith Form+1","Slice+1","Escape Plan","Dodge and Roll","Malaise+1","Distraction"],"max_hp_per_floor":[70,70,70,70,70,70,70,70,70,70,70,70,70,70,70,70,70,70,70,70,70,70,70,70,70,70,70,70,70,70,70,70,70,70,70,70,70,70,70,70,70,70,70],"relics":["Ring of the Snake","Frozen Egg 2","Orichalcum","Old Coin","Regal Pillow","Question Card","Bronze Scales","Torii","Dodecahedron","Thread and Needle","War Paint","Ornamental Fan","Runic Pyramid","Calipers","Vajra","Peace Pipe"],"card_choices":[{"not_picked":["Poisoned Stab","Dagger Throw"],"picked":"Dash"},{"not_picked":["Riddle With Holes","Endless Agony"],"picked":"Terror"},{"not_picked":["Venomology","Quick Slash"],"picked":"Footwork"},{"not_picked":["Dagger Spray","Deadly Poison"],"picked":"Dodge and Roll"},{"not_picked":["Heel Hook","Escape Plan"],"picked":"Well Laid Plans"},{"not_picked":["Dagger Spray","Predator"],"picked":"Caltrops"},{"not_picked":["Well Laid Plans","Slice"],"picked":"Flechettes"},{"not_picked":["Well Laid Plans","Underhanded Strike"],"picked":"PiercingWail"},{"not_picked":["Quick Slash","Endless Agony"],"picked":"Backflip"},{"not_picked":["Dagger Spray","Noxious Fumes"],"picked":"Quick Slash"},{"not_picked":["Phantasmal Killer","Doppelganger"],"picked":"Night Terror"},{"not_picked":["PiercingWail","Endless Agony","Prepared"],"picked":"Deflect"},{"not_picked":["Acrobatics","Bouncing Flask","Deflect"],"picked":"Footwork"},{"not_picked":["Finisher","Sucker Punch","Underhanded Strike"],"picked":"Dagger Throw"},{"not_picked":["Finisher","Dodge and Roll","Blade Dance"],"picked":"Calculated Gamble"},{"not_picked":["Deflect","Deadly Poison","Dodge and Roll"],"picked":"Escape Plan"},{"not_picked":["Deflect","Quick Slash","Underhanded Strike"],"picked":"Leg Sweep"},{"not_picked":["Tactician","After Image","Bullet Time"],"picked":"Wraith Form"},{"not_picked":["Poisoned Stab","Masterful Stab","Endless Agony"],"picked":"Slice"},{"not_picked":["PiercingWail","Dagger Throw","Terror"],"picked":"Dodge and Roll"},{"not_picked":["Crippling Poison","Sucker Punch","Skewer"],"picked":"Malaise"},{"not_picked":["Expertise","Dash","Finisher"],"picked":"Distraction"}],"player_experience":4045,"potions_floor_usage":[14,16,24,24,31,33,44,44],"damage_taken":[{"damage":0,"enemies":"2 Louse","floor":1,"turns":3},{"damage":1,"enemies":"Cultist","floor":2,"turns":4},{"damage":0,"enemies":"Small Slimes","floor":4,"turns":3},{"damage":3,"enemies":"Red Slaver","floor":5,"turns":4},{"damage":2,"enemies":"3 Sentries","floor":6,"turns":13},{"damage":3,"enemies":"2 Fungi Beasts","floor":7,"turns":5},{"damage":4,"enemies":"3 Louse","floor":10,"turns":5},{"damage":17,"enemies":"Gremlin Nob","floor":11,"turns":4},{"damage":2,"enemies":"Blue Slaver","floor":12,"turns":4},{"damage":5,"enemies":"Lagavulin","floor":14,"turns":8},{"damage":19,"enemies":"Hexaghost","floor":16,"turns":10},{"damage":6,"enemies":"Shell Parasite","floor":18,"turns":6},{"damage":19,"enemies":"Spheric Guardian","floor":20,"turns":5},{"damage":38,"enemies":"Gremlin Leader","floor":24,"turns":6},{"damage":30,"enemies":"Slavers","floor":27,"turns":7},{"damage":8,"enemies":"Snecko","floor":30,"turns":8},{"damage":2,"enemies":"Snake Plant","floor":31,"turns":4},{"damage":62,"enemies":"Automaton","floor":33,"turns":17},{"damage":16,"enemies":"3 Darklings","floor":35,"turns":8},{"damage":9,"enemies":"3 Shapes","floor":38,"turns":6},{"damage":15,"enemies":"Nemesis","floor":41,"turns":13},{"damage":10,"enemies":"3 Darklings","floor":42,"turns":7},{"damage":36,"enemies":"2 Orb Walkers","floor":44,"turns":5}],"event_choices":[{"event_name":"Transmorgrifier","player_choice":"Transform","floor":3,"damage_taken":0},{"event_name":"Golden Shrine","player_choice":"Pray","floor":22,"damage_taken":0},{"event_name":"The Library","player_choice":"Read","floor":28,"damage_taken":0},{"event_name":"The Mausoleum","player_choice":"Yes","floor":29,"damage_taken":0}],"boss_relics":[{"not_picked":["Philosopher\u0027s Stone","Ectoplasm"],"picked":"Question Card"},{"not_picked":["Snecko Eye","White Beast Statue"],"picked":"Runic Pyramid"}],"potions_floor_spawned":[1,10,11,12,14,18,30,35,41,42],"seed_played":"-2270401669328083697","killed_by":"2 Orb Walkers","ascension_level":0,"is_trial":false}