{"path_per_floor":["M","$","M","?","M","M","?","$","T","R","E","M","E","?","R","B",null,"M","?","M","M","$","R","M","?","T"],"character_chosen":"THE_SILENT","items_purchased":["Footwork","Prepared","Deflect","Medical Kit","Crippling Poison"],"gold_per_floor":[117,42,56,131,148,163,226,77,145,145,180,198,230,180,180,275,275,291,291,280,298,63,63,77,77,77],"floor_reached":27,"campfire_rested":2,"playtime":1744,"current_hp_per_floor":[58,58,49,38,37,37,37,37,37,58,52,52,42,42,42,15,70,48,48,47,39,39,60,45,45,45],"items_purged":["Strike_G"],"gold":77,"score":223,"play_id":"17c35c45-a138-4a68-ba74-91b23779a6ec","is_prod":false,"is_daily":false,"is_ascension_mode":false,"campfire_upgraded":1,"path_taken":["M","?","M","?","M","M","?","$","T","R","E","?","E","?","R","BOSS","M","?","M","M","?","R","M","?","T","E"],"build_version":"2018-02-22-PROD2","purchased_purges":1,"victory":false,"master_deck":["Defend_G","Defend_G","Defend_G","Defend_G","Defend_G","Strike_G","Strike_G","Strike_G","Survivor","Neutralize","Flying Knee","Backstab","Backstab","Escape Plan","Footwork+1","Prepared","Deflect","Quick Slash","Prepared","Dagger Spray","Envenom","Catalyst","Poisoned Stab","Deadly Poison","Crippling Poison","Quick Slash","Clumsy"],"max_hp_per_floor":[70,70,70,70,70,70,70,70,70,70,70,70,70,70,70,70,70,70,70,70,70,70,70,70,70,70],"relics":["Black Star","Pen Nib","Bag of Marbles","Art of War","Juzu Bracelet","Cursed Key","Medical Kit","Nloth\u0027s Gift","Calipers"],"card_choices":[{"not_picked":["Underhanded Strike","PiercingWail"],"picked":"Flying Knee"},{"not_picked":["Expertise","Backflip"],"picked":"Backstab"},{"not_picked":["Tactician","Dagger Spray"],"picked":"Backstab"},{"not_picked":["Deflect","Acrobatics"],"picked":"Escape Plan"},{"not_picked":["Leg Sweep","Dodge and Roll"],"picked":"Quick Slash"},{"not_picked":["Underhanded Strike","Deadly Poison"],"picked":"Prepared"},{"not_picked":["Quick Slash","Backflip"],"picked":"Dagger Spray"},{"not_picked":["Unload","Storm of Steel"],"picked":"Envenom"},{"not_picked":["Blade Dance","Deflect"],"picked":"Catalyst"},{"not_picked":["Expertise","Flying Knee"],"picked":"Poisoned Stab"},{"not_picked":["Acrobatics","Choke"],"picked":"Deadly Poison"},{"not_picked":["Dagger Spray","Prepared"],"picked":"Quick Slash"}],"player_experience":45834,"potions_floor_usage":[11,20,21,27,27],"damage_taken":[{"damage":12,"enemies":"Cultist","floor":1,"turns":4},{"damage":9,"enemies":"2 Louse","floor":3,"turns":3},{"damage":1,"enemies":"Jaw Worm","floor":5,"turns":3},{"damage":0,"enemies":"2 Fungi Beasts","floor":6,"turns":3},{"damage":6,"enemies":"3 Sentries","floor":11,"turns":10},{"damage":0,"enemies":"Lots of Slimes","floor":12,"turns":3},{"damage":10,"enemies":"Lagavulin","floor":13,"turns":5},{"damage":27,"enemies":"The Guardian","floor":16,"turns":20},{"damage":22,"enemies":"Spheric Guardian","floor":18,"turns":6},{"damage":13,"enemies":"2 Thieves","floor":20,"turns":4},{"damage":8,"enemies":"Sentry and Sphere","floor":21,"turns":6},{"damage":15,"enemies":"Centurion and Healer","floor":24,"turns":6},{"damage":37,"enemies":"Gremlin Leader","floor":27,"turns":9}],"event_choices":[{"event_name":"World of Goop","player_choice":"Gather Gold","floor":4,"damage_taken":0},{"event_name":"Golden Wing","player_choice":"Gained Gold","floor":7,"damage_taken":0},{"event_name":"The Cleric","player_choice":"Card Removal","floor":14,"damage_taken":0},{"event_name":"Drug Dealer","player_choice":"Ignored","floor":19,"damage_taken":0},{"event_name":"N\u0027loth","player_choice":"Traded a Ornamental Fan","floor":25,"damage_taken":0}],"boss_relics":[{"not_picked":["Eternal Feather","Lizard Tail"],"picked":"Cursed Key"}],"potions_floor_spawned":[5,11,12,16,20,21,24],"seed_played":"6628099896107943580","killed_by":"Gremlin Leader","ascension_level":0,"is_trial":false}