{"gold_per_floor":[115,65,84,98,117,142,154,193,229,266,278,290,302,329,341,454,466,490,502,514,97,97,123,143,143,143,155,78,96,96,96],"floor_reached":31,"playtime":2576,"items_purged":[],"score":328,"play_id":"22f20128-ef44-4445-844b-1f4206e6a591","local_time":"20180810234003","is_ascension_mode":true,"campfire_choices":[{"data":"Footwork","floor":7,"key":"SMITH"},{"floor":13,"key":"REST"},{"floor":15,"key":"REST"},{"floor":25,"key":"REST"}],"neow_cost":"","seed_source_timestamp":2674228088259537,"circlet_count":0,"master_deck":["Defend_G+1","Defend_G+1","Defend_G+1","Defend_G+1","Defend_G+1","Strike_G+1","Survivor","Neutralize","Flying Knee","Leg Sweep","All Out Attack","Flying Knee","Footwork+1","Dodge and Roll","Glass Knife","Quick Slash","Night Terror","All Out Attack+1","Calculated Gamble+1","Tools of the Trade+1","Skewer","Well Laid Plans","Tactician","Sucker Punch","Slice","RitualDagger","Tactician","Underhanded Strike","Quick Slash","J.A.X.+1","Backflip+1"],"relics":["Ring of the Snake","MawBank","Juzu Bracelet","Anchor","Ancient Tea Set","Astrolabe","Paper Crane","Mango","Toxic Egg 2"],"potions_floor_usage":[6,6,10,16,27,29,31],"damage_taken":[{"damage":7,"enemies":"Small Slimes","floor":1,"turns":4},{"damage":4,"enemies":"2 Louse","floor":3,"turns":3},{"damage":0,"enemies":"Cultist","floor":4,"turns":4},{"damage":9,"enemies":"Gremlin Gang","floor":5,"turns":4},{"damage":14,"enemies":"Lagavulin","floor":6,"turns":6},{"damage":34,"enemies":"Gremlin Nob","floor":8,"turns":7},{"damage":6,"enemies":"Lagavulin","floor":10,"turns":13},{"damage":1,"enemies":"Blue Slaver","floor":14,"turns":3},{"damage":42,"enemies":"Slime Boss","floor":16,"turns":10},{"damage":5,"enemies":"Chosen","floor":18,"turns":7},{"damage":53,"enemies":"Gremlin Leader","floor":23,"turns":10},{"damage":6,"enemies":"3 Byrds","floor":24,"turns":6},{"damage":7,"enemies":"Centurion and Healer","floor":27,"turns":7},{"damage":8,"enemies":"3 Cultists","floor":29,"turns":5},{"damage":20,"enemies":"Sentry and Sphere","floor":31,"turns":5}],"seed_played":"4677320881461784057","potions_obtained":[{"floor":1,"key":"Regen Potion"},{"floor":5,"key":"Fire Potion"},{"floor":6,"key":"Dexterity Potion"},{"floor":10,"key":"Explosive Potion"},{"floor":23,"key":"Block Potion"},{"floor":27,"key":"AttackPotion"},{"floor":29,"key":"Swift Potion"}],"is_trial":false,"path_per_floor":["M","?","M","M","M","E","R","E","T","E","?","$","R","M","R","B",null,"M","?","?","$","?","E","M","R","T","M","?","M","?"],"character_chosen":"THE_SILENT","items_purchased":["Paper Crane","Tactician","Sucker Punch","Slice"],"campfire_rested":3,"item_purchase_floors":[21,21,21,21],"current_hp_per_floor":[63,63,59,59,50,51,51,17,17,11,11,11,32,31,52,10,70,65,65,65,65,59,20,14,39,39,32,32,24,24,4],"gold":96,"neow_bonus":"","is_prod":false,"is_daily":false,"chose_seed":false,"campfire_upgraded":1,"win_rate":0,"timestamp":1533958803,"path_taken":["M","?","M","?","?","E","R","E","T","E","?","$","R","M","R","BOSS","M","?","?","$","?","E","M","R","T","M","?","M","?","M"],"build_version":"2018-08-09","purchased_purges":0,"victory":false,"max_hp_per_floor":[70,70,70,70,70,70,70,70,70,70,70,70,70,70,70,70,70,70,70,70,70,70,84,84,84,84,84,84,84,84,84],"card_choices":[{"not_picked":["Reflex","Endless Agony"],"picked":"Flying Knee","floor":1},{"not_picked":["Dagger Throw","Quick Slash"],"picked":"Leg Sweep","floor":3},{"not_picked":["Noxious Fumes","PiercingWail"],"picked":"All Out Attack","floor":4},{"not_picked":["Crippling Poison","Outmaneuver"],"picked":"Flying Knee","floor":5},{"not_picked":["Deadly Poison","Tactician"],"picked":"Footwork","floor":6},{"not_picked":["Endless Agony","Venomology"],"picked":"Dodge and Roll","floor":8},{"not_picked":["Catalyst","Quick Slash"],"picked":"Glass Knife","floor":10},{"not_picked":["Escape Plan","Concentrate"],"picked":"Quick Slash","floor":14},{"not_picked":["Venomology","Tools of the Trade"],"picked":"Night Terror","floor":16},{"not_picked":["Expertise","Deadly Poison"],"picked":"Skewer","floor":18},{"not_picked":["Masterful Stab","Concentrate+1"],"picked":"Tactician","floor":23},{"not_picked":["Escape Plan+1","Dagger Spray"],"picked":"Underhanded Strike","floor":24},{"not_picked":["Setup+1","Noxious Fumes"],"picked":"Quick Slash","floor":27},{"not_picked":["Quick Slash","Finisher"],"picked":"Backflip+1","floor":29}],"player_experience":248801,"relics_obtained":[{"floor":6,"key":"MawBank"},{"floor":8,"key":"Juzu Bracelet"},{"floor":9,"key":"Anchor"},{"floor":10,"key":"Ancient Tea Set"},{"floor":23,"key":"Mango"},{"floor":26,"key":"Toxic Egg 2"}],"event_choices":[{"event_name":"The Cleric","player_choice":"Card Removal","floor":2,"damage_taken":0},{"event_name":"Shining Light","player_choice":"Ignored","floor":11,"damage_taken":0},{"event_name":"The Library","player_choice":"Read","floor":19,"damage_taken":0},{"event_name":"Vampires","player_choice":"Ignored","floor":20,"damage_taken":0},{"event_name":"Nest","player_choice":"Joined the Cult","floor":22,"damage_taken":0},{"event_name":"Drug Dealer","player_choice":"Got JAXXED","floor":28,"damage_taken":0},{"event_name":"Back to Basics","player_choice":"Simplicity","floor":30,"damage_taken":0}],"is_beta":false,"boss_relics":[{"not_picked":["Runic Dome","White Beast Statue"],"picked":"Astrolabe"}],"items_purged_floors":[],"is_endless":false,"potions_floor_spawned":[1,5,6,10,23,27,29],"killed_by":"Sentry and Sphere","ascension_level":4}