{"path_per_floor":["M","M","?","?","M","E","M","E","T","?","R","E","$","M","R","B",null,"M","M","?","$","?","R","?","R","T","M","M"],"character_chosen":"THE_SILENT","items_purchased":["Infinite Blades","Footwork","Accuracy","Accuracy","Infinite Blades"],"gold_per_floor":[114,132,132,132,150,181,201,235,307,287,287,312,4,19,19,117,117,135,150,65,9,9,9,9,9,9,29,44,44],"floor_reached":29,"campfire_rested":0,"playtime":1636,"current_hp_per_floor":[70,70,63,60,60,42,36,36,36,36,36,33,33,28,28,48,70,65,52,52,52,70,70,70,70,70,54,29,23],"items_purged":["Defend_G"],"gold":44,"score":281,"play_id":"d381b16c-9c1a-42e2-825d-62848937b52b","local_time":"20180328164227","is_prod":false,"is_daily":false,"is_ascension_mode":true,"campfire_upgraded":4,"timestamp":1522222947,"path_taken":["M","M","?","?","M","E","M","E","T","?","R","E","?","M","R","BOSS","M","M","?","?","?","R","?","R","T","M","M","E"],"build_version":"2018-03-22v2","purchased_purges":1,"victory":false,"master_deck":["Defend_G","Defend_G","Defend_G","Strike_G","Survivor","Neutralize","Predator+1","Well Laid Plans","Terror","Skewer","Adrenaline","Deflect","Riddle With Holes","Infinite Blades","Footwork","Accuracy+1","Accuracy+1","Accuracy","Wraith Form+1","Blur+1","Expertise+1","Tools of the Trade+1","Quick Slash","Infinite Blades","Cloak And Dagger"],"max_hp_per_floor":[70,70,70,70,70,70,70,70,70,70,70,70,70,70,70,70,70,70,70,70,70,70,70,70,70,70,70,70,70],"relics":["Velvet Choker","Oddly Smooth Stone","Pantograph","The Courier","Mercury Hourglass","Ninja Scroll","Astrolabe","Art of War","Gambling Chip"],"card_choices":[{"not_picked":["Bane","Slice"],"picked":"Predator","floor":1},{"not_picked":["Catalyst","Expertise"],"picked":"Well Laid Plans","floor":2},{"not_picked":["Backflip","Bane"],"picked":"Terror","floor":5},{"not_picked":["Terror","Slice"],"picked":"Skewer","floor":6},{"not_picked":["Underhanded Strike","Predator"],"picked":"Adrenaline","floor":7},{"not_picked":["Heel Hook","Crippling Poison"],"picked":"Deflect","floor":8},{"not_picked":["Eviscerate","Quick Slash"],"picked":"Riddle With Holes","floor":12},{"not_picked":["Catalyst","Backstab"],"picked":"Accuracy","floor":14},{"not_picked":["Tactician","Adrenaline"],"picked":"Wraith Form","floor":16},{"not_picked":["Dodge and Roll","PiercingWail"],"picked":"Quick Slash","floor":18},{"not_picked":["Slice","Heel Hook"],"picked":"Cloak And Dagger","floor":28}],"player_experience":96014,"potions_floor_usage":[16,29,29],"damage_taken":[{"damage":0,"enemies":"Jaw Worm","floor":1,"turns":5},{"damage":0,"enemies":"Small Slimes","floor":2,"turns":3},{"damage":0,"enemies":"Cultist","floor":5,"turns":4},{"damage":18,"enemies":"3 Sentries","floor":6,"turns":10},{"damage":6,"enemies":"3 Louse","floor":7,"turns":3},{"damage":0,"enemies":"Gremlin Nob","floor":8,"turns":3},{"damage":3,"enemies":"Lagavulin","floor":12,"turns":6},{"damage":5,"enemies":"Looter","floor":14,"turns":2},{"damage":20,"enemies":"Hexaghost","floor":16,"turns":6},{"damage":5,"enemies":"Spheric Guardian","floor":18,"turns":3},{"damage":13,"enemies":"Chosen","floor":19,"turns":5},{"damage":16,"enemies":"Snake Plant","floor":27,"turns":3},{"damage":25,"enemies":"Centurion and Healer","floor":28,"turns":5},{"damage":6,"enemies":"Slavers","floor":29,"turns":3}],"event_choices":[{"event_name":"Golden Wing","player_choice":"Card Removal","floor":3,"damage_taken":0},{"event_name":"Scrap Ooze","player_choice":"success","floor":4,"damage_taken":3},{"event_name":"The Woman in Blue","player_choice":"Bought 1 Potion","floor":10,"damage_taken":0},{"event_name":"Addict","player_choice":"Obtained Relic","floor":20,"damage_taken":0},{"event_name":"The Library","player_choice":"Heal","floor":22,"damage_taken":0},{"event_name":"Back to Basics","player_choice":"Elegance","floor":24,"damage_taken":0}],"boss_relics":[{"not_picked":["Question Card","Runic Dome"],"picked":"Astrolabe"}],"potions_floor_spawned":[2,6,12,19],"seed_played":"-5219600345182580780","killed_by":"Slavers","ascension_level":1,"is_trial":false}