{"gold_per_floor":[111,111,123,123,136,136,136,169,169,188,188],"floor_reached":11,"playtime":1076,"items_purged":[],"score":131,"play_id":"295d8409-ecf2-4012-8d82-703726fa9d6c","local_time":"20190921165808","is_ascension_mode":true,"campfire_choices":[{"data":"Rainbow","floor":6,"key":"SMITH"}],"neow_cost":"NONE","seed_source_timestamp":0,"circlet_count":0,"master_deck":["AscendersBane","Strike_B","Strike_B","Strike_B","Strike_B","Defend_B","Defend_B","Defend_B","Defend_B","Zap","Dualcast","Cold Snap","Rainbow+1","Sunder","Static Discharge+1","Cold Snap","Chill"],"special_seed":0,"relics":["Inserter","Matryoshka","Strawberry","Ancient Tea Set"],"potions_floor_usage":[10],"damage_taken":[{"damage":8.0,"enemies":"Small Slimes","floor":1.0,"turns":5.0},{"damage":3,"enemies":"Cultist","floor":3,"turns":4},{"damage":2,"enemies":"Jaw Worm","floor":5,"turns":4},{"damage":21,"enemies":"Gremlin Nob","floor":8,"turns":4},{"damage":29,"enemies":"Gremlin Gang","floor":10,"turns":4},{"damage":11,"enemies":"Large Slime","floor":11,"turns":2}],"seed_played":"-166675763490737601","potions_obtained":[{"floor":8,"key":"Energy Potion"},{"floor":10,"key":"Strength Potion"}],"is_trial":false,"path_per_floor":["M","?","M","$","M","R","?","E","T","M","M"],"character_chosen":"DEFECT","items_purchased":[],"campfire_rested":0,"item_purchase_floors":[],"current_hp_per_floor":[56,56,53,53,51,51,51,30,37,8,0],"gold":188,"neow_bonus":"BOSS_RELIC","is_prod":false,"is_daily":false,"chose_seed":false,"campfire_upgraded":1,"win_rate":0,"timestamp":1569099488,"path_taken":["M","?","?","?","M","R","?","E","T","?","M"],"build_version":"2019-09-20","purchased_purges":0,"victory":false,"max_hp_per_floor":[71,71,71,71,71,71,71,71,78,78,78],"card_choices":[{"not_picked":["Steam","Beam Cell"],"picked":"Cold Snap","floor":1.0},{"not_picked":["Coolheaded","BootSequence"],"picked":"Sunder","floor":3},{"not_picked":["Aggregate","Stack"],"picked":"Static Discharge","floor":5},{"not_picked":["Heatsinks","Streamline"],"picked":"Cold Snap","floor":8},{"not_picked":["Turbo","Redo"],"picked":"Chill","floor":10}],"player_experience":626881,"relics_obtained":[{"floor":8,"key":"Matryoshka"},{"floor":9,"key":"Strawberry"},{"floor":9,"key":"Ancient Tea Set"}],"event_choices":[{"damage_healed":0,"gold_gain":0,"player_choice":"1 cards matched","damage_taken":0,"max_hp_gain":0,"max_hp_loss":0,"event_name":"Match and Keep!","floor":2,"gold_loss":0,"cards_obtained":["Rainbow"]},{"damage_healed":0,"gold_gain":0,"player_choice":"Upgraded","damage_taken":0,"max_hp_gain":0,"max_hp_loss":0,"event_name":"Upgrade Shrine","floor":7,"gold_loss":0,"cards_upgraded":["Static Discharge"]}],"is_beta":true,"boss_relics":[],"items_purged_floors":[],"is_endless":false,"potions_floor_spawned":[8,10],"killed_by":"Large Slime","ascension_level":16}