{"gold_per_floor":[119,194,209,228,228,260,260,360,383,395,177,207,51,63,63,167,167,181,199,199,212,228,228,228],"floor_reached":24,"playtime":1893,"items_purged":[],"score":208,"play_id":"93f5c155-dcd6-4a16-b923-844fd6a6f680","local_time":"20190630005650","is_ascension_mode":false,"campfire_choices":[{"data":"Zap","floor":7,"key":"SMITH"},{"floor":15,"key":"REST"},{"data":"Seek","floor":23,"key":"SMITH"}],"neow_cost":"NONE","seed_source_timestamp":312531715343300,"circlet_count":0,"master_deck":["Strike_B","Strike_B","Strike_B","Defend_B","Defend_B","Defend_B","Defend_B","Zap+1","Dualcast","Fission+1","Hologram","Conserve Battery","Rebound","Compile Driver","Go for the Eyes","Loop","Self Repair","Fission","Loop","Seek+1","Double Energy","Conserve Battery","Reinforced Body","Reinforced Body"],"relics":["Cracked Core","Happy Flower","Bag of Preparation","Vajra","Blood Vial","Cursed Key","Ancient Tea Set"],"potions_floor_usage":[6,12,16,22,24],"damage_taken":[{"damage":5,"enemies":"Small Slimes","floor":1,"turns":4},{"damage":0,"enemies":"Jaw Worm","floor":3,"turns":7},{"damage":3,"enemies":"Cultist","floor":4,"turns":4},{"damage":37,"enemies":"Lagavulin","floor":6,"turns":9},{"damage":0,"enemies":"Looter","floor":10,"turns":2},{"damage":8,"enemies":"Gremlin Nob","floor":12,"turns":4},{"damage":5,"enemies":"Lots of Slimes","floor":14,"turns":5},{"damage":25,"enemies":"Hexaghost","floor":16,"turns":9},{"damage":14,"enemies":"Spheric Guardian","floor":18,"turns":4},{"damage":20,"enemies":"3 Byrds","floor":19,"turns":6},{"damage":19,"enemies":"Snake Plant","floor":21,"turns":4},{"damage":10,"enemies":"Centurion and Healer","floor":22,"turns":9},{"damage":62,"enemies":"Gremlin Leader","floor":24,"turns":10}],"seed_played":"7881362213528534818","potions_obtained":[{"floor":3,"key":"Strength Potion"},{"floor":6,"key":"FearPotion"},{"floor":10,"key":"SkillPotion"},{"floor":12,"key":"SteroidPotion"},{"floor":14,"key":"AttackPotion"},{"floor":18,"key":"LiquidBronze"}],"is_trial":false,"path_per_floor":["M","?","M","M","?","E","R","?","T","M","$","E","$","M","R","B",null,"M","M","?","M","M","R","E"],"character_chosen":"DEFECT","items_purchased":["Loop","Vajra","Fission"],"campfire_rested":1,"item_purchase_floors":[11,11,13],"current_hp_per_floor":[70,59,59,56,56,19,19,19,19,19,19,11,11,8,30,7,75,68,57,57,47,46,46,0],"gold":228,"neow_bonus":"TRANSFORM_CARD","is_prod":false,"is_daily":false,"chose_seed":false,"campfire_upgraded":2,"win_rate":0,"timestamp":1561823810,"path_taken":["M","?","M","M","?","E","R","?","T","M","$","E","$","M","R","BOSS","M","?","?","M","M","R","E"],"build_version":"2019-01-23","purchased_purges":0,"victory":false,"max_hp_per_floor":[75,75,75,75,75,75,75,75,75,75,75,75,75,75,75,75,75,75,75,75,75,75,75,75],"card_choices":[{"not_picked":["Compile Driver","Scrape"],"picked":"Hologram","floor":1},{"not_picked":["Static Discharge","Hologram"],"picked":"Conserve Battery","floor":3},{"not_picked":["Compile Driver","Darkness"],"picked":"Rebound","floor":4},{"not_picked":["Turbo","Darkness"],"picked":"Compile Driver","floor":6},{"not_picked":["Compile Driver","Turbo"],"picked":"Go for the Eyes","floor":10},{"not_picked":["Stack","Loop"],"picked":"Self Repair","floor":12},{"not_picked":["Scrape","Rebound"],"picked":"Loop","floor":14},{"not_picked":["Reboot","Amplify"],"picked":"Seek","floor":16},{"not_picked":["Compile Driver","FTL"],"picked":"Double Energy","floor":18},{"not_picked":["Leap+1","Gash+1"],"picked":"Conserve Battery","floor":19},{"not_picked":["Recycle","Fusion+1"],"picked":"Reinforced Body","floor":21},{"not_picked":["Sweeping Beam","Gash+1"],"picked":"Reinforced Body","floor":22}],"player_experience":63391,"relics_obtained":[{"floor":6,"key":"Happy Flower"},{"floor":9,"key":"Bag of Preparation"},{"floor":12,"key":"Blood Vial"}],"event_choices":[{"damage_healed":0,"gold_gain":75,"player_choice":"Gather Gold","damage_taken":11,"max_hp_gain":0,"max_hp_loss":0,"event_name":"World of Goop","floor":2,"gold_loss":0},{"damage_healed":0,"gold_gain":0,"player_choice":"Grow","damage_taken":0,"max_hp_gain":0,"max_hp_loss":0,"event_name":"Living Wall","floor":5,"gold_loss":0,"cards_upgraded":["Fission"]},{"damage_healed":0,"gold_gain":100,"player_choice":"Gold","damage_taken":0,"max_hp_gain":0,"max_hp_loss":0,"event_name":"Wheel of Change","floor":8,"gold_loss":0},{"damage_healed":0,"gold_gain":0,"player_choice":"Opened","damage_taken":0,"relics_obtained":["Ancient Tea Set"],"max_hp_gain":0,"max_hp_loss":0,"event_name":"The Mausoleum","floor":20,"gold_loss":0}],"is_beta":false,"boss_relics":[{"not_picked":["Pandora\u0027s Box","Velvet Choker"],"picked":"Cursed Key"}],"items_purged_floors":[],"is_endless":false,"potions_floor_spawned":[3,6,10,12,14,18],"killed_by":"Gremlin Leader","ascension_level":0}