{"gold_per_floor":[212,212,229,245,259,259,289,289,315,365,0,26,26,39,39,115,115,135,152,165,199,199,231,231,265,290,134,160,160,174,174,174,174],"floor_reached":33,"playtime":1683,"items_purged":["Strike_G"],"score":726,"play_id":"002123ff-b16a-453d-b7af-7d047a913430","local_time":"20181218171539","is_ascension_mode":true,"campfire_choices":[{"data":"Masterful Stab","floor":6.0,"key":"SMITH"},{"data":"Crippling Poison","floor":8.0,"key":"SMITH"},{"data":"Noxious Fumes","floor":15,"key":"SMITH"},{"floor":24,"key":"REST"},{"floor":29,"key":"REST"},{"floor":32,"key":"REST"}],"neow_cost":"NONE","seed_source_timestamp":499401210289561,"circlet_count":0,"master_deck":["AscendersBane","Defend_G+1","Defend_G+1","Defend_G+1","Defend_G+1","Defend_G+1","Strike_G+1","Strike_G+1","Strike_G+1","Survivor","Neutralize","Cloak And Dagger","Footwork","Masterful Stab+1","Quick Slash","Crippling Poison+1","Predator","Malaise","Noxious Fumes+1","Malaise","Deadly Poison+1","Dodge and Roll","Deflect","Noxious Fumes+1","After Image","Escape Plan","Adrenaline"],"special_seed":0,"relics":["Ring of the Snake","Orichalcum","Omamori","Centennial Puzzle","PreservedInsect","Art of War","Sozu","Red Mask","Gambling Chip","Letter Opener","Blood Vial","Ancient Tea Set"],"potions_floor_usage":[16,21],"damage_taken":[{"damage":2.0,"enemies":"Small Slimes","floor":1.0,"turns":3.0},{"damage":3.0,"enemies":"Cultist","floor":3.0,"turns":4.0},{"damage":4.0,"enemies":"Jaw Worm","floor":4.0,"turns":9.0},{"damage":7.0,"enemies":"3 Louse","floor":5.0,"turns":4.0},{"damage":19.0,"enemies":"Lagavulin","floor":7.0,"turns":9.0},{"damage":13,"enemies":"3 Sentries","floor":12,"turns":7},{"damage":2,"enemies":"Exordium Wildlife","floor":14,"turns":4},{"damage":0,"enemies":"The Guardian","floor":16,"turns":9},{"damage":0,"enemies":"Chosen","floor":18,"turns":5},{"damage":5,"enemies":"2 Thieves","floor":19,"turns":5},{"damage":7,"enemies":"Centurion and Healer","floor":20,"turns":7},{"damage":23,"enemies":"Masked Bandits","floor":21,"turns":4},{"damage":14,"enemies":"Book of Stabbing","floor":23,"turns":6},{"damage":2,"enemies":"Gremlin Leader","floor":25,"turns":6},{"damage":18,"enemies":"Slavers","floor":28,"turns":4},{"damage":0,"enemies":"Snecko","floor":30,"turns":5},{"damage":51,"enemies":"Collector","floor":33,"turns":6}],"seed_played":"-6593220887017726478","potions_obtained":[{"floor":1.0,"key":"Regen Potion"},{"floor":7.0,"key":"FearPotion"},{"floor":12,"key":"GamblersBrew"},{"floor":13,"key":"Fire Potion"}],"is_trial":false,"path_per_floor":["M","?","M","M","M","R","E","R","T","T","$","E","?","M","R","B",null,"M","M","M","?","?","E","R","E","T","$","E","R","M","?","R","B"],"character_chosen":"THE_SILENT","items_purchased":["PreservedInsect","Predator","Malaise","Escape Plan"],"campfire_rested":3,"item_purchase_floors":[11,11,11,27],"current_hp_per_floor":[57,57,54,50,43,43,39,39,39,39,39,26,26,24,24,24,56,56,51,44,21,21,7,26,24,24,24,8,27,29,29,48,0],"gold":174,"neow_bonus":"HUNDRED_GOLD","is_prod":false,"is_daily":false,"chose_seed":false,"campfire_upgraded":3,"win_rate":0,"timestamp":1545153339,"path_taken":["M","?","M","M","?","R","E","R","T","?","$","E","?","M","R","BOSS","M","?","?","?","?","E","R","E","T","?","E","R","M","?","R","BOSS"],"build_version":"2018-12-17","purchased_purges":1,"victory":false,"max_hp_per_floor":[66,66,66,66,66,66,66,66,66,66,66,66,66,66,66,66,66,66,66,66,66,66,66,66,66,66,66,66,66,66,66,66,66],"card_choices":[{"not_picked":["Blur","Setup"],"picked":"Cloak And Dagger","floor":1.0},{"not_picked":["Leg Sweep","PiercingWail"],"picked":"Footwork","floor":3.0},{"not_picked":["Blur","Blade Dance"],"picked":"Masterful Stab","floor":4.0},{"not_picked":["Bane","Acrobatics"],"picked":"Quick Slash","floor":5.0},{"not_picked":["Dagger Spray","Finisher"],"picked":"Crippling Poison","floor":7.0},{"not_picked":["Bane","Blade Dance"],"picked":"Noxious Fumes","floor":12},{"not_picked":["Flechettes","Bullet Time","Dagger Throw"],"picked":"SKIP","floor":14},{"not_picked":["Phantasmal Killer","Storm of Steel"],"picked":"Malaise","floor":16},{"not_picked":["PiercingWail","Masterful Stab"],"picked":"Deadly Poison+1","floor":18},{"not_picked":["Blade Dance","Deflect"],"picked":"Dodge and Roll","floor":19},{"not_picked":["Bane","Cloak And Dagger","Slice"],"picked":"SKIP","floor":20},{"not_picked":["Deadly Poison","Outmaneuver"],"picked":"Deflect","floor":21},{"not_picked":["Bouncing Flask","Choke"],"picked":"Noxious Fumes+1","floor":23},{"not_picked":["PiercingWail","Flying Knee"],"picked":"After Image","floor":25},{"not_picked":["Sucker Punch","Noxious Fumes"],"picked":"Adrenaline","floor":28},{"not_picked":["Cloak And Dagger","Dagger Throw","Poisoned Stab"],"picked":"SKIP","floor":30}],"player_experience":1704614,"relics_obtained":[{"floor":7.0,"key":"Orichalcum"},{"floor":9.0,"key":"Omamori"},{"floor":10.0,"key":"Centennial Puzzle"},{"floor":12,"key":"Art of War"},{"floor":21,"key":"Red Mask"},{"floor":23,"key":"Gambling Chip"},{"floor":25,"key":"Letter Opener"},{"floor":26,"key":"Blood Vial"},{"floor":28,"key":"Ancient Tea Set"}],"event_choices":[{"cards_removed":["Strike_G"],"damage_healed":0.0,"max_hp_gain":0.0,"max_hp_loss":0.0,"gold_gain":0.0,"event_name":"Bonfire Elementals","player_choice":"Offered Basic","floor":2.0,"gold_loss":0.0,"damage_taken":0.0},{"damage_healed":0,"gold_gain":0,"player_choice":"Got Potions","damage_taken":0,"max_hp_gain":0,"max_hp_loss":0,"event_name":"Lab","floor":13,"gold_loss":0},{"damage_healed":0,"gold_gain":0,"player_choice":"Fought Bandits","damage_taken":0,"max_hp_gain":0,"max_hp_loss":0,"event_name":"Masked Bandits","floor":21,"gold_loss":0},{"damage_healed":0,"gold_gain":0,"player_choice":"Ignored","damage_taken":0,"max_hp_gain":0,"max_hp_loss":0,"event_name":"Cursed Tome","floor":22,"gold_loss":0},{"damage_healed":0,"gold_gain":0,"player_choice":"Simplicity","damage_taken":0,"max_hp_gain":0,"max_hp_loss":0,"event_name":"Back to Basics","floor":31,"gold_loss":0,"cards_upgraded":["Defend_G","Defend_G","Defend_G","Defend_G","Defend_G","Strike_G","Strike_G","Strike_G"]}],"is_beta":true,"boss_relics":[{"not_picked":["Pandora\u0027s Box","Lizard Tail"],"picked":"Sozu"}],"items_purged_floors":[27],"is_endless":false,"potions_floor_spawned":[1,7,12,18,20,28],"killed_by":"Collector","ascension_level":20}