{"gold_per_floor":[117,117,133,58,73,100,100,110,110,110,34,45,45,10,10,106,106,124,156,168,168],"floor_reached":21,"playtime":1589,"items_purged":["Defend_B"],"score":179,"play_id":"70e09b64-e304-451c-bfaa-340bf18e2266","local_time":"20190810150716","is_ascension_mode":false,"campfire_choices":[{"floor":7,"key":"REST"},{"floor":10,"key":"REST"},{"data":"Lockon","floor":15,"key":"SMITH"}],"neow_cost":"PERCENT_DAMAGE","seed_source_timestamp":13379588354817,"circlet_count":0,"master_deck":["Strike_B","Defend_B","Defend_B","Defend_B","Zap","Dualcast","Conserve Battery","Melter","Consume","Defragment","Lockon+1","Thunder Strike","White Noise","Chaos"],"relics":["Cracked Core","PreservedInsect","Orichalcum","Inserter","Red Mask"],"potions_floor_usage":[5,8,16,21],"damage_taken":[{"damage":0,"enemies":"Small Slimes","floor":1,"turns":3},{"damage":0,"enemies":"Jaw Worm","floor":3,"turns":4},{"damage":0,"enemies":"Cultist","floor":5,"turns":2},{"damage":35,"enemies":"Gremlin Nob","floor":6,"turns":5},{"damage":0,"enemies":"Large Slime","floor":8,"turns":5},{"damage":0,"enemies":"Blue Slaver","floor":12,"turns":4},{"damage":27,"enemies":"Slime Boss","floor":16,"turns":10},{"damage":3,"enemies":"Spheric Guardian","floor":18,"turns":3},{"damage":44,"enemies":"Masked Bandits","floor":19,"turns":4},{"damage":24,"enemies":"Chosen","floor":20,"turns":5},{"damage":7,"enemies":"Shelled Parasite and Fungi","floor":21,"turns":2}],"seed_played":"8593030527292026737","potions_obtained":[{"floor":1,"key":"PowerPotion"},{"floor":3,"key":"Energy Potion"},{"floor":8,"key":"Dexterity Potion"},{"floor":12,"key":"GamblersBrew"}],"is_trial":false,"path_per_floor":["M","?","M","$","M","E","R","M","T","R","$","M","$","?","R","B",null,"M","?","M","M"],"character_chosen":"DEFECT","items_purchased":["Defragment"],"campfire_rested":2,"item_purchase_floors":[11],"current_hp_per_floor":[54,47,47,47,47,12,34,34,34,56,56,56,56,74,74,47,75,72,28,4,0],"gold":168,"neow_bonus":"REMOVE_TWO","is_prod":false,"is_daily":false,"chose_seed":false,"campfire_upgraded":1,"win_rate":0.0,"timestamp":1565474836,"path_taken":["M","?","M","?","?","E","R","?","T","R","$","M","$","?","R","BOSS","M","?","M","M"],"build_version":"2019-07-17","purchased_purges":1,"victory":false,"max_hp_per_floor":[75,75,75,75,75,75,75,75,75,75,75,75,75,75,75,75,75,75,75,75,75],"card_choices":[{"not_picked":["Double Energy","Coolheaded"],"picked":"Conserve Battery","floor":1},{"not_picked":["Steam","Leap"],"picked":"Melter","floor":3},{"not_picked":["Doom and Gloom","Sunder"],"picked":"Consume","floor":5},{"not_picked":["Stack","Ball Lightning","Blizzard"],"picked":"SKIP","floor":6},{"not_picked":["Hologram","Turbo","Leap"],"picked":"SKIP","floor":8},{"not_picked":["Gash","Scrape"],"picked":"Lockon","floor":12},{"not_picked":["Amplify","Biased Cognition"],"picked":"Thunder Strike","floor":16},{"not_picked":["Coolheaded","Hologram"],"picked":"White Noise","floor":18},{"not_picked":["Go for the Eyes","BootSequence"],"picked":"Chaos","floor":19},{"not_picked":["Loop","Aggregate","Melter"],"picked":"SKIP","floor":20}],"player_experience":70001,"relics_obtained":[{"floor":6,"key":"PreservedInsect"},{"floor":9,"key":"Orichalcum"},{"floor":19,"key":"Red Mask"}],"event_choices":[{"cards_removed":["Strike_B"],"damage_healed":0,"gold_gain":0,"player_choice":"Card Removal","damage_taken":7,"max_hp_gain":0,"max_hp_loss":0,"event_name":"Golden Wing","floor":2,"gold_loss":0},{"damage_healed":18,"gold_gain":0,"player_choice":"Healed","damage_taken":0,"max_hp_gain":0,"max_hp_loss":0,"event_name":"The Cleric","floor":14,"gold_loss":35},{"damage_healed":0,"gold_gain":0,"player_choice":"Fought Bandits","damage_taken":0,"max_hp_gain":0,"max_hp_loss":0,"event_name":"Masked Bandits","floor":19,"gold_loss":0}],"is_beta":false,"boss_relics":[{"not_picked":["Nuclear Battery","Sozu"],"picked":"Inserter"}],"items_purged_floors":[4],"is_endless":false,"potions_floor_spawned":[1,3,8,12],"killed_by":"Shelled Parasite and Fungi","ascension_level":0}