{"gold_per_floor":[20,30,44,44,4,4,30,40,66,92,92,92,102,115,115,115],"floor_reached":16,"playtime":803,"items_purged":[],"score":224,"play_id":"cfc88301-6dcd-4d5f-8b91-00b915131941","local_time":"20181217235456","is_ascension_mode":true,"campfire_choices":[{"data":"Dagger Throw","floor":6.0,"key":"SMITH"},{"floor":11.0,"key":"REST"},{"data":"A Thousand Cuts","floor":15.0,"key":"SMITH"}],"neow_cost":"NO_GOLD","seed_source_timestamp":0,"circlet_count":0,"master_deck":["AscendersBane","Defend_G","Defend_G+1","Defend_G","Defend_G+1","Defend_G","Strike_G","Strike_G","Strike_G","Strike_G","Strike_G","Survivor","Neutralize","Dagger Throw+1","Predator+1","Footwork","Masterful Stab","A Thousand Cuts","A Thousand Cuts+1","Dodge and Roll","Backstab"],"special_seed":0,"relics":["Ring of the Snake","Ginger","War Paint","Anchor","Oddly Smooth Stone"],"potions_floor_usage":[],"damage_taken":[{"damage":0.0,"enemies":"2 Louse","floor":1.0,"turns":3.0},{"damage":13.0,"enemies":"Cultist","floor":2.0,"turns":6.0},{"damage":5.0,"enemies":"Jaw Worm","floor":3.0,"turns":4.0},{"damage":20.0,"enemies":"3 Sentries","floor":7.0,"turns":9.0},{"damage":13.0,"enemies":"Exordium Wildlife","floor":8.0,"turns":5.0},{"damage":3.0,"enemies":"Lagavulin","floor":10.0,"turns":6.0},{"damage":0.0,"enemies":"Gremlin Gang","floor":13.0,"turns":6.0},{"damage":0.0,"enemies":"Large Slime","floor":14.0,"turns":7.0},{"damage":30,"enemies":"Hexaghost","floor":16,"turns":10}],"seed_played":"-7247380272790782664","potions_obtained":[{"floor":2.0,"key":"AttackPotion"},{"floor":3.0,"key":"SpeedPotion"},{"floor":8.0,"key":"SpeedPotion"}],"is_trial":false,"path_per_floor":["M","M","M","?","$","R","E","M","T","E","R","?","M","M","R","B"],"character_chosen":"THE_SILENT","items_purchased":["Footwork"],"campfire_rested":1,"item_purchase_floors":[5],"current_hp_per_floor":[59,46,41,41,41,41,21,8,8,5,24,24,24,24,24,0],"gold":115,"neow_bonus":"ONE_RARE_RELIC","is_prod":false,"is_daily":false,"chose_seed":false,"campfire_upgraded":2,"win_rate":0,"timestamp":1545090896,"path_taken":["M","M","M","?","?","R","E","M","T","E","R","?","?","M","R","BOSS"],"build_version":"2018-12-13","purchased_purges":0,"victory":false,"max_hp_per_floor":[66,66,66,66,66,66,66,66,66,66,66,66,66,66,66,66],"card_choices":[{"not_picked":["Bane","Blade Dance","Underhanded Strike"],"picked":"SKIP","floor":1.0},{"not_picked":["Underhanded Strike","Infinite Blades"],"picked":"Dagger Throw","floor":2.0},{"not_picked":["Outmaneuver","Dodge and Roll"],"picked":"Predator","floor":3.0},{"not_picked":["Outmaneuver","Concentrate","Riddle With Holes"],"picked":"SKIP","floor":7.0},{"not_picked":["Underhanded Strike","Dagger Spray"],"picked":"Masterful Stab","floor":8.0},{"not_picked":["Eviscerate","Cloak And Dagger"],"picked":"A Thousand Cuts","floor":10.0},{"not_picked":["Setup","Reflex"],"picked":"Dodge and Roll","floor":13.0},{"not_picked":["Poisoned Stab","Underhanded Strike"],"picked":"Backstab","floor":14.0}],"player_experience":1702597,"relics_obtained":[{"floor":7.0,"key":"War Paint"},{"floor":9.0,"key":"Anchor"},{"floor":10.0,"key":"Oddly Smooth Stone"}],"event_choices":[{"damage_healed":0.0,"max_hp_gain":0.0,"max_hp_loss":0.0,"gold_gain":0.0,"event_name":"Upgrade Shrine","player_choice":"Upgraded","floor":4.0,"gold_loss":0.0,"damage_taken":0.0,"cards_upgraded":["Predator"]},{"damage_healed":0.0,"max_hp_gain":0.0,"max_hp_loss":0.0,"gold_gain":0.0,"event_name":"Match and Keep!","player_choice":"1 cards matched","floor":12.0,"gold_loss":0.0,"damage_taken":0.0,"cards_obtained":["A Thousand Cuts"]}],"is_beta":true,"boss_relics":[],"items_purged_floors":[],"is_endless":false,"potions_floor_spawned":[2,3,8,13],"killed_by":"Hexaghost","ascension_level":20}