{"gold_per_floor":[111,121,46,62,73,106,6,36,59,59,69,82,257,268,268,364,364,377,1,1,18,0,0,0],"floor_reached":24,"playtime":2226,"items_purged":["Strike_B","Defend_B"],"score":208,"play_id":"a4eaa231-f3e9-4395-a76c-8eb03d555eed","local_time":"20190819123303","is_ascension_mode":false,"campfire_choices":[{"data":"Skim","floor":10,"key":"SMITH"},{"data":"Turbo","floor":15,"key":"SMITH"},{"data":"Seek","floor":23,"key":"SMITH"}],"neow_cost":"NONE","seed_source_timestamp":586655524335,"circlet_count":0,"master_deck":["Strike_B","Strike_B","Defend_B","Defend_B","Defend_B","Zap","Dualcast","Hyperbeam","Conserve Battery","Conserve Battery","Streamline","Skim+1","Seek+1","Turbo+1","Doubt","Skim","Meteor Strike","Tempest","Violence","Coolheaded"],"relics":["Cracked Core","Frozen Egg 2","DataDisk","Anchor","Lizard Tail","Chemical X"],"potions_floor_usage":[2,8,12,16,21,24],"damage_taken":[{"damage":2,"enemies":"2 Louse","floor":1,"turns":2},{"damage":4,"enemies":"Jaw Worm","floor":2,"turns":2},{"damage":0,"enemies":"Small Slimes","floor":4,"turns":2},{"damage":0,"enemies":"Exordium Wildlife","floor":5,"turns":2},{"damage":28,"enemies":"3 Sentries","floor":6,"turns":8},{"damage":1,"enemies":"Gremlin Nob","floor":8,"turns":3},{"damage":0,"enemies":"Gremlin Gang","floor":11,"turns":1},{"damage":0,"enemies":"Blue Slaver","floor":12,"turns":1},{"damage":0,"enemies":"Exordium Wildlife","floor":14,"turns":1},{"damage":32,"enemies":"The Guardian","floor":16,"turns":12},{"damage":5,"enemies":"Spheric Guardian","floor":18,"turns":3},{"damage":9,"enemies":"Shell Parasite","floor":21,"turns":4},{"damage":110,"enemies":"Gremlin Leader","floor":24,"turns":11}],"seed_played":"-1372557364250548572","potions_obtained":[{"floor":1,"key":"SkillPotion"},{"floor":2,"key":"Strength Potion"},{"floor":5,"key":"LiquidBronze"},{"floor":8,"key":"Energy Potion"},{"floor":18,"key":"SkillPotion"},{"floor":21,"key":"SkillPotion"}],"is_trial":false,"path_per_floor":["M","M","$","M","M","E","$","E","T","R","M","M","?","M","R","B",null,"M","$","?","M","?","R","E"],"character_chosen":"DEFECT","items_purchased":["Violence","Chemical X"],"campfire_rested":0,"item_purchase_floors":[19,19],"current_hp_per_floor":[73,69,69,69,69,41,41,40,40,40,40,40,40,40,40,8,75,70,70,70,61,61,61,0],"gold":0,"neow_bonus":"ONE_RANDOM_RARE_CARD","is_prod":false,"is_daily":false,"chose_seed":false,"campfire_upgraded":3,"win_rate":0,"timestamp":1566243183,"path_taken":["M","M","$","M","M","E","$","E","T","R","M","M","?","M","R","BOSS","M","$","?","M","?","R","E"],"build_version":"2019-07-17","purchased_purges":2,"victory":false,"max_hp_per_floor":[75,75,75,75,75,75,75,75,75,75,75,75,75,75,75,75,75,75,75,75,75,75,75,75],"card_choices":[{"not_picked":["Doom and Gloom","Stack","Go for the Eyes"],"picked":"SKIP","floor":1},{"not_picked":["Capacitor","Gash"],"picked":"Conserve Battery","floor":2},{"not_picked":["Stack","Streamline"],"picked":"Conserve Battery","floor":4},{"not_picked":["Steam","Go for the Eyes"],"picked":"Streamline","floor":5},{"not_picked":["Aggregate","Conserve Battery"],"picked":"Skim","floor":6},{"not_picked":["Chaos","Reprogram"],"picked":"Seek","floor":8},{"not_picked":["Leap","Force Field","Rip and Tear"],"picked":"SKIP","floor":11},{"not_picked":["Capacitor+1","Rebound"],"picked":"Turbo","floor":12},{"not_picked":["Barrage","Cold Snap"],"picked":"Skim","floor":14},{"not_picked":["Core Surge","Seek"],"picked":"Meteor Strike","floor":16},{"not_picked":["Reprogram","Turbo"],"picked":"Tempest","floor":18},{"not_picked":["Ball Lightning","Gash"],"picked":"Coolheaded","floor":21}],"player_experience":161004,"relics_obtained":[{"floor":6,"key":"Frozen Egg 2"},{"floor":8,"key":"DataDisk"},{"floor":9,"key":"Anchor"}],"event_choices":[{"damage_healed":0,"gold_gain":175,"player_choice":"AGREE","damage_taken":0,"max_hp_gain":0,"max_hp_loss":0,"event_name":"Liars Game","floor":13,"gold_loss":0,"cards_obtained":["Doubt"]},{"cards_removed":["Strike_B"],"damage_healed":0,"gold_gain":0,"player_choice":"Elegance","damage_taken":0,"max_hp_gain":0,"max_hp_loss":0,"event_name":"Back to Basics","floor":20,"gold_loss":0},{"damage_healed":0,"gold_gain":0,"player_choice":"Paid Fearfully","damage_taken":0,"max_hp_gain":0,"max_hp_loss":0,"event_name":"Masked Bandits","floor":22,"gold_loss":18}],"is_beta":false,"boss_relics":[{"not_picked":["Tiny House","Eternal Feather"],"picked":"Lizard Tail"}],"items_purged_floors":[3,7],"is_endless":false,"potions_floor_spawned":[1,2,5,8,18,21],"killed_by":"Gremlin Leader","ascension_level":0}