{"gold_per_floor":[118,118,35,50,70,96,96,96],"floor_reached":8,"playtime":340,"items_purged":[],"score":112,"play_id":"1f5c2f92-342e-40c1-b397-4920017094ff","local_time":"20190121163612","is_ascension_mode":true,"campfire_choices":[{"data":"Glass Knife","floor":7.0,"key":"SMITH"}],"neow_cost":"TEN_PERCENT_HP_LOSS","seed_source_timestamp":1015534096566145,"circlet_count":0,"master_deck":["AscendersBane","Defend_G","Defend_G","Defend_G","Defend_G","Defend_G","Strike_G","Strike_G","Strike_G","Strike_G","Strike_G","Survivor","Neutralize","Glass Knife+1","Flying Knee","Neutralize","Caltrops"],"special_seed":0,"relics":["Ring of the Snake","Bottled Tornado"],"potions_floor_usage":[],"damage_taken":[{"damage":0.0,"enemies":"2 Louse","floor":1.0,"turns":3.0},{"damage":0.0,"enemies":"Cultist","floor":4.0,"turns":3.0},{"damage":2.0,"enemies":"Jaw Worm","floor":5.0,"turns":4.0},{"damage":22.0,"enemies":"3 Sentries","floor":6.0,"turns":9.0},{"damage":37,"enemies":"Lagavulin","floor":8,"turns":8}],"seed_played":"-8335904513261231975","potions_obtained":[{"floor":4.0,"key":"Fire Potion"}],"is_trial":false,"path_per_floor":["?"],"character_chosen":"THE_SILENT","items_purchased":["Caltrops"],"campfire_rested":0,"item_purchase_floors":[3],"current_hp_per_floor":[59,59,59,59,57,35,35,0],"gold":96,"neow_bonus":"THREE_RARE_CARDS","is_prod":false,"is_daily":false,"chose_seed":false,"campfire_upgraded":1,"win_rate":0,"timestamp":1548088572,"path_taken":["M","?","$","M","M","E","R","E"],"build_version":"2019-01-20","purchased_purges":0,"victory":false,"max_hp_per_floor":[60,60,60,60,60,60,60,60],"card_choices":[{"not_picked":["A Thousand Cuts","Burst"],"picked":"Glass Knife","floor":0.0},{"not_picked":["Blade Dance","Outmaneuver"],"picked":"Flying Knee","floor":1.0},{"not_picked":["Flechettes","Acrobatics","Deflect"],"picked":"SKIP","floor":4.0},{"not_picked":["Underhanded Strike","Terror","Doppelganger"],"picked":"SKIP","floor":5.0},{"not_picked":["Backflip","Dodge and Roll","Caltrops"],"picked":"SKIP","floor":6.0}],"player_experience":1766326,"relics_obtained":[{"floor":6.0,"key":"Bottled Tornado"}],"event_choices":[{"damage_healed":0.0,"max_hp_gain":0.0,"max_hp_loss":0.0,"gold_gain":0.0,"event_name":"Match and Keep!","player_choice":"1 cards matched","floor":2.0,"gold_loss":0.0,"damage_taken":0.0,"cards_obtained":["Neutralize"]}],"is_beta":true,"boss_relics":[],"items_purged_floors":[],"is_endless":false,"potions_floor_spawned":[4],"killed_by":"Lagavulin","ascension_level":20}