{"gold_per_floor":[118,132,18,18,33,33,67,67,118,29,59,102,102,136,136,136],"floor_reached":16,"playtime":485,"items_purged":["Strike_R"],"score":282,"play_id":"d5d584bd-c767-4c9e-9dc5-df6f30373389","local_time":"20190709221821","is_ascension_mode":true,"campfire_choices":[{"data":"Inflame","floor":6.0,"key":"SMITH"},{"data":"Armaments","floor":13.0,"key":"SMITH"},{"data":"Flame Barrier","floor":15.0,"key":"SMITH"}],"neow_cost":"NONE","seed_source_timestamp":0,"circlet_count":0,"master_deck":["AscendersBane","Strike_R","Strike_R","Strike_R","Strike_R+1","Defend_R","Defend_R","Defend_R","Defend_R","Bash+1","Shrug It Off","Carnage","Inflame+1","Sword Boomerang","Armaments+1","Flame Barrier+1","Shrug It Off","Shrug It Off"],"special_seed":0,"relics":["Burning Blood","Dream Catcher","Golden Idol","PreservedInsect","Tiny Chest","Shuriken","Kunai"],"potions_floor_usage":[16,16],"damage_taken":[{"damage":5.0,"enemies":"Small Slimes","floor":1.0,"turns":4.0},{"damage":3.0,"enemies":"2 Louse","floor":2.0,"turns":3.0},{"damage":2.0,"enemies":"Jaw Worm","floor":5.0,"turns":3.0},{"damage":8.0,"enemies":"Gremlin Nob","floor":7.0,"turns":3.0},{"damage":21.0,"enemies":"3 Sentries","floor":12.0,"turns":11.0},{"damage":0.0,"enemies":"Gremlin Nob","floor":14.0,"turns":3.0},{"damage":28,"enemies":"Hexaghost","floor":16,"turns":9}],"seed_played":"-7185957503037385534","potions_obtained":[{"floor":0.0,"key":"PowerPotion"},{"floor":0.0,"key":"Fire Potion"},{"floor":12.0,"key":"Explosive Potion"},{"floor":14.0,"key":"Fire Potion"}],"is_trial":false,"path_per_floor":["M","M","$","?","M","R","E","?","T","$","?","E","R","E","R","B"],"character_chosen":"IRONCLAD","items_purchased":["Inflame","Flame Barrier"],"campfire_rested":0,"item_purchase_floors":[3,10],"current_hp_per_floor":[69,72,72,49,53,53,51,51,51,51,33,18,18,24,24,0],"gold":136,"neow_bonus":"THREE_SMALL_POTIONS","is_prod":false,"is_daily":false,"chose_seed":false,"campfire_upgraded":3,"win_rate":0,"timestamp":1562707101,"path_taken":["M","M","$","?","M","R","E","?","T","$","?","E","R","E","R","BOSS"],"build_version":"2019-07-03","purchased_purges":1,"victory":false,"max_hp_per_floor":[75,75,75,75,75,75,75,68,68,68,68,68,68,68,68,68],"card_choices":[{"not_picked":["Warcry","Iron Wave"],"picked":"Shrug It Off","floor":1.0},{"not_picked":["Fire Breathing","Ghostly Armor"],"picked":"Carnage","floor":2.0},{"not_picked":["Rupture","Warcry"],"picked":"Sword Boomerang","floor":5.0},{"not_picked":["Headbutt","Wild Strike"],"picked":"Armaments","floor":7.0},{"not_picked":["Clash","Armaments"],"picked":"Shrug It Off","floor":12.0},{"not_picked":["Clash","Sentinel"],"picked":"Shrug It Off","floor":14.0}],"player_experience":2187353,"relics_obtained":[{"floor":7.0,"key":"Dream Catcher"},{"floor":9.0,"key":"PreservedInsect"},{"floor":12.0,"key":"Shuriken"},{"floor":14.0,"key":"Kunai"}],"event_choices":[{"damage_healed":0.0,"max_hp_gain":0.0,"max_hp_loss":0.0,"gold_gain":0.0,"event_name":"Shining Light","player_choice":"Entered Light","floor":4.0,"gold_loss":0.0,"damage_taken":23.0,"cards_upgraded":["Strike_R","Bash"]},{"damage_healed":0.0,"max_hp_gain":0.0,"max_hp_loss":7.0,"gold_gain":0.0,"event_name":"Golden Idol","player_choice":"Lose Max HP","floor":8.0,"gold_loss":0.0,"damage_taken":0.0,"relics_obtained":["Golden Idol"]},{"damage_healed":0.0,"max_hp_gain":0.0,"max_hp_loss":0.0,"gold_gain":0.0,"event_name":"Scrap Ooze","player_choice":"Success","floor":11.0,"gold_loss":0.0,"damage_taken":18.0,"relics_obtained":["Tiny Chest"]}],"is_beta":true,"boss_relics":[],"items_purged_floors":[3],"is_endless":false,"potions_floor_spawned":[5,12,14],"killed_by":"Hexaghost","ascension_level":20}