{"gold_per_floor":[115,129,204,217,122,157,157,171,198,198,226,244,244,279,279,383,383,394,206,225,240,165,165,183,183,183,218,218,150,178,188,188,293,293,305,321,139,154,168,168,168,168,192,212,212,232,252,252,252,252],"floor_reached":50,"playtime":4810,"items_purged":[],"score":529,"play_id":"5f4ae0c3-7892-43a3-91af-eefa9e017f40","local_time":"20190813184232","is_ascension_mode":false,"campfire_choices":[{"data":"Footwork","floor":7,"key":"SMITH"},{"data":"Dash","floor":10,"key":"SMITH"},{"data":"Cloak And Dagger","floor":13,"key":"SMITH"},{"data":"Deflect","floor":15,"key":"SMITH"},{"data":"Eviscerate","floor":28,"key":"SMITH"},{"floor":32,"key":"REST"},{"floor":40,"key":"RECALL"},{"data":"The Bomb","floor":42,"key":"SMITH"},{"floor":45,"key":"REST"},{"data":"Footwork","floor":49,"key":"SMITH"}],"neow_cost":"NONE","seed_source_timestamp":1960721300299300,"circlet_count":0,"master_deck":["Strike_G","Strike_G","Strike_G","Strike_G","Defend_G+1","Defend_G","Defend_G","Defend_G","Defend_G","Survivor","Neutralize","Acrobatics","Flying Knee","Dash+1","Enlightenment+1","Footwork+1","Dagger Spray","Dagger Throw","Cloak And Dagger+1","Deflect+1","Doppelganger","Riddle With Holes+1","The Bomb+1","Eviscerate+1","Backflip","Footwork+1","Envenom","Deadly Poison+1","Malaise+1","Mayhem","Skewer","Bouncing Flask+1","Injury","PiercingWail+1"],"relics":["Ring of the Snake","Lantern","Vajra","Omamori","PreservedInsect","Snecko Eye","Matryoshka","Toxic Egg 2","Bird Faced Urn","Orichalcum","Cursed Key","GremlinMask","War Paint","Strawberry"],"potions_floor_usage":[6,16,30,50,50],"damage_taken":[{"damage":0,"enemies":"2 Louse","floor":1,"turns":4},{"damage":0,"enemies":"Jaw Worm","floor":2,"turns":6},{"damage":5,"enemies":"Small Slimes","floor":4,"turns":5},{"damage":25,"enemies":"Lagavulin","floor":6,"turns":11},{"damage":0,"enemies":"Blue Slaver","floor":8,"turns":4},{"damage":3,"enemies":"3 Sentries","floor":11,"turns":7},{"damage":0,"enemies":"Looter","floor":12,"turns":4},{"damage":4,"enemies":"Gremlin Nob","floor":14,"turns":4},{"damage":12,"enemies":"Hexaghost","floor":16,"turns":11},{"damage":0,"enemies":"Shell Parasite","floor":18,"turns":4},{"damage":0,"enemies":"3 Byrds","floor":20,"turns":5},{"damage":0,"enemies":"Centurion and Healer","floor":21,"turns":4},{"damage":6,"enemies":"Shelled Parasite and Fungi","floor":24,"turns":4},{"damage":0,"enemies":"Gremlin Leader","floor":27,"turns":5},{"damage":27,"enemies":"Slavers","floor":30,"turns":7},{"damage":19,"enemies":"3 Cultists","floor":31,"turns":6},{"damage":28,"enemies":"Automaton","floor":33,"turns":9},{"damage":0,"enemies":"3 Darklings","floor":35,"turns":5},{"damage":0,"enemies":"Orb Walker","floor":36,"turns":3},{"damage":0,"enemies":"4 Shapes","floor":38,"turns":3},{"damage":21,"enemies":"3 Darklings","floor":39,"turns":4},{"damage":22,"enemies":"Jaw Worm Horde","floor":44,"turns":4},{"damage":0,"enemies":"4 Shapes","floor":46,"turns":5},{"damage":0,"enemies":"Spire Growth","floor":47,"turns":4},{"damage":97,"enemies":"Donu and Deca","floor":50,"turns":10}],"seed_played":"6775856497708357351","potions_obtained":[{"floor":2,"key":"GhostInAJar"},{"floor":4,"key":"SkillPotion"},{"floor":6,"key":"Strength Potion"},{"floor":14,"key":"Swift Potion"},{"floor":21,"key":"Ancient Potion"},{"floor":24,"key":"Strength Potion"},{"floor":33,"key":"PowerPotion"},{"floor":35,"key":"LiquidBronze"}],"is_trial":false,"path_per_floor":["M","M","?","M","$","E","R","M","T","R","E","M","R","E","R","B",null,"M","$","M","M","?","?","M","?","T","E","R","$","E","M","R","B",null,"M","M","$","M","M","R","?","R","T","M","R","M","M","?","R","B"],"character_chosen":"THE_SILENT","items_purchased":["Enlightenment","The Bomb","Footwork","Mayhem"],"campfire_rested":2,"item_purchase_floors":[5,19,29,37],"current_hp_per_floor":[77,77,66,61,61,36,36,36,36,36,33,33,33,29,29,17,77,77,77,77,77,77,77,71,71,71,71,71,71,48,33,56,32,77,77,77,77,77,60,60,60,60,67,49,74,82,84,84,84,0],"gold":252,"neow_bonus":"TEN_PERCENT_HP_BONUS","is_prod":false,"is_daily":false,"chose_seed":false,"campfire_upgraded":7,"win_rate":0,"timestamp":1565746952,"path_taken":["M","M","?","M","$","E","R","M","T","R","E","M","R","E","R","BOSS","M","$","M","M","?","?","M","?","T","E","R","?","E","M","R","BOSS","M","M","$","M","M","R","?","R","T","?","R","M","M","?","R","BOSS"],"build_version":"2019-07-17","purchased_purges":0,"victory":false,"max_hp_per_floor":[77,77,77,77,77,77,77,77,77,77,77,77,77,77,77,77,77,77,77,77,77,77,77,77,77,77,77,77,77,77,77,77,77,77,77,77,77,77,77,77,77,77,84,84,84,84,84,84,84,84],"card_choices":[{"not_picked":["Outmaneuver","Prepared"],"picked":"Acrobatics","floor":1},{"not_picked":["Prepared","Calculated Gamble"],"picked":"Flying Knee","floor":2},{"not_picked":["Dagger Throw","Flying Knee"],"picked":"Dash","floor":4},{"not_picked":["Corpse Explosion","Catalyst"],"picked":"Footwork","floor":6},{"not_picked":["Slice","Blade Dance"],"picked":"Dagger Spray","floor":8},{"not_picked":["Eviscerate","Bane"],"picked":"Dagger Throw","floor":11},{"not_picked":["Deflect","Wraith Form v2"],"picked":"Cloak And Dagger","floor":12},{"not_picked":["Acrobatics","Expertise"],"picked":"Deflect","floor":14},{"not_picked":["Wraith Form v2","Phantasmal Killer"],"picked":"Doppelganger","floor":16},{"not_picked":["Sucker Punch","Dodge and Roll"],"picked":"Riddle With Holes+1","floor":18},{"not_picked":["Masterful Stab","Blade Dance+1","Outmaneuver"],"picked":"SKIP","floor":20},{"not_picked":["Dagger Spray+1","Bane+1"],"picked":"Eviscerate","floor":21},{"not_picked":["Dagger Spray","Bane"],"picked":"Backflip","floor":24},{"not_picked":["Bane","Underhanded Strike","Cloak And Dagger+1"],"picked":"SKIP","floor":27},{"not_picked":["Cloak And Dagger+1","Backflip+1"],"picked":"Envenom","floor":30},{"not_picked":["Flying Knee","Accuracy"],"picked":"Deadly Poison+1","floor":31},{"not_picked":["Storm of Steel+1","Wraith Form v2"],"picked":"Malaise+1","floor":33},{"not_picked":["Slice+1","Backstab+1","Finisher+1"],"picked":"SKIP","floor":35},{"not_picked":["Heel Hook+1","Backstab+1","Blade Dance+1"],"picked":"SKIP","floor":36},{"not_picked":["Dagger Spray","Acrobatics+1"],"picked":"Skewer","floor":38},{"not_picked":["Cloak And Dagger+1","Expertise+1"],"picked":"Bouncing Flask+1","floor":39},{"not_picked":["Catalyst+1","Acrobatics+1","Tactician+1"],"picked":"SKIP","floor":44},{"not_picked":["Flying Knee","Acrobatics+1","Deadly Poison+1"],"picked":"SKIP","floor":46},{"not_picked":["Reflex+1","Deadly Poison+1"],"picked":"PiercingWail+1","floor":47}],"player_experience":78476,"relics_obtained":[{"floor":6,"key":"Lantern"},{"floor":9,"key":"Vajra"},{"floor":11,"key":"Omamori"},{"floor":14,"key":"PreservedInsect"},{"floor":26,"key":"Toxic Egg 2"},{"floor":27,"key":"Bird Faced Urn"},{"floor":30,"key":"Orichalcum"},{"floor":43,"key":"War Paint"},{"floor":43,"key":"Strawberry"}],"event_choices":[{"damage_healed":0,"gold_gain":75,"player_choice":"Gather Gold","damage_taken":11,"max_hp_gain":0,"max_hp_loss":0,"event_name":"World of Goop","floor":3,"gold_loss":0},{"cards_removed":["Strike_G"],"damage_healed":0,"gold_gain":0,"player_choice":"Gave Gold","damage_taken":0,"max_hp_gain":0,"max_hp_loss":0,"event_name":"Beggar","floor":22,"gold_loss":75},{"damage_healed":0,"gold_gain":0,"player_choice":"Smashed Altar","damage_taken":0,"max_hp_gain":0,"max_hp_loss":0,"event_name":"Forgotten Altar","floor":23,"gold_loss":0,"cards_obtained":["Decay"]},{"damage_healed":0,"gold_gain":0,"player_choice":"Opened","damage_taken":0,"relics_obtained":["Matryoshka"],"max_hp_gain":0,"max_hp_loss":0,"event_name":"The Mausoleum","floor":25,"gold_loss":0,"cards_obtained":["Writhe"]},{"damage_healed":0,"gold_gain":0,"player_choice":"Trade","damage_taken":0,"relics_obtained":["GremlinMask"],"max_hp_gain":0,"max_hp_loss":0,"event_name":"FaceTrader","floor":41,"gold_loss":0},{"damage_healed":0,"gold_gain":0,"player_choice":"Bought 0 Potions","damage_taken":0,"max_hp_gain":0,"max_hp_loss":0,"event_name":"The Woman in Blue","floor":48,"gold_loss":0}],"is_beta":false,"boss_relics":[{"not_picked":["Eternal Feather","Velvet Choker"],"picked":"Snecko Eye"},{"not_picked":["White Beast Statue","Calling Bell"],"picked":"Cursed Key"}],"items_purged_floors":[],"is_endless":false,"potions_floor_spawned":[2,4,6,14,21,24,33,35,39,46,47],"killed_by":"Donu and Deca","ascension_level":0}