{"gold_per_floor":[114,134,148,73,53,53,80,80,132,132,145,172,172,188,188,262,262,282,301,301,34,46,46,79,79,79,79,104,118,149,180,180,254,254,266,266,286,1,21,21],"floor_reached":40,"playtime":6575,"items_purged":["Strike_G"],"score":983,"play_id":"2651fa16-a7fe-41c1-8444-15d3277c018c","local_time":"20190730012812","is_ascension_mode":true,"campfire_choices":[{"data":"Poisoned Stab","floor":6.0,"key":"SMITH"},{"data":"Dagger Spray","floor":8.0,"key":"SMITH"},{"data":"Riddle With Holes","floor":10.0,"key":"SMITH"},{"data":"Bouncing Flask","floor":13.0,"key":"SMITH"},{"data":"Cloak And Dagger","floor":15.0,"key":"SMITH"},{"floor":23.0,"key":"REST"},{"data":"Corpse Explosion","floor":25,"key":"SMITH"},{"floor":27,"key":"REST"},{"data":"Footwork","floor":32,"key":"SMITH"}],"neow_cost":"NONE","seed_source_timestamp":1151098849503339,"circlet_count":0,"master_deck":["AscendersBane","Strike_G","Strike_G","Defend_G","Defend_G","Defend_G","Defend_G","Defend_G","Survivor","Neutralize+1","Riddle With Holes+1","Cloak And Dagger+1","Poisoned Stab+1","Dagger Spray+1","Bouncing Flask+1","Corpse Explosion+1","Backflip","Well Laid Plans","Footwork+1","PiercingWail","Leg Sweep","Deflect+1","Bullet Time","Deadly Poison","Dodge and Roll+1","Malaise","Dodge and Roll","Catalyst+1"],"special_seed":0,"relics":["Ring of the Snake","Strawberry","Pen Nib","Ninja Scroll","Empty Cage","Blood Vial","Torii","Mango","Bag of Marbles","Red Mask","Snecko Eye","Mercury Hourglass","Pantograph"],"potions_floor_usage":[24,24,33,39,40],"damage_taken":[{"damage":1.0,"enemies":"Jaw Worm","floor":1.0,"turns":4.0},{"damage":4.0,"enemies":"Cultist","floor":2.0,"turns":3.0},{"damage":0.0,"enemies":"2 Louse","floor":3.0,"turns":3.0},{"damage":21.0,"enemies":"3 Sentries","floor":7.0,"turns":13.0},{"damage":3.0,"enemies":"Red Slaver","floor":11.0,"turns":3.0},{"damage":19.0,"enemies":"Gremlin Nob","floor":12.0,"turns":4.0},{"damage":0.0,"enemies":"Large Slime","floor":14.0,"turns":3.0},{"damage":17.0,"enemies":"Hexaghost","floor":16.0,"turns":8.0},{"damage":18.0,"enemies":"2 Thieves","floor":18.0,"turns":3.0},{"damage":26.0,"enemies":"Chosen","floor":19.0,"turns":4.0},{"damage":14.0,"enemies":"Snake Plant","floor":22.0,"turns":5.0},{"damage":8,"enemies":"Slavers","floor":24,"turns":3},{"damage":13,"enemies":"Book of Stabbing","floor":28,"turns":6},{"damage":0,"enemies":"Centurion and Healer","floor":29,"turns":5},{"damage":2,"enemies":"Gremlin Leader","floor":30,"turns":8},{"damage":0,"enemies":"Masked Bandits","floor":31,"turns":2},{"damage":40,"enemies":"Champ","floor":33,"turns":15},{"damage":7,"enemies":"Orb Walker","floor":35,"turns":4},{"damage":12,"enemies":"3 Darklings","floor":37,"turns":4},{"damage":29,"enemies":"Maw","floor":39,"turns":8},{"damage":50,"enemies":"Giant Head","floor":40,"turns":8}],"seed_played":"-604982435622552727","potions_obtained":[{"floor":1.0,"key":"Block Potion"},{"floor":2.0,"key":"Regen Potion"},{"floor":3.0,"key":"Poison Potion"},{"floor":7.0,"key":"EssenceOfSteel"},{"floor":16.0,"key":"Block Potion"},{"floor":22.0,"key":"Block Potion"},{"floor":29,"key":"GamblersBrew"},{"floor":30,"key":"AttackPotion"},{"floor":33,"key":"Swift Potion"},{"floor":37,"key":"Regen Potion"}],"is_trial":false,"path_per_floor":["M","M","M","$","?","R","E","R","T","R","M","E","R","M","R","B",null,"M","M","?","$","M","R","E","R","T","R","E","M","E","?","R","B",null,"M","?","M","$","M","E"],"character_chosen":"THE_SILENT","items_purchased":["Footwork","PiercingWail","Leg Sweep","Strength Potion","Pantograph"],"campfire_rested":2,"item_purchase_floors":[21,21,21,21,38],"current_hp_per_floor":[58,54,54,54,54,54,40,40,40,40,37,18,18,18,18,1,55,37,11,11,11,12,33,25,25,25,46,49,51,51,53,53,15,69,64,64,54,54,41,0],"gold":21,"neow_bonus":"UPGRADE_CARD","is_prod":false,"is_daily":false,"chose_seed":false,"campfire_upgraded":7,"win_rate":0,"timestamp":1564446492,"path_taken":["M","M","M","$","?","R","E","R","T","R","?","E","R","M","R","BOSS","M","M","?","$","M","R","E","R","T","R","E","M","E","?","R","BOSS","M","?","?","$","M","E"],"build_version":"2019-07-18","purchased_purges":1,"victory":false,"max_hp_per_floor":[66,66,66,66,66,66,73,73,73,73,73,73,73,73,73,73,73,73,73,73,73,73,73,73,73,73,73,87,87,87,87,87,87,87,87,87,87,87,87,87],"card_choices":[{"not_picked":["PiercingWail","Dodge and Roll"],"picked":"Riddle With Holes","floor":1.0},{"not_picked":["Acrobatics","Distraction"],"picked":"Cloak And Dagger","floor":2.0},{"not_picked":["Flechettes","Choke"],"picked":"Poisoned Stab","floor":3.0},{"not_picked":["Predator","Poisoned Stab"],"picked":"Dagger Spray","floor":7.0},{"not_picked":["Terror","Deflect","Escape Plan"],"picked":"SKIP","floor":11.0},{"not_picked":["Infinite Blades","Terror"],"picked":"Bouncing Flask","floor":12.0},{"not_picked":["Quick Slash","Calculated Gamble","Underhanded Strike"],"picked":"SKIP","floor":14.0},{"not_picked":["Adrenaline","Venomology"],"picked":"Corpse Explosion","floor":16.0},{"not_picked":["Choke","Riddle With Holes","Underhanded Strike"],"picked":"SKIP","floor":18.0},{"not_picked":["Dagger Throw","Predator"],"picked":"Backflip","floor":19.0},{"not_picked":["Dagger Throw","Expertise"],"picked":"Deflect+1","floor":22.0},{"not_picked":["Tactician","Concentrate","Underhanded Strike"],"picked":"SKIP","floor":24},{"not_picked":["Dodge and Roll","Quick Slash"],"picked":"Bullet Time","floor":28},{"not_picked":["Bane","Infinite Blades","Masterful Stab+1"],"picked":"SKIP","floor":29},{"not_picked":["Setup","Poisoned Stab"],"picked":"Deadly Poison","floor":30},{"not_picked":["Deflect","Cloak And Dagger"],"picked":"Dodge and Roll+1","floor":31},{"not_picked":["Venomology","Envenom"],"picked":"Malaise","floor":33},{"not_picked":["Poisoned Stab","Deflect+1"],"picked":"Dodge and Roll","floor":35},{"not_picked":["Riddle With Holes","Backflip"],"picked":"Catalyst+1","floor":37},{"not_picked":["Terror","Blade Dance","Masterful Stab"],"picked":"SKIP","floor":39}],"player_experience":2259371,"relics_obtained":[{"floor":7.0,"key":"Strawberry"},{"floor":9.0,"key":"Pen Nib"},{"floor":12.0,"key":"Ninja Scroll"},{"floor":24,"key":"Blood Vial"},{"floor":26,"key":"Torii"},{"floor":28,"key":"Mango"},{"floor":30,"key":"Bag of Marbles"},{"floor":31,"key":"Red Mask"}],"event_choices":[{"damage_healed":0.0,"max_hp_gain":0.0,"max_hp_loss":0.0,"gold_gain":0.0,"event_name":"The Woman in Blue","player_choice":"Bought 1 Potion","floor":5.0,"gold_loss":0.0,"damage_taken":0.0},{"damage_healed":0.0,"max_hp_gain":0.0,"max_hp_loss":0.0,"gold_gain":0.0,"event_name":"The Library","player_choice":"Read","floor":20.0,"gold_loss":0.0,"damage_taken":0.0,"cards_obtained":["Well Laid Plans"]},{"damage_healed":0,"gold_gain":0,"player_choice":"Fought Bandits","damage_taken":0,"max_hp_gain":0,"max_hp_loss":0,"event_name":"Masked Bandits","floor":31,"gold_loss":0},{"damage_healed":0,"gold_gain":0,"player_choice":"Gave Potion","damage_taken":0,"relics_obtained":["Mercury Hourglass"],"max_hp_gain":0,"max_hp_loss":0,"event_name":"WeMeetAgain","floor":36,"gold_loss":0}],"is_beta":true,"boss_relics":[{"not_picked":["Eternal Feather","Ring of the Serpent"],"picked":"Empty Cage"},{"not_picked":["Lizard Tail","Coffee Dripper"],"picked":"Snecko Eye"}],"items_purged_floors":[4],"is_endless":false,"potions_floor_spawned":[1,2,3,7,16,22,29,30,31,33,35,37],"killed_by":"Giant Head","ascension_level":20}