{"gold_per_floor":[115,129,149,46,46,77,77,77,100,100,118,141,141,206,206,283,283,303,322,322,341,359,359,377,377,401,401,414,426,476,366,366,366],"floor_reached":33,"playtime":2209,"items_purged":[],"score":432,"play_id":"da05c863-ca41-40a5-8db0-b71f60920ddc","local_time":"20190817210026","is_ascension_mode":true,"campfire_choices":[{"floor":8,"key":"REST"},{"floor":13,"key":"REST"},{"data":"Armaments","floor":15,"key":"SMITH"},{"floor":23,"key":"REST"},{"floor":25,"key":"REST"},{"data":"Whirlwind","floor":27,"key":"SMITH"},{"data":"Bash","floor":32,"key":"SMITH"}],"neow_cost":"NONE","seed_source_timestamp":356680891014404,"circlet_count":0,"master_deck":["AscendersBane","Strike_R","Strike_R","Strike_R","Defend_R","Defend_R","Defend_R","Defend_R","Bash+1","Sword Boomerang","Sentinel","Twin Strike","True Grit","Evolve","Barricade","Havoc","Armaments+1","Rampage","Anger","Headbutt","Shrug It Off","Immolate","Sever Soul","Disarm+1","Flame Barrier+1","Impervious","Battle Trance","Ghostly Armor","Whirlwind+1","Combust"],"relics":["Black Blood","Happy Flower","Dream Catcher","Bronze Scales","Smiling Mask","Odd Mushroom","Potion Belt","Lantern"],"potions_floor_usage":[12,12,14,21,22,22,28,29,33],"damage_taken":[{"damage":1,"enemies":"Cultist","floor":1,"turns":4},{"damage":9,"enemies":"Jaw Worm","floor":2,"turns":5},{"damage":6,"enemies":"2 Louse","floor":3,"turns":3},{"damage":39,"enemies":"Gremlin Nob","floor":6,"turns":5},{"damage":9,"enemies":"2 Fungi Beasts","floor":11,"turns":5},{"damage":14,"enemies":"The Mushroom Lair","floor":12,"turns":5},{"damage":18,"enemies":"3 Sentries","floor":14,"turns":7},{"damage":32,"enemies":"Hexaghost","floor":16,"turns":10},{"damage":22,"enemies":"2 Thieves","floor":18,"turns":2},{"damage":28,"enemies":"Chosen","floor":19,"turns":7},{"damage":12,"enemies":"Shelled Parasite and Fungi","floor":21,"turns":5},{"damage":10,"enemies":"Snecko","floor":22,"turns":6},{"damage":21,"enemies":"Chosen and Byrds","floor":24,"turns":7},{"damage":3,"enemies":"Centurion and Healer","floor":28,"turns":6},{"damage":26,"enemies":"Snake Plant","floor":29,"turns":5},{"damage":61,"enemies":"Collector","floor":33,"turns":6}],"seed_played":"-3473919973061906162","potions_obtained":[{"floor":6,"key":"EssenceOfSteel"},{"floor":11,"key":"EssenceOfSteel"},{"floor":12,"key":"AttackPotion"},{"floor":16,"key":"FearPotion"},{"floor":20,"key":"Weak Potion"},{"floor":20,"key":"Weak Potion"},{"floor":21,"key":"Weak Potion"},{"floor":22,"key":"Energy Potion"},{"floor":24,"key":"SpeedPotion"}],"is_trial":false,"path_per_floor":["M","M","M","$","?","E","?","R","T","?","M","?","R","?","R","B",null,"M","M","?","M","M","R","M","R","T","R","M","M","?","?","R","B"],"character_chosen":"IRONCLAD","items_purchased":["True Grit","Evolve"],"campfire_rested":4,"item_purchase_floors":[4,4],"current_hp_per_floor":[73,70,70,70,70,37,19,41,41,41,38,30,52,40,40,14,60,48,30,30,28,28,50,39,61,61,61,68,52,52,52,52,0],"gold":366,"neow_bonus":"RANDOM_COMMON_RELIC","is_prod":false,"is_daily":false,"chose_seed":false,"campfire_upgraded":3,"win_rate":0,"timestamp":1566100826,"path_taken":["M","M","M","$","?","E","?","R","T","?","M","?","R","?","R","BOSS","M","M","?","?","M","R","M","R","T","R","M","M","?","?","R","BOSS"],"build_version":"2019-07-17","purchased_purges":0,"victory":false,"max_hp_per_floor":[75,75,75,75,75,75,75,75,75,75,75,75,75,75,75,75,75,75,75,75,75,75,75,75,75,75,75,75,75,75,75,75,75],"card_choices":[{"not_picked":["Wild Strike","Sever Soul"],"picked":"Sword Boomerang","floor":1},{"not_picked":["Fire Breathing","Sword Boomerang"],"picked":"Sentinel","floor":2},{"not_picked":["Perfected Strike","Flex"],"picked":"Twin Strike","floor":3},{"not_picked":["True Grit","Seeing Red"],"picked":"Barricade","floor":6},{"not_picked":["Wild Strike","Sword Boomerang"],"picked":"Havoc","floor":8},{"not_picked":["Twin Strike","Seeing Red"],"picked":"Rampage","floor":11},{"not_picked":["Dual Wield","Fire Breathing"],"picked":"Anger","floor":12},{"not_picked":["Flex","Uppercut"],"picked":"Headbutt","floor":13},{"not_picked":["Headbutt","Sword Boomerang"],"picked":"Shrug It Off","floor":14},{"not_picked":["Reaper","Demon Form"],"picked":"Immolate","floor":16},{"not_picked":["Pommel Strike+1","Armaments"],"picked":"Sever Soul","floor":18},{"not_picked":["Flex","Wild Strike"],"picked":"Disarm","floor":19},{"not_picked":["Metallicize","Warcry+1"],"picked":"Flame Barrier+1","floor":21},{"not_picked":["Flex","Evolve"],"picked":"Impervious","floor":22},{"not_picked":["Sword Boomerang","Pommel Strike"],"picked":"Battle Trance","floor":23},{"not_picked":["Body Slam","True Grit"],"picked":"Ghostly Armor","floor":24},{"not_picked":["Sever Soul","Twin Strike"],"picked":"Whirlwind","floor":25},{"not_picked":["Flex","Cleave","Rampage+1"],"picked":"SKIP","floor":28},{"not_picked":["Sword Boomerang","Rampage"],"picked":"Combust","floor":29}],"player_experience":629209,"relics_obtained":[{"floor":6,"key":"Dream Catcher"},{"floor":9,"key":"Smiling Mask"},{"floor":12,"key":"Odd Mushroom"},{"floor":14,"key":"Potion Belt"},{"floor":26,"key":"Lantern"}],"event_choices":[{"damage_healed":0,"gold_gain":0,"player_choice":"Ignored","damage_taken":0,"max_hp_gain":0,"max_hp_loss":0,"event_name":"Shining Light","floor":5,"gold_loss":0},{"damage_healed":0,"gold_gain":0,"player_choice":"Success","damage_taken":18,"relics_obtained":["Bronze Scales"],"max_hp_gain":0,"max_hp_loss":0,"event_name":"Scrap Ooze","floor":7,"gold_loss":0},{"damage_healed":0,"gold_gain":0,"cards_transformed":["Strike_R"],"player_choice":"Change","damage_taken":0,"max_hp_gain":0,"max_hp_loss":0,"event_name":"Living Wall","floor":10,"gold_loss":0,"cards_obtained":["Armaments"]},{"damage_healed":0,"gold_gain":0,"player_choice":"Fought Mushrooms","damage_taken":0,"max_hp_gain":0,"max_hp_loss":0,"event_name":"Mushrooms","floor":12,"gold_loss":0},{"damage_healed":0,"gold_gain":0,"player_choice":"Searched \u00271\u0027 times","damage_taken":0,"max_hp_gain":0,"max_hp_loss":0,"event_name":"Dead Adventurer","floor":14,"gold_loss":0},{"damage_healed":0,"gold_gain":0,"player_choice":"Got Potions","damage_taken":0,"max_hp_gain":0,"max_hp_loss":0,"event_name":"Lab","floor":20,"gold_loss":0},{"damage_healed":0,"gold_gain":50,"player_choice":"Stole From Cult","damage_taken":0,"max_hp_gain":0,"max_hp_loss":0,"event_name":"Nest","floor":30,"gold_loss":0},{"cards_removed":["Strike_R"],"damage_healed":0,"gold_gain":0,"player_choice":"Upgrade and Remove","damage_taken":0,"max_hp_gain":0,"max_hp_loss":0,"event_name":"Designer","floor":31,"gold_loss":110,"cards_upgraded":["Disarm"]}],"is_beta":false,"boss_relics":[{"not_picked":["Runic Cube","Pandora\u0027s Box"],"picked":"Black Blood"}],"items_purged_floors":[],"is_endless":false,"potions_floor_spawned":[6,11,12,16,21,22,24],"killed_by":"Collector","ascension_level":15}