{"gold_per_floor":[109,109,122,122,122,122,132,149,149,166,197,207,226,256,256,355,355,375,393,43,57,57,87,87,87,87,99,125,137,166,192,204,319,331,359,390,68,168,168,193,193,219,219,298,309,309,324,344,344,344,344,344,46,78,78],"floor_reached":55,"playtime":3278,"items_purged":["Writhe"],"score":861,"play_id":"e555fab3-a590-48b2-b004-b1361b300d28","local_time":"20190629005202","is_ascension_mode":false,"campfire_choices":[{"floor":15,"key":"RECALL"},{"floor":25,"key":"REST"},{"data":"Feed","floor":27,"key":"SMITH"},{"floor":32,"key":"REST"},{"data":"Infernal Blade","floor":41,"key":"SMITH"},{"data":"Flex","floor":46,"key":"SMITH"},{"data":"Double Tap","floor":49,"key":"SMITH"},{"data":"Flex","floor":52,"key":"SMITH"}],"neow_cost":"NONE","seed_source_timestamp":224460377673700,"circlet_count":0,"master_deck":["Strike_R+1","Strike_R+1","Defend_R","Defend_R","Defend_R","Defend_R","Bash","Heavy Blade+1","Battle Trance","Sword Boomerang","Clash","Clothesline","Anger","Clash","Battle Trance","Feed+1","Flex+1","Twin Strike","Twin Strike","Infernal Blade+1","Anger+1","Sever Soul","Flex+1","Demon Form","Burning Pact+1","Fire Breathing+1","Feel No Pain+1","Sever Soul","Body Slam+1","Reaper","Sword Boomerang+1","Inflame+1","Double Tap+1","Armaments+1","Dual Wield+1","Warcry+1"],"relics":["Philosopher\u0027s Stone","Self Forming Clay","Paper Frog","Runic Pyramid","Brimstone","Vajra","Charon\u0027s Ashes","MawBank","Nloth\u0027s Gift","Astrolabe","Shuriken","FossilizedHelix","Dream Catcher","Meat on the Bone","Darkstone Periapt","Sundial","Bag of Preparation","Strawberry"],"potions_floor_usage":[11,16,30,33,33,40,40,50,55,55,55],"damage_taken":[{"damage":0,"enemies":"2 Louse","floor":1,"turns":2},{"damage":0,"enemies":"Cultist","floor":3,"turns":2},{"damage":6,"enemies":"Small Slimes","floor":7,"turns":3},{"damage":4,"enemies":"2 Fungi Beasts","floor":8,"turns":3},{"damage":8,"enemies":"Blue Slaver","floor":10,"turns":3},{"damage":20,"enemies":"Lagavulin","floor":11,"turns":5},{"damage":7,"enemies":"Exordium Wildlife","floor":12,"turns":4},{"damage":5,"enemies":"2 Fungi Beasts","floor":13,"turns":2},{"damage":0,"enemies":"Gremlin Nob","floor":14,"turns":2},{"damage":27,"enemies":"Hexaghost","floor":16,"turns":5},{"damage":14,"enemies":"2 Thieves","floor":18,"turns":4},{"damage":23,"enemies":"3 Byrds","floor":19,"turns":6},{"damage":6,"enemies":"Snecko","floor":21,"turns":3},{"damage":18,"enemies":"Slavers","floor":23,"turns":3},{"damage":4,"enemies":"3 Cultists","floor":28,"turns":4},{"damage":9,"enemies":"Cultist and Chosen","floor":30,"turns":2},{"damage":8,"enemies":"Sentry and Sphere","floor":31,"turns":3},{"damage":45,"enemies":"Automaton","floor":33,"turns":5},{"damage":17,"enemies":"Orb Walker","floor":35,"turns":2},{"damage":10,"enemies":"3 Shapes","floor":36,"turns":3},{"damage":37,"enemies":"Mind Bloom Boss Battle","floor":38,"turns":4},{"damage":17,"enemies":"Reptomancer","floor":40,"turns":4},{"damage":22,"enemies":"Giant Head","floor":42,"turns":6},{"damage":12,"enemies":"Jaw Worm Horde","floor":45,"turns":3},{"damage":0,"enemies":"Transient","floor":47,"turns":5},{"damage":10,"enemies":"4 Shapes","floor":48,"turns":2},{"damage":134,"enemies":"Awakened One","floor":50,"turns":8},{"damage":66,"enemies":"Shield and Spear","floor":54,"turns":4},{"damage":89,"enemies":"The Heart","floor":55,"turns":3}],"seed_played":"-6327996487041880067","potions_obtained":[{"floor":8,"key":"Weak Potion"},{"floor":12,"key":"SteroidPotion"},{"floor":13,"key":"Weak Potion"},{"floor":16,"key":"Swift Potion"},{"floor":23,"key":"Fire Potion"},{"floor":33,"key":"Energy Potion"},{"floor":38,"key":"PowerPotion"},{"floor":42,"key":"SpeedPotion"},{"floor":45,"key":"Dexterity Potion"},{"floor":48,"key":"Ancient Potion"}],"is_trial":false,"path_per_floor":["M","?","M","?","?","T","M","M","T","M","E","M","M","E","R","B",null,"M","M","$","M","?","E","?","R","T","R","M","?","M","M","R","B",null,"M","M","$","?","?","E","R","E","T","T","M","R","M","M","R","B",null,"R","$","E","B"],"character_chosen":"IRONCLAD","items_purchased":["Brimstone","Vajra","Shuriken","Reaper","Bag of Preparation","LiquidBronze"],"campfire_rested":2,"item_purchase_floors":[20,20,37,37,53,53],"current_hp_per_floor":[80,80,80,80,80,80,74,70,70,62,42,35,30,30,30,3,80,69,49,49,46,46,31,15,42,42,42,38,38,33,25,53,12,100,87,81,81,60,87,87,87,75,75,75,103,103,108,98,98,18,112,112,112,85,0],"gold":78,"neow_bonus":"BOSS_RELIC","is_prod":false,"is_daily":false,"chose_seed":false,"campfire_upgraded":5,"win_rate":0,"timestamp":1561737122,"path_taken":["M","?","?","?","?","?","M","M","T","M","E","M","M","E","R","BOSS","M","M","$","M","?","E","?","R","T","R","M","?","?","M","R","BOSS","M","M","$","?","?","E","R","E","T","?","M","R","M","M","R","BOSS","R","$","E","BOSS"],"build_version":"2019-01-23","purchased_purges":1,"victory":false,"max_hp_per_floor":[80,80,80,80,80,80,80,80,80,80,80,80,80,80,80,80,80,83,86,86,89,89,92,92,92,92,92,92,92,96,96,96,100,100,104,108,108,108,108,108,108,108,108,108,108,108,108,108,108,112,112,112,112,119,119],"card_choices":[{"not_picked":["Cleave","Thunderclap"],"picked":"Heavy Blade","floor":1},{"not_picked":["Warcry","Twin Strike"],"picked":"Battle Trance","floor":3},{"not_picked":["Cleave","Shrug It Off"],"picked":"Sword Boomerang","floor":7},{"not_picked":["Dark Embrace","Clothesline"],"picked":"Clash","floor":8},{"not_picked":["Corruption","Armaments"],"picked":"Clothesline","floor":10},{"not_picked":["Cleave","Clothesline","Evolve"],"picked":"SKIP","floor":11},{"not_picked":["True Grit","Headbutt"],"picked":"Anger","floor":12},{"not_picked":["Burning Pact","Dual Wield"],"picked":"Clash","floor":13},{"not_picked":["Thunderclap","Iron Wave"],"picked":"Battle Trance","floor":14},{"not_picked":["Immolate","Demon Form"],"picked":"Feed","floor":16},{"not_picked":["Spot Weakness","Wild Strike"],"picked":"Flex","floor":18},{"not_picked":["True Grit","Iron Wave"],"picked":"Twin Strike","floor":19},{"not_picked":["Corruption","Wild Strike"],"picked":"Twin Strike","floor":21},{"not_picked":["Shrug It Off+1","Wild Strike+1"],"picked":"Infernal Blade","floor":23},{"not_picked":["Rupture","Pommel Strike"],"picked":"Anger+1","floor":28},{"not_picked":["Thunderclap+1","Anger"],"picked":"Sever Soul","floor":30},{"not_picked":["Perfected Strike","Heavy Blade"],"picked":"Flex","floor":31},{"not_picked":["Brutality","Offering"],"picked":"Demon Form","floor":33},{"not_picked":["Infernal Blade","Sword Boomerang"],"picked":"Sever Soul","floor":35},{"not_picked":["Wild Strike","Headbutt"],"picked":"Body Slam+1","floor":36},{"not_picked":["Headbutt+1","Wild Strike+1"],"picked":"Sword Boomerang+1","floor":38},{"not_picked":["Iron Wave+1","Impervious"],"picked":"Inflame+1","floor":40},{"not_picked":["Infernal Blade","Clash"],"picked":"Double Tap","floor":42},{"not_picked":["Anger","Shockwave"],"picked":"Armaments+1","floor":45},{"not_picked":["Fire Breathing","Wild Strike+1","Perfected Strike+1"],"picked":"SKIP","floor":47},{"not_picked":["Flame Barrier","Shrug It Off+1"],"picked":"Dual Wield+1","floor":48},{"not_picked":["Cleave+1","Perfected Strike"],"picked":"Warcry+1","floor":54}],"player_experience":30697,"relics_obtained":[{"floor":6,"key":"Self Forming Clay"},{"floor":11,"key":"Whetstone"},{"floor":14,"key":"Paper Frog"},{"floor":23,"key":"Charon\u0027s Ashes"},{"floor":26,"key":"MawBank"},{"floor":38,"key":"FossilizedHelix"},{"floor":40,"key":"Dream Catcher"},{"floor":42,"key":"Meat on the Bone"},{"floor":43,"key":"Darkstone Periapt"},{"floor":44,"key":"Sundial"},{"floor":54,"key":"Strawberry"}],"event_choices":[{"damage_healed":0,"gold_gain":0,"player_choice":"Bought 0 Potions","damage_taken":0,"max_hp_gain":0,"max_hp_loss":0,"event_name":"The Woman in Blue","floor":2,"gold_loss":0},{"damage_healed":0,"gold_gain":0,"player_choice":"Grow","damage_taken":0,"max_hp_gain":0,"max_hp_loss":0,"event_name":"Living Wall","floor":4,"gold_loss":0,"cards_upgraded":["Heavy Blade"]},{"damage_healed":0,"gold_gain":0,"player_choice":"Leave","damage_taken":0,"max_hp_gain":0,"max_hp_loss":0,"event_name":"The Cleric","floor":5,"gold_loss":0},{"damage_healed":0,"gold_gain":0,"player_choice":"Ignored","damage_taken":0,"max_hp_gain":0,"max_hp_loss":0,"event_name":"Ghosts","floor":22,"gold_loss":0},{"damage_healed":0,"gold_gain":0,"player_choice":"Obtained Book","damage_taken":16,"max_hp_gain":0,"max_hp_loss":0,"event_name":"Cursed Tome","floor":24,"gold_loss":0},{"damage_healed":0,"gold_gain":0,"player_choice":"Traded Relic","damage_taken":0,"relics_obtained":["Nloth\u0027s Gift"],"max_hp_gain":0,"max_hp_loss":0,"event_name":"N\u0027loth","floor":29,"relics_lost":["Whetstone"],"gold_loss":0},{"damage_healed":0,"gold_gain":0,"player_choice":"Fight","damage_taken":0,"max_hp_gain":0,"max_hp_loss":0,"event_name":"MindBloom","floor":38,"gold_loss":0},{"damage_healed":27,"gold_gain":0,"player_choice":"Writhe","damage_taken":0,"max_hp_gain":0,"max_hp_loss":0,"event_name":"Winding Halls","floor":39,"gold_loss":0,"cards_obtained":["Writhe"]}],"is_beta":false,"boss_relics":[{"not_picked":["Lizard Tail","Velvet Choker"],"picked":"Runic Pyramid"},{"not_picked":["Eternal Feather","Runic Dome"],"picked":"Astrolabe"}],"items_purged_floors":[53],"is_endless":false,"potions_floor_spawned":[8,12,13,16,23,28,33,38,42,45,48],"killed_by":"The Heart","ascension_level":0}