{"gold_per_floor":[110,125,138,313,238,272,166,15,72,89,105,105,131,144,144,244,244,254,129,129,140,160,160,177,177,202,236,252,252,252,279,279,279],"floor_reached":33,"playtime":1451,"items_purged":["Doubt","Strike_B","Defend_B"],"score":322,"play_id":"6574cc39-d2b0-4da7-9a06-11d1a8a828a4","local_time":"20190814232528","is_ascension_mode":false,"campfire_choices":[{"data":"Zap","floor":12,"key":"SMITH"},{"data":"Conserve Battery","floor":15,"key":"SMITH"},{"data":"Gash","floor":23,"key":"SMITH"},{"floor":32,"key":"REST"}],"neow_cost":"NONE","seed_source_timestamp":106941433724987,"circlet_count":0,"master_deck":["Strike_B+1","Defend_B","Zap+1","Dualcast","Gash+1","Conserve Battery+1","Writhe"],"relics":["Cracked Core","Bronze Scales","Ancient Tea Set","Tiny Chest","Happy Flower","Empty Cage","Whetstone","Incense Burner","Ornamental Fan","Dead Branch","Omamori"],"potions_floor_usage":[6,6,13,16,16,24,27,28,31,31],"damage_taken":[{"damage":7,"enemies":"Small Slimes","floor":1,"turns":4},{"damage":1,"enemies":"Jaw Worm","floor":2,"turns":4},{"damage":0,"enemies":"Cultist","floor":3,"turns":3},{"damage":23,"enemies":"Lagavulin","floor":6,"turns":9},{"damage":5,"enemies":"2 Fungi Beasts","floor":10,"turns":3},{"damage":1,"enemies":"Lots of Slimes","floor":11,"turns":4},{"damage":0,"enemies":"Gremlin Nob","floor":13,"turns":3},{"damage":7,"enemies":"Exordium Thugs","floor":14,"turns":4},{"damage":38,"enemies":"The Guardian","floor":16,"turns":10},{"damage":11,"enemies":"Chosen","floor":18,"turns":6},{"damage":0,"enemies":"3 Byrds","floor":21,"turns":3},{"damage":11,"enemies":"Snake Plant","floor":22,"turns":3},{"damage":16,"enemies":"Centurion and Healer","floor":24,"turns":7},{"damage":12,"enemies":"Book of Stabbing","floor":27,"turns":5},{"damage":0,"enemies":"Chosen and Byrds","floor":28,"turns":4},{"damage":17,"enemies":"Slavers","floor":31,"turns":4},{"damage":39,"enemies":"Collector","floor":33,"turns":3}],"seed_played":"-4253744419793525131","potions_obtained":[{"floor":2,"key":"Strength Potion"},{"floor":3,"key":"Dexterity Potion"},{"floor":10,"key":"AttackPotion"},{"floor":13,"key":"Regen Potion"},{"floor":16,"key":"PowerPotion"},{"floor":22,"key":"FearPotion"},{"floor":24,"key":"Swift Potion"},{"floor":27,"key":"Explosive Potion"},{"floor":28,"key":"AttackPotion"}],"is_trial":false,"path_per_floor":["M","M","M","?","$","E","?","$","T","M","M","R","E","M","R","B",null,"M","$","?","M","M","R","M","$","T","E","M","T","?","E","R","B"],"character_chosen":"DEFECT","items_purchased":["AttackPotion"],"campfire_rested":1,"item_purchase_floors":[8],"current_hp_per_floor":[68,67,67,67,67,44,44,44,44,39,38,38,38,31,31,8,75,64,64,64,64,53,53,37,37,37,25,25,25,25,8,30,0],"gold":279,"neow_bonus":"REMOVE_CARD","is_prod":false,"is_daily":false,"chose_seed":false,"campfire_upgraded":3,"win_rate":0,"timestamp":1565850328,"path_taken":["M","M","M","?","$","E","?","$","T","?","M","R","E","M","R","BOSS","M","$","?","M","M","R","?","$","T","E","M","?","?","E","R","BOSS"],"build_version":"2019-07-17","purchased_purges":3,"victory":false,"max_hp_per_floor":[75,75,75,75,75,75,75,75,75,75,75,75,75,75,75,75,75,75,75,75,75,75,75,75,75,75,75,75,75,75,75,75,75],"card_choices":[{"not_picked":["Go for the Eyes","Reinforced Body"],"picked":"Gash","floor":1},{"not_picked":["Streamline","BootSequence","Auto Shields"],"picked":"SKIP","floor":2},{"not_picked":["Streamline","Sweeping Beam"],"picked":"Conserve Battery","floor":3},{"not_picked":["Chaos","Redo","Sweeping Beam"],"picked":"SKIP","floor":6},{"not_picked":["Go for the Eyes","Barrage","Hologram"],"picked":"SKIP","floor":10},{"not_picked":["Steam Power","Lockon","Sweeping Beam"],"picked":"SKIP","floor":11},{"not_picked":["Cold Snap","Scrape","Self Repair"],"picked":"SKIP","floor":13},{"not_picked":["Multi-Cast","Beam Cell","Recycle"],"picked":"SKIP","floor":14},{"not_picked":["Leap","Coolheaded","Ball Lightning"],"picked":"SKIP","floor":18},{"not_picked":["Glacier","Sweeping Beam+1","Chaos"],"picked":"SKIP","floor":21},{"not_picked":["Stack","Darkness","Conserve Battery"],"picked":"SKIP","floor":22},{"not_picked":["Doom and Gloom","Skim+1","Stack"],"picked":"SKIP","floor":24},{"not_picked":["FTL","Stack","Redo"],"picked":"SKIP","floor":27},{"not_picked":["Barrage","Rebound","Auto Shields"],"picked":"SKIP","floor":28},{"not_picked":["Reinforced Body","Melter","Streamline"],"picked":"SKIP","floor":31}],"player_experience":611108,"relics_obtained":[{"floor":6,"key":"Bronze Scales"},{"floor":9,"key":"Tiny Chest"},{"floor":13,"key":"Happy Flower"},{"floor":26,"key":"Whetstone"},{"floor":27,"key":"Incense Burner"},{"floor":29,"key":"Ornamental Fan"},{"floor":31,"key":"Omamori"}],"event_choices":[{"damage_healed":0,"gold_gain":175,"player_choice":"AGREE","damage_taken":0,"max_hp_gain":0,"max_hp_loss":0,"event_name":"Liars Game","floor":4,"gold_loss":0,"cards_obtained":["Doubt"]},{"damage_healed":0,"gold_gain":0,"player_choice":"Paid Gold","damage_taken":0,"relics_obtained":["Ancient Tea Set"],"max_hp_gain":0,"max_hp_loss":0,"event_name":"WeMeetAgain","floor":7,"gold_loss":106},{"cards_removed":["Defend_B"],"damage_healed":0,"gold_gain":0,"player_choice":"Offered Basic","damage_taken":0,"max_hp_gain":0,"max_hp_loss":0,"event_name":"Bonfire Elementals","floor":20,"gold_loss":0},{"damage_healed":0,"gold_gain":0,"player_choice":"Opened","damage_taken":0,"relics_obtained":["Dead Branch"],"max_hp_gain":0,"max_hp_loss":0,"event_name":"The Mausoleum","floor":30,"gold_loss":0,"cards_obtained":["Writhe"]}],"is_beta":false,"boss_relics":[{"not_picked":["Snecko Eye","Eternal Feather"],"picked":"Empty Cage"}],"items_purged_floors":[5,8,19],"is_endless":false,"potions_floor_spawned":[2,3,10,13,16,22,24,27,28],"killed_by":"Collector","ascension_level":0}