{"gold_per_floor":[118,128,147,72,72,107,107,140,215,233,263,263],"floor_reached":12,"playtime":504,"items_purged":["Strike_B"],"score":196,"play_id":"1b3044d0-d7ea-4ea1-8295-c082e71c739f","local_time":"20181116055328","is_ascension_mode":true,"campfire_choices":[{"floor":7.0,"key":"REST"}],"neow_cost":"NONE","seed_source_timestamp":124339641101620,"circlet_count":0,"master_deck":["AscendersBane","Strike_B","Strike_B","Strike_B","Defend_B","Defend_B","Defend_B","Defend_B","Zap","Dualcast","Beam Cell","Gash","Streamline","Pain","Coolheaded","Loop","Cold Snap"],"special_seed":0,"relics":["Cracked Core","WarpedTongs","Girya","Blood Vial","Singing Bowl","StoneCalendar"],"potions_floor_usage":[11],"damage_taken":[{"damage":4.0,"enemies":"Small Slimes","floor":1.0,"turns":3.0},{"damage":0.0,"enemies":"Cultist","floor":2.0,"turns":3.0},{"damage":9.0,"enemies":"Jaw Worm","floor":3.0,"turns":3.0},{"damage":34.0,"enemies":"Gremlin Nob","floor":6.0,"turns":4.0},{"damage":14.0,"enemies":"Lagavulin","floor":8.0,"turns":6.0},{"damage":6.0,"enemies":"2 Fungi Beasts","floor":10.0,"turns":3.0},{"damage":28,"enemies":"3 Sentries","floor":11,"turns":8},{"damage":11,"enemies":"Gremlin Gang","floor":12,"turns":1}],"seed_played":"-1197564652668856231","potions_obtained":[{"floor":1.0,"key":"PowerPotion"},{"floor":8.0,"key":"Strength Potion"},{"floor":10.0,"key":"Dexterity Potion"},{"floor":11,"key":"Energy Potion"}],"is_trial":false,"path_per_floor":["M","M","M","$","?","E","R","E","T","M","E","M"],"character_chosen":"DEFECT","items_purchased":[],"campfire_rested":1,"item_purchase_floors":[],"current_hp_per_floor":[67,67,58,58,58,24,47,33,33,29,5,0],"gold":263,"neow_bonus":"TEN_PERCENT_HP_BONUS","is_prod":false,"is_daily":false,"chose_seed":false,"campfire_upgraded":0,"win_rate":0,"timestamp":1542347608,"path_taken":["M","M","M","$","?","E","R","E","T","?","E","M"],"build_version":"2018-11-15","purchased_purges":1,"victory":false,"max_hp_per_floor":[78,78,78,78,78,78,78,78,78,78,80,80],"card_choices":[{"not_picked":["Hello World","Leap"],"picked":"Beam Cell","floor":1.0},{"not_picked":["Coolheaded","Reinforced Body"],"picked":"Gash","floor":2.0},{"not_picked":["Conserve Battery","Rebound"],"picked":"Streamline","floor":3.0},{"not_picked":["Steam","Streamline"],"picked":"Coolheaded","floor":6.0},{"not_picked":["Leap","Gash"],"picked":"Loop","floor":8.0},{"not_picked":["Reprogram","Seek"],"picked":"Cold Snap","floor":10.0},{"not_picked":["Coolheaded","Lockon","Hologram"],"picked":"Singing Bowl","floor":11}],"player_experience":1653369,"relics_obtained":[{"floor":6.0,"key":"Girya"},{"floor":8.0,"key":"Blood Vial"},{"floor":9.0,"key":"Singing Bowl"},{"floor":11,"key":"StoneCalendar"}],"event_choices":[{"damage_healed":0.0,"max_hp_gain":0.0,"max_hp_loss":0.0,"gold_gain":0.0,"event_name":"Accursed Blacksmith","player_choice":"Rummage","floor":5.0,"gold_loss":0.0,"damage_taken":0.0,"relics_obtained":["WarpedTongs"],"cards_obtained":["Pain"]}],"is_beta":true,"boss_relics":[],"items_purged_floors":[4],"is_endless":false,"potions_floor_spawned":[1,8,10,11],"killed_by":"Gremlin Gang","ascension_level":20}