{"gold_per_floor":[116,128,144,19,19,19,51,69,94,94,107,141,141,157,157,230,230,242,252,271,11,11,11,38,38,38,38,71,71,71,104,104,104],"floor_reached":33,"playtime":1361,"items_purged":["Clumsy","Pain"],"score":726,"play_id":"934a1ed7-27b3-4e04-9458-e1809d103a4f","local_time":"20190501133320","is_ascension_mode":true,"campfire_choices":[{"data":"Bash","floor":6.0,"key":"SMITH"},{"floor":10.0,"key":"REST"},{"data":"Inflame","floor":13.0,"key":"SMITH"},{"data":"Disarm","floor":15.0,"key":"SMITH"},{"data":"Corruption","floor":23.0,"key":"SMITH"},{"data":"True Grit","floor":25.0,"key":"SMITH"},{"data":"Immolate","floor":27.0,"key":"SMITH"},{"floor":29.0,"key":"REST"},{"floor":32.0,"key":"REST"}],"neow_cost":"CURSE","seed_source_timestamp":0,"circlet_count":0,"master_deck":["AscendersBane","Strike_R","Strike_R","Defend_R","Defend_R","Defend_R","Defend_R","Bash+1","Feed","Disarm+1","Clothesline","Headbutt","Bludgeon","Inflame+1","True Grit+1","Ghostly Armor","True Grit","Immolate+1","Immolate+1","Dropkick+1","Clothesline+1","Corruption+1","Shrug It Off","Impervious","Sword Boomerang","Body Slam"],"special_seed":0,"relics":["Burning Blood","WarpedTongs","Strawberry","Happy Flower","Art of War","Astrolabe","Vajra","Matryoshka","Paper Frog","Bottled Tornado","Juzu Bracelet","Mercury Hourglass"],"potions_floor_usage":[],"damage_taken":[{"damage":1.0,"enemies":"Cultist","floor":1.0,"turns":3.0},{"damage":6.0,"enemies":"Small Slimes","floor":2.0,"turns":5.0},{"damage":14.0,"enemies":"2 Louse","floor":3.0,"turns":3.0},{"damage":33.0,"enemies":"3 Sentries","floor":7.0,"turns":12.0},{"damage":22.0,"enemies":"Large Slime","floor":8.0,"turns":5.0},{"damage":41.0,"enemies":"Exordium Wildlife","floor":11.0,"turns":6.0},{"damage":10.0,"enemies":"Lagavulin","floor":12.0,"turns":5.0},{"damage":14.0,"enemies":"Blue Slaver","floor":14.0,"turns":5.0},{"damage":22.0,"enemies":"Hexaghost","floor":16.0,"turns":11.0},{"damage":6.0,"enemies":"Spheric Guardian","floor":18.0,"turns":3.0},{"damage":32.0,"enemies":"3 Byrds","floor":19.0,"turns":5.0},{"damage":21.0,"enemies":"Snake Plant","floor":20.0,"turns":7.0},{"damage":0.0,"enemies":"Gremlin Leader","floor":24.0,"turns":5.0},{"damage":22.0,"enemies":"Book of Stabbing","floor":28.0,"turns":5.0},{"damage":10.0,"enemies":"Slavers","floor":31.0,"turns":3.0},{"damage":83,"enemies":"Automaton","floor":33,"turns":10}],"seed_played":"5587505140142658778","potions_obtained":[{"floor":2.0,"key":"PowerPotion"},{"floor":8.0,"key":"FearPotion"},{"floor":11.0,"key":"Block Potion"},{"floor":12.0,"key":"Ancient Potion"},{"floor":18.0,"key":"BloodPotion"},{"floor":20.0,"key":"Fire Potion"}],"is_trial":false,"path_per_floor":["M","M","M","$","?","R","E","M","T","R","M","E","R","M","R","B",null,"M","M","M","$","?","R","E","R","T","R","E","R","?","E","R","B"],"character_chosen":"IRONCLAD","items_purchased":["Headbutt","Vajra"],"campfire_rested":3,"item_purchase_floors":[4,21],"current_hp_per_floor":[76,79,74,74,74,74,54,38,38,65,33,32,32,28,28,12,79,82,69,58,58,58,58,64,64,64,64,52,86,51,47,83,0],"gold":104,"neow_bonus":"THREE_RARE_CARDS","is_prod":false,"is_daily":false,"chose_seed":false,"campfire_upgraded":6,"win_rate":0,"timestamp":1556714000,"path_taken":["M","M","M","$","?","R","E","M","T","R","M","E","R","M","R","BOSS","M","M","?","$","?","R","E","R","T","R","E","R","?","E","R","BOSS"],"build_version":"2019-04-23","purchased_purges":2,"victory":false,"max_hp_per_floor":[78,81,84,84,84,84,91,91,91,91,94,97,97,101,101,101,101,104,107,111,111,111,111,111,111,111,111,115,115,120,120,120,120],"card_choices":[{"not_picked":["Offering","Exhume"],"picked":"Feed","floor":0.0},{"not_picked":["Rampage","Thunderclap"],"picked":"Disarm","floor":1.0},{"not_picked":["Heavy Blade","Iron Wave"],"picked":"Clothesline","floor":2.0},{"not_picked":["Second Wind","Sentinel","Shrug It Off"],"picked":"SKIP","floor":3.0},{"not_picked":["Hemokinesis","Metallicize"],"picked":"Bludgeon","floor":7.0},{"not_picked":["Intimidate","Fire Breathing"],"picked":"Inflame","floor":8.0},{"not_picked":["Havoc","Perfected Strike"],"picked":"True Grit","floor":11.0},{"not_picked":["Combust","Infernal Blade"],"picked":"Ghostly Armor","floor":12.0},{"not_picked":["Spot Weakness","Infernal Blade"],"picked":"True Grit","floor":14.0},{"not_picked":["Juggernaut","Dark Embrace"],"picked":"Immolate","floor":16.0},{"not_picked":["Disarm","Headbutt"],"picked":"Corruption","floor":18.0},{"not_picked":["Clash","Combust"],"picked":"Shrug It Off","floor":19.0},{"not_picked":["Combust","True Grit","Pommel Strike"],"picked":"SKIP","floor":20.0},{"not_picked":["Armaments","Fire Breathing"],"picked":"Impervious","floor":24.0},{"not_picked":["Havoc","Armaments"],"picked":"Sword Boomerang","floor":28.0},{"not_picked":["Armaments","Carnage"],"picked":"Body Slam","floor":31.0}],"player_experience":2037745,"relics_obtained":[{"floor":7.0,"key":"Strawberry"},{"floor":9.0,"key":"Happy Flower"},{"floor":12.0,"key":"Art of War"},{"floor":24.0,"key":"Matryoshka"},{"floor":26.0,"key":"Paper Frog"},{"floor":26.0,"key":"Bottled Tornado"},{"floor":28.0,"key":"Juzu Bracelet"},{"floor":31.0,"key":"Mercury Hourglass"}],"event_choices":[{"damage_healed":0.0,"max_hp_gain":0.0,"max_hp_loss":0.0,"gold_gain":0.0,"event_name":"Accursed Blacksmith","player_choice":"Rummage","floor":5.0,"gold_loss":0.0,"damage_taken":0.0,"relics_obtained":["WarpedTongs"],"cards_obtained":["Pain"]},{"damage_healed":0.0,"max_hp_gain":0.0,"max_hp_loss":0.0,"gold_gain":0.0,"event_name":"Beggar","player_choice":"Ignored","floor":22.0,"gold_loss":0.0,"damage_taken":0.0},{"damage_healed":0.0,"max_hp_gain":5.0,"max_hp_loss":0.0,"gold_gain":0.0,"event_name":"Forgotten Altar","player_choice":"Shed Blood","floor":30.0,"gold_loss":0.0,"damage_taken":40.0}],"is_beta":true,"boss_relics":[{"not_picked":["Busted Crown","Ectoplasm"],"picked":"Astrolabe"}],"items_purged_floors":[4,21],"is_endless":false,"potions_floor_spawned":[2,8,11,12,18,20,24],"killed_by":"Automaton","ascension_level":20}