{"gold_per_floor":[113,131,147,69,81,81,109,109,162,190,190,190,233,249,249,249],"floor_reached":16,"playtime":1177,"items_purged":[],"score":240,"play_id":"736bd197-c8e1-4fb9-af95-d55686ff9a0e","local_time":"20190809141650","is_ascension_mode":true,"campfire_choices":[{"data":"Bouncing Flask","floor":6,"key":"SMITH"},{"data":"Dash","floor":8,"key":"SMITH"},{"data":"A Thousand Cuts","floor":15,"key":"SMITH"}],"neow_cost":"NONE","seed_source_timestamp":32638939681000,"circlet_count":0,"master_deck":["AscendersBane","Strike_G","Strike_G","Strike_G","Strike_G","Strike_G","Defend_G","Defend_G","Defend_G","Defend_G","Defend_G","Survivor","Neutralize","Bouncing Flask+1","Masterful Stab","Caltrops","Dash+1","Leg Sweep","A Thousand Cuts+1","Dagger Spray","Backflip"],"relics":["Ring of the Snake","Anchor","Meat on the Bone","Omamori","Regal Pillow","Golden Idol","Smiling Mask"],"potions_floor_usage":[5,7,16,16],"damage_taken":[{"damage":6,"enemies":"Cultist","floor":1,"turns":6},{"damage":7,"enemies":"Small Slimes","floor":2,"turns":3},{"damage":0,"enemies":"Jaw Worm","floor":3,"turns":2},{"damage":10,"enemies":"Large Slime","floor":5,"turns":7},{"damage":1,"enemies":"Lagavulin","floor":7,"turns":7},{"damage":10,"enemies":"3 Sentries","floor":10,"turns":12},{"damage":14,"enemies":"Lagavulin","floor":13,"turns":6},{"damage":8,"enemies":"Exordium Thugs","floor":14,"turns":8},{"damage":39,"enemies":"Slime Boss","floor":16,"turns":8}],"seed_played":"-8164402221614060428","potions_obtained":[{"floor":1,"key":"Weak Potion"},{"floor":2,"key":"EssenceOfSteel"},{"floor":3,"key":"SteroidPotion"},{"floor":5,"key":"Block Potion"},{"floor":14,"key":"Energy Potion"}],"is_trial":false,"path_per_floor":["M","M","M","$","M","R","E","R","T","E","?","?","E","M","R","B"],"character_chosen":"THE_SILENT","items_purchased":["Caltrops"],"campfire_rested":0,"item_purchase_floors":[4],"current_hp_per_floor":[53,46,46,46,36,36,35,35,35,37,37,37,35,39,39,0],"gold":249,"neow_bonus":"RANDOM_COMMON_RELIC","is_prod":false,"is_daily":false,"chose_seed":false,"campfire_upgraded":3,"win_rate":0,"timestamp":1565356610,"path_taken":["M","?","M","?","M","R","E","R","T","E","?","?","E","M","R","BOSS"],"build_version":"2019-07-18","purchased_purges":0,"victory":false,"max_hp_per_floor":[66,66,66,66,66,66,66,66,66,66,60,60,60,60,60,60],"card_choices":[{"not_picked":["Dodge and Roll","Setup"],"picked":"Bouncing Flask","floor":1},{"not_picked":["Finisher","Sucker Punch"],"picked":"Masterful Stab","floor":2},{"not_picked":["Deflect","Underhanded Strike","Masterful Stab"],"picked":"SKIP","floor":3},{"not_picked":["Heel Hook","Riddle With Holes"],"picked":"Dash","floor":5},{"not_picked":["Deflect","Backflip"],"picked":"Leg Sweep","floor":7},{"not_picked":["Masterful Stab","Setup"],"picked":"A Thousand Cuts","floor":10},{"not_picked":["Endless Agony","Acrobatics"],"picked":"Dagger Spray","floor":13},{"not_picked":["Bane","Quick Slash"],"picked":"Backflip","floor":14}],"player_experience":2296020,"relics_obtained":[{"floor":7,"key":"Meat on the Bone"},{"floor":9,"key":"Omamori"},{"floor":10,"key":"Regal Pillow"},{"floor":13,"key":"Smiling Mask"}],"event_choices":[{"damage_healed":0,"gold_gain":0,"player_choice":"Lose Max HP","damage_taken":0,"relics_obtained":["Golden Idol"],"max_hp_gain":0,"max_hp_loss":6,"event_name":"Golden Idol","floor":11,"gold_loss":0},{"damage_healed":0,"gold_gain":0,"player_choice":"Cursed","damage_taken":0,"max_hp_gain":0,"max_hp_loss":0,"event_name":"Wheel of Change","floor":12,"gold_loss":0,"cards_obtained":["Decay"]}],"is_beta":true,"boss_relics":[],"items_purged_floors":[],"is_endless":false,"potions_floor_spawned":[1,2,3,5,14],"killed_by":"Slime Boss","ascension_level":20}