{"gold_per_floor":[115,135,153,168,243,243,38,63,63,63,80,93,93,105,105,205,205,216,230,430,441,456,456,481,494,494,494,510,510,541,16,16,116,116,129,149,162,179,179,179,204,204,204,218,228,228,68,78,78,78],"floor_reached":51,"playtime":4942,"items_purged":["Strike_B","Strike_B","Strike_B"],"score":1122,"play_id":"68c8be3a-b58c-4d06-9cfe-1d0c275268f1","local_time":"20190818104400","is_ascension_mode":true,"campfire_choices":[{"data":"Barrage","floor":6.0,"key":"SMITH"},{"floor":10.0,"key":"REST"},{"data":"Defragment","floor":13.0,"key":"SMITH"},{"data":"Zap","floor":15.0,"key":"SMITH"},{"floor":23.0,"key":"REST"},{"floor":27.0,"key":"REST"},{"floor":29.0,"key":"REST"},{"floor":32.0,"key":"REST"},{"floor":40.0,"key":"REST"},{"floor":49,"key":"REST"}],"neow_cost":"NONE","seed_source_timestamp":403105878722578,"circlet_count":0,"master_deck":["AscendersBane","Strike_B","Defend_B","Defend_B","Defend_B","Defend_B","Zap+1","Dualcast","Doom and Gloom","Barrage+1","Ball Lightning","Conserve Battery","Defragment+1","Panacea","Sweeping Beam","Melter","Ball Lightning","Conserve Battery","Electrodynamics","Leap","Coolheaded","Undo","Conserve Battery","Coolheaded+1","Glacier","Seek","Beam Cell+1","Chrysalis","Apotheosis","Chill","Chaos"],"special_seed":0,"relics":["Philosopher\u0027s Stone","The Courier","Thread and Needle","Cursed Key","Nunchaku","Meat on the Bone","Ancient Tea Set","Toolbox","Unceasing Top","Nuclear Battery","Pantograph","Spirit Poop"],"potions_floor_usage":[50,50],"damage_taken":[{"damage":0.0,"enemies":"Small Slimes","floor":1.0,"turns":3.0},{"damage":1.0,"enemies":"Cultist","floor":2.0,"turns":4.0},{"damage":0.0,"enemies":"2 Louse","floor":3.0,"turns":2.0},{"damage":14.0,"enemies":"Lots of Slimes","floor":4.0,"turns":3.0},{"damage":17.0,"enemies":"3 Sentries","floor":8.0,"turns":4.0},{"damage":0.0,"enemies":"Gremlin Gang","floor":11.0,"turns":3.0},{"damage":0.0,"enemies":"2 Fungi Beasts","floor":12.0,"turns":3.0},{"damage":0.0,"enemies":"Exordium Wildlife","floor":14.0,"turns":4.0},{"damage":17.0,"enemies":"The Guardian","floor":16.0,"turns":8.0},{"damage":9.0,"enemies":"Shell Parasite","floor":18.0,"turns":3.0},{"damage":30.0,"enemies":"2 Thieves","floor":19.0,"turns":4.0},{"damage":16.0,"enemies":"Snecko","floor":21.0,"turns":6.0},{"damage":0.0,"enemies":"3 Cultists","floor":22.0,"turns":4.0},{"damage":28.0,"enemies":"Book of Stabbing","floor":24.0,"turns":5.0},{"damage":1.0,"enemies":"Shelled Parasite and Fungi","floor":25.0,"turns":4.0},{"damage":9.0,"enemies":"Snake Plant","floor":28.0,"turns":4.0},{"damage":27.0,"enemies":"Slavers","floor":30.0,"turns":3.0},{"damage":13.0,"enemies":"Champ","floor":33.0,"turns":8.0},{"damage":21.0,"enemies":"3 Darklings","floor":35.0,"turns":3.0},{"damage":0.0,"enemies":"3 Shapes","floor":36.0,"turns":4.0},{"damage":14.0,"enemies":"Writhing Mass","floor":37.0,"turns":6.0},{"damage":10.0,"enemies":"3 Darklings","floor":38.0,"turns":5.0},{"damage":30.0,"enemies":"Nemesis","floor":41.0,"turns":7.0},{"damage":0.0,"enemies":"Transient","floor":44.0,"turns":5.0},{"damage":8.0,"enemies":"Sphere and 2 Shapes","floor":45.0,"turns":6.0},{"damage":0.0,"enemies":"Maw","floor":46.0,"turns":1.0},{"damage":1,"enemies":"Writhing Mass","floor":48,"turns":6},{"damage":35,"enemies":"Donu and Deca","floor":50,"turns":11}],"seed_played":"3975507601698272568","potions_obtained":[{"floor":1.0,"key":"Explosive Potion"},{"floor":3.0,"key":"PowerPotion"},{"floor":8.0,"key":"FearPotion"},{"floor":14.0,"key":"Block Potion"},{"floor":16.0,"key":"EssenceOfSteel"},{"floor":19.0,"key":"Dexterity Potion"},{"floor":21.0,"key":"SpeedPotion"},{"floor":25.0,"key":"FocusPotion"},{"floor":36.0,"key":"SmokeBomb"},{"floor":38.0,"key":"SkillPotion"},{"floor":44.0,"key":"FocusPotion"}],"is_trial":false,"path_per_floor":["M","M","M","M","?","R","$","E","T","R","M","M","R","M","R","B",null,"M","M","?","M","M","R","E","M","T","R","M","R","E","$","R","B",null,"M","M","M","M","?","R","E","?","T","M","M","M","$","M","R","B",null],"character_chosen":"DEFECT","items_purchased":["Defragment","Panacea","PowerPotion","Toolbox","Unceasing Top","LiquidBronze"],"campfire_rested":7,"item_purchase_floors":[7,7,31,31,31,47],"current_hp_per_floor":[68,67,67,53,46,46,46,29,29,51,51,51,51,51,51,34,65,56,26,26,10,10,32,4,3,3,25,28,50,35,35,57,44,67,46,46,44,46,41,63,45,45,45,45,49,49,49,48,70,40],"gold":78,"neow_bonus":"BOSS_RELIC","is_prod":false,"is_daily":false,"chose_seed":false,"campfire_upgraded":3,"win_rate":0,"timestamp":1566150240,"path_taken":["M","M","M","M","?","R","$","E","T","R","?","M","R","M","R","BOSS","M","M","?","?","?","R","E","M","T","R","M","R","E","$","R","BOSS","M","M","M","M","?","R","E","?","T","M","M","?","$","M","R","BOSS"],"build_version":"2019-07-17","purchased_purges":3,"victory":true,"max_hp_per_floor":[75,75,75,75,75,75,75,75,75,75,75,75,75,75,75,75,75,75,75,75,75,75,75,75,75,75,75,75,75,75,75,75,75,75,75,75,75,75,75,75,75,75,75,75,75,75,75,75,75,75],"card_choices":[{"not_picked":["Beam Cell","BootSequence"],"picked":"Doom and Gloom","floor":1.0},{"not_picked":["Skim","Leap"],"picked":"Barrage","floor":2.0},{"not_picked":["Hello World","Compile Driver"],"picked":"Ball Lightning","floor":3.0},{"not_picked":["Loop","Go for the Eyes"],"picked":"Conserve Battery","floor":4.0},{"not_picked":["Tempest","Thunder Strike"],"picked":"Sweeping Beam","floor":8.0},{"not_picked":["Gash","Hello World"],"picked":"Melter","floor":11.0},{"not_picked":["Turbo","Rip and Tear"],"picked":"Ball Lightning","floor":12.0},{"not_picked":["Compile Driver","Hello World"],"picked":"Conserve Battery","floor":14.0},{"not_picked":["Rainbow","Meteor Strike"],"picked":"Electrodynamics","floor":16.0},{"not_picked":["Sweeping Beam","Double Energy"],"picked":"Leap","floor":18.0},{"not_picked":["Turbo","Redo"],"picked":"Coolheaded","floor":19.0},{"not_picked":["Static Discharge","Scrape"],"picked":"Undo","floor":21.0},{"not_picked":["Streamline+1","Recycle","Sweeping Beam"],"picked":"SKIP","floor":22.0},{"not_picked":["Go for the Eyes","Blizzard"],"picked":"Conserve Battery","floor":24.0},{"not_picked":["Cold Snap","Genetic Algorithm+1"],"picked":"Coolheaded+1","floor":25.0},{"not_picked":["Beam Cell","Gash","Ball Lightning"],"picked":"SKIP","floor":28.0},{"not_picked":["Fusion+1","White Noise"],"picked":"Glacier","floor":30.0},{"not_picked":["Hyperbeam","Buffer"],"picked":"Seek","floor":33.0},{"not_picked":["Steam","Reinforced Body","Lockon"],"picked":"SKIP","floor":35.0},{"not_picked":["Aggregate","Compile Driver","Gash+1"],"picked":"SKIP","floor":36.0},{"not_picked":["Coolheaded","Sweeping Beam+1"],"picked":"Beam Cell+1","floor":37.0},{"not_picked":["Rebound+1","Stack+1","Conserve Battery"],"picked":"SKIP","floor":38.0},{"not_picked":["Blind","Panacea"],"picked":"Chrysalis","floor":39.0},{"not_picked":["Bandage Up","Purity"],"picked":"Apotheosis","floor":39.0},{"not_picked":["Rebound","Storm"],"picked":"Chill","floor":41.0},{"not_picked":["Compile Driver+1","Gash","FTL"],"picked":"SKIP","floor":44.0},{"not_picked":["Auto Shields","Ball Lightning"],"picked":"Chaos","floor":45.0},{"not_picked":["Streamline","Ball Lightning","Force Field"],"picked":"SKIP","floor":48}],"player_experience":634489,"relics_obtained":[{"floor":8.0,"key":"The Courier"},{"floor":9.0,"key":"Thread and Needle"},{"floor":24.0,"key":"Nunchaku"},{"floor":26.0,"key":"Meat on the Bone"},{"floor":30.0,"key":"Ancient Tea Set"},{"floor":41.0,"key":"Pantograph"}],"event_choices":[{"damage_healed":0.0,"max_hp_gain":0.0,"max_hp_loss":0.0,"gold_gain":75.0,"event_name":"FaceTrader","player_choice":"Touch","floor":5.0,"gold_loss":0.0,"damage_taken":7.0},{"damage_healed":0.0,"max_hp_gain":0.0,"max_hp_loss":0.0,"gold_gain":200.0,"event_name":"Wheel of Change","player_choice":"Gold","floor":20.0,"gold_loss":0.0,"damage_taken":0.0},{"damage_healed":0.0,"max_hp_gain":0.0,"max_hp_loss":0.0,"gold_gain":0.0,"event_name":"SensoryStone","player_choice":"Memory 2","floor":39.0,"gold_loss":0.0,"damage_taken":5.0},{"cards_removed":["Writhe"],"damage_healed":0.0,"max_hp_gain":0.0,"max_hp_loss":0.0,"gold_gain":0.0,"event_name":"Bonfire Elementals","player_choice":"Offered Curse","floor":42.0,"gold_loss":0.0,"damage_taken":0.0,"relics_obtained":["Spirit Poop"]}],"is_beta":false,"boss_relics":[{"not_picked":["Snecko Eye","Tiny House"],"picked":"Cursed Key"},{"not_picked":["Coffee Dripper","Velvet Choker"],"picked":"Nuclear Battery"}],"items_purged_floors":[7,31,47],"is_endless":false,"potions_floor_spawned":[1,3,8,14,16,19,21,25,36,38,44,46],"ascension_level":12}