{"gold_per_floor":[114,264,105,121,132,148,213,213,237,267,278,278,294,294,294,294],"floor_reached":16,"playtime":461,"items_purged":["Doubt"],"score":224,"play_id":"a20ab923-0cc4-457e-9104-c8199066cc0d","local_time":"20190617224012","is_ascension_mode":true,"campfire_choices":[{"data":"Bash","floor":8,"key":"SMITH"},{"floor":12,"key":"REST"},{"data":"Uppercut","floor":15,"key":"SMITH"}],"neow_cost":"NONE","seed_source_timestamp":16931544864620,"circlet_count":0,"master_deck":["AscendersBane","Strike_R","Strike_R","Strike_R","Strike_R","Strike_R","Defend_R","Defend_R","Defend_R","Defend_R","Bash+1","Sword Boomerang","Spot Weakness","Uppercut+1","Combust+1","Limit Break","Pommel Strike","Shrug It Off"],"special_seed":0,"relics":["Burning Blood","Tiny Chest","PreservedInsect","Centennial Puzzle"],"potions_floor_usage":[11,16],"damage_taken":[{"damage":6.0,"enemies":"Jaw Worm","floor":1.0,"turns":5.0},{"damage":3,"enemies":"2 Louse","floor":4,"turns":3},{"damage":1,"enemies":"Small Slimes","floor":5,"turns":3},{"damage":7,"enemies":"Exordium Wildlife","floor":6,"turns":3},{"damage":55,"enemies":"3 Sentries","floor":7,"turns":8},{"damage":10,"enemies":"Gremlin Nob","floor":10,"turns":3},{"damage":16,"enemies":"Large Slime","floor":11,"turns":6},{"damage":13,"enemies":"Blue Slaver","floor":13,"turns":3},{"damage":28,"enemies":"Slime Boss","floor":16,"turns":3}],"seed_played":"887712858125500780","potions_obtained":[{"floor":1.0,"key":"PowerPotion"},{"floor":5,"key":"BloodPotion"},{"floor":6,"key":"Explosive Potion"}],"is_trial":false,"path_per_floor":["M","?","$","M","M","M","E","R","T","E","M","R","M","?","R","B"],"character_chosen":"IRONCLAD","items_purchased":["Uppercut"],"campfire_rested":1,"item_purchase_floors":[3],"current_hp_per_floor":[68,68,68,71,75,74,25,25,25,21,11,33,26,26,26,0],"gold":294,"neow_bonus":"THREE_CARDS","is_prod":false,"is_daily":false,"chose_seed":false,"campfire_upgraded":2,"win_rate":0,"timestamp":1560807612,"path_taken":["M","?","$","M","M","M","E","R","T","E","M","R","M","?","R","BOSS"],"build_version":"2019-06-13","purchased_purges":1,"victory":false,"max_hp_per_floor":[75,75,75,75,75,75,75,75,75,75,75,75,75,75,75,75],"card_choices":[{"not_picked":["Cleave","Bloodletting"],"picked":"Sword Boomerang","floor":0.0},{"not_picked":["Flame Barrier","Sword Boomerang"],"picked":"Spot Weakness","floor":1.0},{"not_picked":["Havoc","Body Slam"],"picked":"Combust","floor":4},{"not_picked":["Clothesline","Iron Wave"],"picked":"Limit Break","floor":5},{"not_picked":["Perfected Strike","Burning Pact"],"picked":"Pommel Strike","floor":6},{"not_picked":["Berserk","Heavy Blade","Clothesline"],"picked":"SKIP","floor":7},{"not_picked":["Reckless Charge","Perfected Strike","Clothesline"],"picked":"SKIP","floor":10},{"not_picked":["Anger","Havoc","Entrench"],"picked":"SKIP","floor":11},{"not_picked":["True Grit","Infernal Blade"],"picked":"Shrug It Off","floor":13}],"player_experience":2120938,"relics_obtained":[{"floor":7,"key":"Tiny Chest"},{"floor":9,"key":"PreservedInsect"},{"floor":10,"key":"Centennial Puzzle"}],"event_choices":[{"damage_healed":0.0,"max_hp_gain":0.0,"max_hp_loss":0.0,"gold_gain":150.0,"event_name":"Liars Game","player_choice":"AGREE","floor":2.0,"gold_loss":0.0,"damage_taken":0.0,"cards_obtained":["Doubt"]},{"damage_healed":0,"gold_gain":0,"player_choice":"Grow","damage_taken":0,"max_hp_gain":0,"max_hp_loss":0,"event_name":"Living Wall","floor":14,"gold_loss":0,"cards_upgraded":["Combust"]}],"is_beta":true,"boss_relics":[],"items_purged_floors":[3],"is_endless":false,"potions_floor_spawned":[1,5,6,10],"killed_by":"Slime Boss","ascension_level":20}