{"gold_per_floor":[114,114,127,139,34,34,44,44,344,376,395,395,395,414,414,493,493,505,29,79,79,79],"floor_reached":22,"playtime":1339,"items_purged":["Strike_B"],"score":368,"play_id":"08f4a97d-fb3f-4062-abdc-cdefb16efa47","local_time":"20190625172849","is_ascension_mode":true,"campfire_choices":[{"data":"Defragment","floor":6.0,"key":"SMITH"},{"data":"Zap","floor":8.0,"key":"SMITH"},{"data":"Beam Cell","floor":12.0,"key":"SMITH"},{"data":"1","floor":15.0,"key":"LIFT"}],"neow_cost":"NONE","seed_source_timestamp":0,"circlet_count":0,"master_deck":["AscendersBane","Strike_B","Strike_B","Defend_B","Defend_B","Defend_B","Defend_B","Zap+1","Dualcast","Beam Cell+1","Sweeping Beam","Rebound","Defragment+1","Go for the Eyes","Cold Snap","Seek","Capacitor","Consume","Static Discharge"],"special_seed":0,"relics":["Cracked Core","Old Coin","Girya","Snecko Eye","Happy Flower"],"potions_floor_usage":[22,22],"damage_taken":[{"damage":7.0,"enemies":"Small Slimes","floor":1.0,"turns":3.0},{"damage":1.0,"enemies":"Cultist","floor":3.0,"turns":3.0},{"damage":2.0,"enemies":"Jaw Worm","floor":4.0,"turns":2.0},{"damage":8.0,"enemies":"Blue Slaver","floor":7.0,"turns":3.0},{"damage":11.0,"enemies":"Gremlin Nob","floor":10.0,"turns":3.0},{"damage":9.0,"enemies":"Looter","floor":11.0,"turns":3.0},{"damage":5.0,"enemies":"3 Louse","floor":14.0,"turns":3.0},{"damage":13.0,"enemies":"The Guardian","floor":16.0,"turns":13.0},{"damage":21.0,"enemies":"Spheric Guardian","floor":18.0,"turns":5.0},{"damage":52,"enemies":"Masked Bandits","floor":22,"turns":3}],"seed_played":"-3004692890635609997","potions_obtained":[{"floor":3.0,"key":"FearPotion"},{"floor":7.0,"key":"EssenceOfSteel"},{"floor":11.0,"key":"Block Potion"}],"is_trial":false,"path_per_floor":["M","?","M","M","$","R","M","R","T","E","M","R","?","M","R","B",null,"M","$","?","?","?"],"character_chosen":"DEFECT","items_purchased":["Defragment","Go for the Eyes","Happy Flower","Consume","Fruit Juice","Static Discharge"],"campfire_rested":0,"item_purchase_floors":[5,5,19,19,19,19],"current_hp_per_floor":[64,64,63,61,61,61,53,53,53,42,33,33,38,33,33,20,67,46,46,46,46,0],"gold":79,"neow_bonus":"TEN_PERCENT_HP_BONUS","is_prod":false,"is_daily":false,"chose_seed":false,"campfire_upgraded":3,"win_rate":0,"timestamp":1561480129,"path_taken":["M","?","?","M","$","R","M","R","T","E","?","R","?","M","R","BOSS","M","$","?","?","?"],"build_version":"2019-06-24","purchased_purges":1,"victory":false,"max_hp_per_floor":[78,78,78,78,78,78,78,78,78,78,78,78,83,83,83,83,83,83,83,83,83,88],"card_choices":[{"not_picked":["Steam","Double Energy"],"picked":"Beam Cell","floor":1.0},{"not_picked":["Gash","Skim"],"picked":"Sweeping Beam","floor":3.0},{"not_picked":["Leap","Hello World"],"picked":"Rebound","floor":4.0},{"not_picked":["Turbo","Steam","Go for the Eyes"],"picked":"SKIP","floor":7.0},{"not_picked":["Barrage","Heatsinks","Stack"],"picked":"SKIP","floor":10.0},{"not_picked":["Sweeping Beam","Amplify","Compile Driver"],"picked":"SKIP","floor":11.0},{"not_picked":["Aggregate","Leap"],"picked":"Cold Snap","floor":14.0},{"not_picked":["Rainbow","Reboot"],"picked":"Seek","floor":16.0},{"not_picked":["Coolheaded","Chill"],"picked":"Capacitor","floor":18.0}],"player_experience":2148435,"relics_obtained":[{"floor":9.0,"key":"Old Coin"},{"floor":10.0,"key":"Girya"}],"event_choices":[{"cards_removed":["Strike_B"],"damage_healed":0.0,"max_hp_gain":0.0,"max_hp_loss":0.0,"gold_gain":0.0,"event_name":"Bonfire Elementals","player_choice":"Offered Basic","floor":2.0,"gold_loss":0.0,"damage_taken":0.0},{"damage_healed":0.0,"max_hp_gain":5.0,"max_hp_loss":0.0,"gold_gain":0.0,"event_name":"Big Fish","player_choice":"Donut","floor":13.0,"gold_loss":0.0,"damage_taken":0.0},{"damage_healed":0.0,"max_hp_gain":0.0,"max_hp_loss":0.0,"gold_gain":50.0,"event_name":"Nest","player_choice":"Stole From Cult","floor":20.0,"gold_loss":0.0,"damage_taken":0.0},{"damage_healed":0.0,"max_hp_gain":0.0,"max_hp_loss":0.0,"gold_gain":0.0,"event_name":"The Mausoleum","player_choice":"Ignored","floor":21.0,"gold_loss":0.0,"damage_taken":0.0},{"damage_healed":0,"gold_gain":0,"player_choice":"Fought Bandits","damage_taken":0,"max_hp_gain":0,"max_hp_loss":0,"event_name":"Masked Bandits","floor":22,"gold_loss":0}],"is_beta":true,"boss_relics":[{"not_picked":["White Beast Statue","Tiny House"],"picked":"Snecko Eye"}],"items_purged_floors":[19],"is_endless":false,"potions_floor_spawned":[3,7,11],"killed_by":"Masked Bandits","ascension_level":20}