{"gold_per_floor":[115,115,127,77,77,93,112,112,136,166,177,190,5,16,16,116,116,127,27,27,27,27,43,43,43,70,97,22,22],"floor_reached":29,"playtime":1998,"items_purged":["Strike_B","Defend_B"],"score":270,"play_id":"2d75eb1c-7de0-4588-94c4-0d8447c056aa","local_time":"20190817002747","is_ascension_mode":false,"campfire_choices":[{"floor":8,"key":"RECALL"},{"data":"White Noise","floor":15,"key":"SMITH"},{"floor":24,"key":"REST"}],"neow_cost":"NONE","seed_source_timestamp":44635107012392,"circlet_count":0,"master_deck":["Strike_B+1","Defend_B+1","Defend_B","Zap+1","Dualcast","BootSequence+1","Redo","Conserve Battery","Melter","White Noise+1","Heatsinks","Fission","Thunder Strike","FTL","Turbo","Hologram"],"relics":["Cracked Core","NeowsBlessing","PreservedInsect","Orichalcum","Lizard Tail","Mummified Hand","Frozen Egg 2","War Paint","Ornamental Fan"],"potions_floor_usage":[10,16,25,25,29],"damage_taken":[{"damage":0,"enemies":"2 Louse","floor":1,"turns":1},{"damage":0,"enemies":"Cultist","floor":3,"turns":1},{"damage":0,"enemies":"Jaw Worm","floor":6,"turns":1},{"damage":0,"enemies":"3 Louse","floor":7,"turns":3},{"damage":0,"enemies":"Gremlin Nob","floor":10,"turns":2},{"damage":10,"enemies":"Exordium Thugs","floor":11,"turns":5},{"damage":0,"enemies":"Exordium Wildlife","floor":12,"turns":3},{"damage":1,"enemies":"Blue Slaver","floor":14,"turns":3},{"damage":11,"enemies":"The Guardian","floor":16,"turns":10},{"damage":27,"enemies":"3 Byrds","floor":18,"turns":6},{"damage":23,"enemies":"2 Thieves","floor":23,"turns":5},{"damage":0,"enemies":"Snake Plant","floor":25,"turns":2},{"damage":86,"enemies":"Slavers","floor":27,"turns":7},{"damage":2,"enemies":"Gremlin Leader","floor":29,"turns":6}],"seed_played":"-7056973004486634352","potions_obtained":[{"floor":1,"key":"SmokeBomb"},{"floor":6,"key":"PowerPotion"},{"floor":11,"key":"Ancient Potion"},{"floor":14,"key":"Poison Potion"},{"floor":27,"key":"EssenceOfSteel"}],"is_trial":false,"path_per_floor":["M","?","M","?","?","M","M","R","T","E","M","M","$","M","R","B",null,"M","$","?","?","T","M","R","M","T","E","?","E"],"character_chosen":"DEFECT","items_purchased":["White Noise","Heatsinks"],"campfire_rested":1,"item_purchase_floors":[13,13],"current_hp_per_floor":[75,75,75,75,60,60,60,60,60,60,50,50,50,49,49,38,75,48,48,48,48,48,25,47,47,47,1,1,0],"gold":22,"neow_bonus":"THREE_ENEMY_KILL","is_prod":false,"is_daily":false,"chose_seed":false,"campfire_upgraded":1,"win_rate":0,"timestamp":1566026867,"path_taken":["M","?","?","?","?","M","M","R","T","E","M","M","$","M","R","BOSS","M","$","?","?","?","M","R","?","T","E","?","E"],"build_version":"2019-07-17","purchased_purges":2,"victory":false,"max_hp_per_floor":[75,75,75,75,75,75,75,75,75,75,75,75,75,75,75,75,75,75,75,75,75,75,75,75,75,75,75,75,75],"card_choices":[{"not_picked":["Aggregate","Redo"],"picked":"BootSequence","floor":1},{"not_picked":["Scrape","Compile Driver"],"picked":"Redo","floor":3},{"not_picked":["Stack","Sweeping Beam","Go for the Eyes"],"picked":"SKIP","floor":6},{"not_picked":["Reprogram","Force Field"],"picked":"Conserve Battery","floor":7},{"not_picked":["Redo","Aggregate","Consume"],"picked":"SKIP","floor":10},{"not_picked":["Sweeping Beam","Cold Snap"],"picked":"Melter","floor":11},{"not_picked":["Cold Snap","Heatsinks","Self Repair"],"picked":"SKIP","floor":12},{"not_picked":["Redo","Cold Snap"],"picked":"Fission","floor":14},{"not_picked":["Amplify","Rainbow"],"picked":"Thunder Strike","floor":16},{"not_picked":["Compile Driver+1","Stack"],"picked":"FTL","floor":18},{"not_picked":["Blizzard","Melter"],"picked":"Turbo","floor":23},{"not_picked":["Stack","Beam Cell"],"picked":"Hologram","floor":27}],"player_experience":123854,"relics_obtained":[{"floor":9,"key":"PreservedInsect"},{"floor":10,"key":"Orichalcum"},{"floor":22,"key":"Frozen Egg 2"},{"floor":26,"key":"War Paint"},{"floor":27,"key":"Ornamental Fan"}],"event_choices":[{"cards_removed":["Strike_B"],"damage_healed":0,"gold_gain":0,"player_choice":"Purged","damage_taken":0,"max_hp_gain":0,"max_hp_loss":0,"event_name":"Purifier","floor":2,"gold_loss":0},{"cards_removed":["Defend_B"],"damage_healed":0,"gold_gain":0,"player_choice":"Card Removal","damage_taken":0,"max_hp_gain":0,"max_hp_loss":0,"event_name":"The Cleric","floor":4,"gold_loss":50},{"damage_healed":0,"gold_gain":0,"player_choice":"Entered Light","damage_taken":15,"max_hp_gain":0,"max_hp_loss":0,"event_name":"Shining Light","floor":5,"gold_loss":0,"cards_upgraded":["Defend_B","Strike_B"]},{"cards_removed":["Strike_B"],"damage_healed":0,"gold_gain":0,"player_choice":"Elegance","damage_taken":0,"max_hp_gain":0,"max_hp_loss":0,"event_name":"Back to Basics","floor":20,"gold_loss":0},{"damage_healed":0,"gold_gain":0,"player_choice":"Opened","damage_taken":0,"relics_obtained":["Mummified Hand"],"max_hp_gain":0,"max_hp_loss":0,"event_name":"The Mausoleum","floor":21,"gold_loss":0,"cards_obtained":["Writhe"]},{"cards_removed":["Writhe"],"damage_healed":0,"gold_gain":0,"player_choice":"Gave Gold","damage_taken":0,"max_hp_gain":0,"max_hp_loss":0,"event_name":"Beggar","floor":28,"gold_loss":75}],"is_beta":false,"boss_relics":[{"not_picked":["Sozu","Snecko Eye"],"picked":"Lizard Tail"}],"items_purged_floors":[13,19],"is_endless":false,"potions_floor_spawned":[1,6,11,14,27],"killed_by":"Gremlin Leader","ascension_level":0}