{"path_per_floor":["M","M","M","?","?","?","?","T","T","T","M","?","$","E","R"],"character_chosen":"IRONCLAD","items_purchased":["Bag of Preparation"],"gold_per_floor":[115,127,143,143,243,318,318,318,318,391,405,405,186,221,221,221],"floor_reached":16,"campfire_rested":0,"playtime":566,"item_purchase_floors":[13],"current_hp_per_floor":[73,74,76,73,73,62,46,46,46,46,48,48,48,29,29,0],"items_purged":["Strike_R"],"gold":221,"score":162,"play_id":"b0ece256-9805-4dae-a97e-8d795fc5386e","local_time":"20180524140004","is_prod":false,"is_daily":false,"chose_seed":false,"is_ascension_mode":true,"campfire_upgraded":1,"win_rate":0,"timestamp":1527166804,"campfire_choices":[{"data":"True Grit","floor":15,"key":"SMITH"}],"path_taken":["M","M","M","?","?","?","?","?","T","?","M","?","$","E","R","BOSS"],"build_version":"2018-05-23v2","seed_source_timestamp":258980878786081,"purchased_purges":1,"victory":false,"master_deck":["Strike_R+1","Strike_R","Strike_R+1","Strike_R","Defend_R","Defend_R","Defend_R","Defend_R","Bash","AscendersBane","Clothesline","Intimidate","Reckless Charge","True Grit+1"],"max_hp_per_floor":[80,80,80,80,80,80,80,80,80,80,80,80,80,80,80,80],"relics":["Burning Blood","Juzu Bracelet","Paper Frog","Lantern","Bottled Flame","Bag of Preparation","Mercury Hourglass"],"card_choices":[{"not_picked":["Entrench","Pommel Strike"],"picked":"Clothesline","floor":0},{"not_picked":["Headbutt","Cleave"],"picked":"Intimidate","floor":1},{"not_picked":["Pommel Strike","Sever Soul"],"picked":"Reckless Charge","floor":2},{"not_picked":["Infernal Blade","Sever Soul","Cleave"],"picked":"SKIP","floor":3},{"not_picked":["Rupture","Havoc"],"picked":"True Grit","floor":11},{"not_picked":["Body Slam","Entrench","Rage"],"picked":"SKIP","floor":14}],"player_experience":613714,"potions_floor_usage":[11,16,16],"damage_taken":[{"damage":5,"enemies":"Cultist","floor":1,"turns":5},{"damage":5,"enemies":"Jaw Worm","floor":2,"turns":4},{"damage":4,"enemies":"2 Louse","floor":3,"turns":3},{"damage":4,"enemies":"Gremlin Gang","floor":11,"turns":4},{"damage":25,"enemies":"3 Sentries","floor":14,"turns":11},{"damage":29,"enemies":"The Guardian","floor":16,"turns":13}],"relics_obtained":[{"floor":8,"key":"Paper Frog"},{"floor":9,"key":"Lantern"},{"floor":10,"key":"Bottled Flame"},{"floor":14,"key":"Mercury Hourglass"}],"event_choices":[{"event_name":"Scrap Ooze","player_choice":"success","floor":4,"damage_taken":3},{"event_name":"Golden Shrine","player_choice":"Pray","floor":5,"damage_taken":0},{"event_name":"World of Goop","player_choice":"Gather Gold","floor":6,"damage_taken":0},{"event_name":"Shining Light","player_choice":"Entered Light","floor":7,"damage_taken":0},{"event_name":"Liars Game","player_choice":"disagreed","floor":12,"damage_taken":0}],"boss_relics":[],"items_purged_floors":[13],"potions_floor_spawned":[1,11,14],"seed_played":"-1613989426264200746","killed_by":"The Guardian","ascension_level":13,"potions_obtained":[{"floor":1,"key":"SteroidPotion"},{"floor":11,"key":"SkillPotion"},{"floor":14,"key":"GamblersBrew"}],"is_trial":false}