{"gold_per_floor":[113,85,160,20,38,38,49,49,49,49,78,78,143,143,143,215,215,230,230,242,14,33,59,59,78,160,195,208,208,227,260,260,332,332,350,350,425,439,453,453,481,503,590,615,646,758,788,828,840,852,864,876,888,293,327,327],"floor_reached":57,"playtime":3219,"items_purged":["Strike_G"],"score":2944,"play_id":"5f797cb3-614b-4336-ad15-e4ba11cddab1","local_time":"20190713040039","is_ascension_mode":true,"campfire_choices":[{"data":"Poisoned Stab","floor":6.0,"key":"SMITH"},{"data":"Poisoned Stab","floor":8.0,"key":"SMITH"},{"data":"Deadly Poison","floor":10.0,"key":"SMITH"},{"data":"Footwork","floor":12.0,"key":"SMITH"},{"data":"Die Die Die","floor":15.0,"key":"SMITH"},{"data":"Corpse Explosion","floor":24.0,"key":"SMITH"},{"floor":32.0,"key":"REST"},{"data":"Catalyst","floor":40.0,"key":"SMITH"},{"floor":49.0,"key":"RECALL"},{"data":"Night Terror","floor":53,"key":"SMITH"}],"neow_cost":"NONE","seed_source_timestamp":0,"circlet_count":0,"master_deck":["AscendersBane","Strike_G+1","Strike_G+1","Strike_G","Defend_G","Defend_G","Defend_G","Defend_G","Defend_G","Survivor","Neutralize+1","PiercingWail","Poisoned Stab+1","Footwork+1","Deadly Poison+1","Poisoned Stab+1","Die Die Die+1","Concentrate","Corpse Explosion+1","Crippling Poison+1","Dodge and Roll","Backflip","Catalyst+1","Dodge and Roll","Night Terror+1","Leg Sweep","Thinking Ahead","Deflect","Dodge and Roll+1","PiercingWail","PiercingWail","Noxious Fumes+1","Deflect+1"],"special_seed":0,"relics":["Ring of the Snake","Incense Burner","Meat on the Bone","PreservedInsect","Runic Pyramid","TwistedFunnel","Gremlin Horn","Question Card","Molten Egg 2","Black Star","Mummified Hand","MawBank","StoneCalendar","Frozen Egg 2","Gambling Chip","Bag of Preparation","Bottled Tornado","Medical Kit","Centennial Puzzle","Whetstone","Boot"],"potions_floor_usage":[51,56,56],"damage_taken":[{"damage":4.0,"enemies":"2 Louse","floor":1.0,"turns":4.0},{"damage":8.0,"enemies":"Small Slimes","floor":5.0,"turns":4.0},{"damage":0.0,"enemies":"Cultist","floor":7.0,"turns":4.0},{"damage":9.0,"enemies":"3 Sentries","floor":11.0,"turns":7.0},{"damage":14.0,"enemies":"Lagavulin Event","floor":13.0,"turns":6.0},{"damage":0.0,"enemies":"The Guardian","floor":16.0,"turns":11.0},{"damage":4.0,"enemies":"Spheric Guardian","floor":18.0,"turns":4.0},{"damage":6.0,"enemies":"2 Thieves","floor":20.0,"turns":3.0},{"damage":0.0,"enemies":"Snecko","floor":22.0,"turns":4.0},{"damage":0.0,"enemies":"Gremlin Leader","floor":23.0,"turns":4.0},{"damage":0.0,"enemies":"Centurion and Healer","floor":25.0,"turns":6.0},{"damage":15.0,"enemies":"Slavers","floor":27.0,"turns":3.0},{"damage":4.0,"enemies":"3 Cultists","floor":28.0,"turns":3.0},{"damage":3.0,"enemies":"Snecko","floor":30.0,"turns":4.0},{"damage":0.0,"enemies":"Book of Stabbing","floor":31.0,"turns":5.0},{"damage":41.0,"enemies":"Collector","floor":33.0,"turns":8.0},{"damage":23.0,"enemies":"3 Shapes","floor":35.0,"turns":3.0},{"damage":1.0,"enemies":"Orb Walker","floor":38.0,"turns":3.0},{"damage":12.0,"enemies":"Jaw Worm Horde","floor":39.0,"turns":7.0},{"damage":27.0,"enemies":"Nemesis","floor":41.0,"turns":5.0},{"damage":7.0,"enemies":"Transient","floor":42.0,"turns":4.0},{"damage":8.0,"enemies":"Writhing Mass","floor":44.0,"turns":7.0},{"damage":16.0,"enemies":"Sphere and 2 Shapes","floor":45.0,"turns":5.0},{"damage":4.0,"enemies":"Mind Bloom Boss Battle","floor":46.0,"turns":6.0},{"damage":1.0,"enemies":"4 Shapes","floor":47.0,"turns":4.0},{"damage":21.0,"enemies":"Giant Head","floor":48.0,"turns":6.0},{"damage":31,"enemies":"Donu and Deca","floor":50,"turns":5},{"damage":13,"enemies":"Awakened One","floor":51,"turns":17},{"damage":33,"enemies":"Shield and Spear","floor":55,"turns":5},{"damage":22,"enemies":"The Heart","floor":56,"turns":12}],"seed_played":"2355397653271793991","potions_obtained":[{"floor":7.0,"key":"FairyPotion"},{"floor":11.0,"key":"Energy Potion"},{"floor":18.0,"key":"FearPotion"},{"floor":23.0,"key":"GhostInAJar"},{"floor":27.0,"key":"SneckoOil"},{"floor":28.0,"key":"Ancient Potion"},{"floor":47.0,"key":"LiquidBronze"}],"is_trial":false,"path_per_floor":["M","$","?","$","M","R","M","R","T","R","E","R","?","?","R","B",null,"M","?","M","$","M","E","R","M","T","E","M","?","M","E","R","B",null,"M","?","T","M","M","R","E","M","T","M","M","?","M","E","R","B","B",null,"R","$","E","B",null],"character_chosen":"THE_SILENT","items_purchased":["Poisoned Stab","Footwork","Deadly Poison","TwistedFunnel","Noxious Fumes+1","SkillPotion","Medical Kit","Centennial Puzzle"],"campfire_rested":1,"item_purchase_floors":[2,4,4,21,54,54,54,54],"current_hp_per_floor":[55,55,44,44,36,36,36,36,36,36,27,27,25,25,25,37,59,55,55,49,49,49,49,49,49,49,34,42,42,39,39,58,29,57,34,34,34,45,45,45,30,35,35,39,35,43,42,33,33,14,13,53,53,53,32,22],"gold":327,"neow_bonus":"UPGRADE_CARD","is_prod":false,"is_daily":false,"chose_seed":false,"campfire_upgraded":8,"win_rate":0,"timestamp":1562986839,"path_taken":["M","$","?","$","M","R","M","R","T","R","E","R","?","?","R","BOSS","M","?","M","$","?","E","R","M","T","E","M","?","M","E","R","BOSS","M","?","?","M","M","R","E","?","T","M","M","?","M","E","R","BOSS","BOSS","R","$","E","BOSS"],"build_version":"2019-07-10","purchased_purges":1,"victory":true,"max_hp_per_floor":[66,66,66,66,66,66,66,66,66,66,66,66,66,66,66,66,66,66,66,66,66,66,66,66,66,66,66,66,66,66,66,66,66,66,66,66,66,66,66,66,66,66,66,66,66,66,66,66,66,66,66,66,66,66,66,66],"card_choices":[{"not_picked":["Heel Hook","Deflect"],"picked":"PiercingWail","floor":1.0},{"not_picked":["Acrobatics","Finisher"],"picked":"Poisoned Stab","floor":5.0},{"not_picked":["Deadly Poison","Blade Dance"],"picked":"Die Die Die","floor":7.0},{"not_picked":["Sucker Punch","Prepared","Quick Slash"],"picked":"SKIP","floor":11.0},{"not_picked":["Venomology","Wraith Form v2"],"picked":"Corpse Explosion","floor":16.0},{"not_picked":["Deadly Poison","Acrobatics"],"picked":"Crippling Poison+1","floor":18.0},{"not_picked":["Slice","Underhanded Strike"],"picked":"Dodge and Roll","floor":20.0},{"not_picked":["Bane","Dagger Throw","All Out Attack"],"picked":"SKIP","floor":22.0},{"not_picked":["Well Laid Plans","Acrobatics","Distraction"],"picked":"SKIP","floor":23.0},{"not_picked":["Terror","Deadly Poison"],"picked":"Backflip","floor":25.0},{"not_picked":["Poisoned Stab","Eviscerate"],"picked":"Catalyst","floor":27.0},{"not_picked":["Grand Finale","All Out Attack","Prepared"],"picked":"Dodge and Roll","floor":28.0},{"not_picked":["Predator","Underhanded Strike","Cloak And Dagger","Choke"],"picked":"SKIP","floor":30.0},{"not_picked":["Masterful Stab","Terror","Crippling Poison","Well Laid Plans"],"picked":"SKIP","floor":31.0},{"not_picked":["Bullet Time","Envenom","Adrenaline"],"picked":"Night Terror","floor":33.0},{"not_picked":["Dagger Throw+1","Heel Hook+1","Flying Knee+1"],"picked":"Leg Sweep","floor":35.0},{"not_picked":["Bandage Up","Discovery","Purity"],"picked":"Thinking Ahead","floor":36.0},{"not_picked":["Bane+1","Riddle With Holes+1","All Out Attack+1"],"picked":"Deflect","floor":38.0},{"not_picked":["Poisoned Stab+1","Endless Agony+1","Escape Plan","Cloak And Dagger"],"picked":"SKIP","floor":39.0},{"not_picked":["Envenom","Crippling Poison","Underhanded Strike+1"],"picked":"Dodge and Roll+1","floor":41.0},{"not_picked":["Cloak And Dagger","Distraction","Deflect","Tactician"],"picked":"SKIP","floor":42.0},{"not_picked":["Terror","Deflect","Sucker Punch+1"],"picked":"PiercingWail","floor":44.0},{"not_picked":["Bane+1","Storm of Steel","Dash+1"],"picked":"PiercingWail","floor":45.0},{"not_picked":["Dash+1","Sucker Punch+1","Flying Knee+1","Outmaneuver"],"picked":"SKIP","floor":47.0},{"not_picked":["Deflect","Blade Dance+1","Reflex","Flying Knee+1"],"picked":"SKIP","floor":48.0},{"not_picked":["Flying Knee+1","Crippling Poison","Eviscerate+1"],"picked":"Deflect+1","floor":55}],"player_experience":2196859,"relics_obtained":[{"floor":9.0,"key":"Incense Burner"},{"floor":11.0,"key":"Meat on the Bone"},{"floor":13.0,"key":"PreservedInsect"},{"floor":23.0,"key":"Gremlin Horn"},{"floor":27.0,"key":"Question Card"},{"floor":31.0,"key":"Molten Egg 2"},{"floor":37.0,"key":"Mummified Hand"},{"floor":41.0,"key":"MawBank"},{"floor":41.0,"key":"StoneCalendar"},{"floor":43.0,"key":"Frozen Egg 2"},{"floor":46.0,"key":"Gambling Chip"},{"floor":48.0,"key":"Bag of Preparation"},{"floor":48.0,"key":"Bottled Tornado"},{"floor":55,"key":"Whetstone"},{"floor":55,"key":"Boot"}],"event_choices":[{"damage_healed":0.0,"max_hp_gain":0.0,"max_hp_loss":0.0,"gold_gain":75.0,"event_name":"World of Goop","player_choice":"Gather Gold","floor":3.0,"gold_loss":0.0,"damage_taken":11.0},{"damage_healed":0.0,"max_hp_gain":0.0,"max_hp_loss":0.0,"gold_gain":0.0,"event_name":"Dead Adventurer","player_choice":"Searched \u00271\u0027 times","floor":13.0,"gold_loss":0.0,"damage_taken":0.0},{"damage_healed":0.0,"max_hp_gain":0.0,"max_hp_loss":0.0,"gold_gain":0.0,"cards_transformed":["Strike_G"],"event_name":"Transmorgrifier","player_choice":"Transformed","floor":14.0,"gold_loss":0.0,"damage_taken":0.0,"cards_obtained":["Concentrate"]},{"damage_healed":0.0,"max_hp_gain":0.0,"max_hp_loss":0.0,"gold_gain":0.0,"event_name":"N\u0027loth","player_choice":"Ignored","floor":19.0,"gold_loss":0.0,"damage_taken":0.0},{"damage_healed":0.0,"max_hp_gain":0.0,"max_hp_loss":0.0,"gold_gain":0.0,"event_name":"Vampires","player_choice":"Ignored","floor":29.0,"gold_loss":0.0,"damage_taken":0.0},{"damage_healed":0.0,"max_hp_gain":0.0,"max_hp_loss":0.0,"gold_gain":0.0,"event_name":"SensoryStone","player_choice":"Memory 1","floor":36.0,"gold_loss":0.0,"damage_taken":0.0},{"damage_healed":0.0,"max_hp_gain":0.0,"max_hp_loss":0.0,"gold_gain":0.0,"event_name":"MindBloom","player_choice":"Fight","floor":46.0,"gold_loss":0.0,"damage_taken":0.0}],"is_beta":true,"boss_relics":[{"not_picked":["Orrery","Cursed Key"],"picked":"Runic Pyramid"},{"not_picked":["Eternal Feather","Snecko Eye"],"picked":"Black Star"}],"items_purged_floors":[54],"is_endless":false,"potions_floor_spawned":[7,11,18,20,23,27,28,31,38,42,47],"ascension_level":20}