{"gold_per_floor":[111,126,146,146,146,146,146,146,146,164,2,2,45,59,59,59],"floor_reached":16,"playtime":443,"items_purged":[],"score":200,"play_id":"a70507b2-d639-45dc-a9ff-e6cb97cdbac8","local_time":"20190626142306","is_ascension_mode":true,"campfire_choices":[{"data":"Zap","floor":8,"key":"SMITH"},{"data":"Go for the Eyes","floor":12,"key":"SMITH"},{"data":"Coolheaded","floor":15,"key":"SMITH"}],"neow_cost":"NONE","seed_source_timestamp":136568455105474,"circlet_count":0,"master_deck":["AscendersBane","Strike_B","Strike_B","Strike_B","Strike_B","Defend_B+1","Defend_B+1","Defend_B","Defend_B","Zap+1","Dualcast+1","Go for the Eyes+1","Coolheaded+1","Gash+1","Cold Snap","Ball Lightning","Ball Lightning"],"relics":["Cracked Core","Golden Idol","Sundial","PreservedInsect","War Paint"],"potions_floor_usage":[16],"damage_taken":[{"damage":1,"enemies":"Cultist","floor":1,"turns":3},{"damage":2,"enemies":"Jaw Worm","floor":2,"turns":4},{"damage":7,"enemies":"2 Louse","floor":3,"turns":3},{"damage":0,"enemies":"Looter","floor":10,"turns":3},{"damage":6,"enemies":"Gremlin Nob","floor":13,"turns":3},{"damage":0,"enemies":"2 Fungi Beasts","floor":14,"turns":3},{"damage":24,"enemies":"Hexaghost","floor":16,"turns":9}],"seed_played":"4731174282791613368","potions_obtained":[{"floor":2,"key":"LiquidBronze"}],"is_trial":false,"path_per_floor":["M","M","M","?","?","?","?","R","T","M","$","R","E","M","R","B"],"character_chosen":"DEFECT","items_purchased":["PreservedInsect"],"campfire_rested":0,"item_purchase_floors":[11],"current_hp_per_floor":[70,68,61,66,41,41,30,30,30,30,30,30,24,24,24,0],"gold":59,"neow_bonus":"TEN_PERCENT_HP_BONUS","is_prod":false,"is_daily":false,"chose_seed":false,"campfire_upgraded":3,"win_rate":0,"timestamp":1561555386,"path_taken":["M","?","M","?","?","?","?","R","T","M","$","R","E","M","R","BOSS"],"build_version":"2019-06-24","purchased_purges":0,"victory":false,"max_hp_per_floor":[78,78,78,83,83,75,75,75,75,75,75,75,75,75,75,75],"card_choices":[{"not_picked":["Conserve Battery","Barrage"],"picked":"Go for the Eyes","floor":1},{"not_picked":["Rebound","Machine Learning"],"picked":"Coolheaded","floor":2},{"not_picked":["Go for the Eyes","Rebound"],"picked":"Gash","floor":3},{"not_picked":["Blizzard","Streamline"],"picked":"Cold Snap","floor":10},{"not_picked":["Skim","Undo"],"picked":"Ball Lightning","floor":13},{"not_picked":["Leap","Steam"],"picked":"Ball Lightning","floor":14}],"player_experience":2153855,"relics_obtained":[{"floor":9,"key":"Sundial"},{"floor":13,"key":"War Paint"}],"event_choices":[{"damage_healed":0,"gold_gain":0,"player_choice":"Donut","damage_taken":0,"max_hp_gain":5,"max_hp_loss":0,"event_name":"Big Fish","floor":4,"gold_loss":0},{"damage_healed":0,"gold_gain":0,"player_choice":"Entered Light","damage_taken":25,"max_hp_gain":0,"max_hp_loss":0,"event_name":"Shining Light","floor":5,"gold_loss":0,"cards_upgraded":["Gash","Dualcast"]},{"damage_healed":0,"gold_gain":0,"player_choice":"Lose Max HP","damage_taken":0,"relics_obtained":["Golden Idol"],"max_hp_gain":0,"max_hp_loss":8,"event_name":"Golden Idol","floor":6,"gold_loss":0},{"damage_healed":0,"gold_gain":0,"player_choice":"Damaged","damage_taken":11,"max_hp_gain":0,"max_hp_loss":0,"event_name":"Wheel of Change","floor":7,"gold_loss":0}],"is_beta":true,"boss_relics":[],"items_purged_floors":[],"is_endless":false,"potions_floor_spawned":[2],"killed_by":"Hexaghost","ascension_level":20}