{"gold_per_floor":[112,131,141,216,16,16,16,31,83,98,98,111,145,145,145,145],"floor_reached":16,"playtime":1046,"items_purged":[],"score":117,"play_id":"5f57f137-4768-4693-96c5-266f9b1b2649","local_time":"20190822145542","is_ascension_mode":true,"campfire_choices":[{"data":"Hologram","floor":6,"key":"SMITH"},{"floor":15,"key":"REST"}],"neow_cost":"PERCENT_DAMAGE","seed_source_timestamp":2974838870081,"circlet_count":0,"master_deck":["Strike_B","Strike_B","Defend_B","Defend_B","Defend_B","Zap","Dualcast","Gash","Hologram+1","All For One","Coolheaded","Defragment","Self Repair"],"relics":["Cracked Core","Chemical X","Omamori","DataDisk"],"potions_floor_usage":[8,16,16],"damage_taken":[{"damage":1,"enemies":"Cultist","floor":1,"turns":3},{"damage":0,"enemies":"Jaw Worm","floor":2,"turns":4},{"damage":3,"enemies":"Small Slimes","floor":3,"turns":3},{"damage":0,"enemies":"Red Slaver","floor":8,"turns":3},{"damage":6,"enemies":"Looter","floor":10,"turns":3},{"damage":7,"enemies":"Large Slime","floor":12,"turns":6},{"damage":31,"enemies":"3 Sentries","floor":13,"turns":8},{"damage":45,"enemies":"Slime Boss","floor":16,"turns":5}],"seed_played":"8603258189762628283","potions_obtained":[{"floor":3,"key":"Block Potion"},{"floor":10,"key":"Poison Potion"},{"floor":12,"key":"SpeedPotion"}],"is_trial":false,"path_per_floor":["M","M","M","?","$","R","$","M","T","M","?","M","E","?","R","B"],"character_chosen":"DEFECT","items_purchased":["Chemical X"],"campfire_rested":1,"item_purchase_floors":[5],"current_hp_per_floor":[53,53,50,39,39,39,39,39,39,33,51,44,13,13,35,0],"gold":145,"neow_bonus":"REMOVE_TWO","is_prod":false,"is_daily":false,"chose_seed":false,"campfire_upgraded":1,"win_rate":0,"timestamp":1566510942,"path_taken":["M","M","M","?","$","R","$","M","T","M","?","M","E","?","R","BOSS"],"build_version":"2019-07-17","purchased_purges":0,"victory":false,"max_hp_per_floor":[75,75,75,75,75,75,75,75,75,75,75,75,75,75,75,75],"card_choices":[{"not_picked":["Reprogram","Stack"],"picked":"Gash","floor":1},{"not_picked":["Cold Snap","Chaos"],"picked":"Hologram","floor":2},{"not_picked":["Hologram","Blizzard"],"picked":"All For One","floor":3},{"not_picked":["Sweeping Beam","Blizzard","Barrage"],"picked":"SKIP","floor":8},{"not_picked":["Cold Snap","Ball Lightning"],"picked":"Coolheaded","floor":10},{"not_picked":["Aggregate","Leap"],"picked":"Defragment","floor":12},{"not_picked":["Static Discharge","Amplify"],"picked":"Self Repair","floor":13}],"player_experience":194988,"relics_obtained":[{"floor":9,"key":"Omamori"},{"floor":13,"key":"DataDisk"}],"event_choices":[{"damage_healed":0,"gold_gain":75,"player_choice":"Gather Gold","damage_taken":11,"max_hp_gain":0,"max_hp_loss":0,"event_name":"World of Goop","floor":4,"gold_loss":0},{"damage_healed":18,"gold_gain":0,"player_choice":"Healed and dodged fight","damage_taken":0,"max_hp_gain":0,"max_hp_loss":0,"event_name":"Mushrooms","floor":11,"gold_loss":0,"cards_obtained":["Parasite"]},{"cards_removed":["Defend_B"],"damage_healed":0,"gold_gain":0,"player_choice":"Purged","damage_taken":0,"max_hp_gain":0,"max_hp_loss":0,"event_name":"Purifier","floor":14,"gold_loss":0}],"is_beta":false,"boss_relics":[],"items_purged_floors":[],"is_endless":false,"potions_floor_spawned":[3,10,12],"killed_by":"Slime Boss","ascension_level":3}