{"gold_per_floor":[115,134,134,144,30,30,60,60,142,142,168,188,188,11,11,86,86,105,105,125,47,65,65,95,95,122,151,177,177,177,189,189,263,263,275,293,313,535,535,535],"floor_reached":40,"playtime":1706,"items_purged":["Strike_B","Strike_B"],"score":939,"play_id":"33f2182a-dc0f-4cb4-b8cb-775fc95510dd","local_time":"20190307015506","is_ascension_mode":true,"campfire_choices":[{"data":"Zap","floor":6,"key":"SMITH"},{"data":"Biased Cognition","floor":13,"key":"SMITH"},{"data":"Static Discharge","floor":15,"key":"SMITH"},{"floor":23,"key":"REST"},{"floor":25,"key":"REST"},{"floor":30,"key":"REST"},{"floor":32,"key":"REST"}],"neow_cost":"NONE","seed_source_timestamp":76830479993395,"circlet_count":0,"master_deck":["AscendersBane","Strike_B","Defend_B","Defend_B","Defend_B","Defend_B","Zap+1","Dualcast","Ball Lightning","Darkness","Gash","Static Discharge+1","White Noise","Biased Cognition+1","All For One","Capacitor","Core Surge","Cold Snap","Genetic Algorithm","Consume","Glacier","Steam","Coolheaded","Echo Form","Skim","Heatsinks","Skim"],"relics":["Cracked Core","Blood Vial","FaceOfCleric","Pen Nib","Ornamental Fan","Bronze Scales","Black Star","Ancient Tea Set","Mummified Hand","Art of War","Red Mask","Vajra","Oddly Smooth Stone","Fusion Hammer"],"potions_floor_usage":[11,16,16,24,24,27,28,33],"damage_taken":[{"damage":7,"enemies":"Jaw Worm","floor":1,"turns":3},{"damage":0,"enemies":"Cultist","floor":2,"turns":3},{"damage":0,"enemies":"Small Slimes","floor":4,"turns":2},{"damage":25,"enemies":"3 Sentries","floor":7,"turns":5},{"damage":0,"enemies":"Lagavulin","floor":11,"turns":4},{"damage":18,"enemies":"Exordium Thugs","floor":12,"turns":3},{"damage":31,"enemies":"The Guardian","floor":16,"turns":7},{"damage":0,"enemies":"Spheric Guardian","floor":18,"turns":2},{"damage":11,"enemies":"Chosen","floor":20,"turns":4},{"damage":25,"enemies":"Shelled Parasite and Fungi","floor":22,"turns":6},{"damage":26,"enemies":"Gremlin Leader","floor":24,"turns":4},{"damage":0,"enemies":"Masked Bandits","floor":27,"turns":2},{"damage":37,"enemies":"Book of Stabbing","floor":28,"turns":3},{"damage":35,"enemies":"Cultist and Chosen","floor":31,"turns":8},{"damage":16,"enemies":"Champ","floor":33,"turns":15},{"damage":10,"enemies":"Orb Walker","floor":35,"turns":3},{"damage":15,"enemies":"3 Darklings","floor":36,"turns":3},{"damage":11,"enemies":"Sphere and 2 Shapes","floor":37,"turns":4},{"damage":53,"enemies":"Reptomancer","floor":40,"turns":2}],"seed_played":"-4827736411603723974","potions_obtained":[{"floor":4,"key":"Block Potion"},{"floor":7,"key":"Block Potion"},{"floor":12,"key":"Ancient Potion"},{"floor":16,"key":"Fire Potion"},{"floor":18,"key":"PowerPotion"},{"floor":24,"key":"Swift Potion"},{"floor":27,"key":"Dexterity Potion"},{"floor":31,"key":"Fruit Juice"},{"floor":33,"key":"EssenceOfSteel"},{"floor":37,"key":"Dexterity Potion"}],"is_trial":false,"path_per_floor":["M","M","?","M","$","R","E","$","T","?","E","M","R","$","R","B",null,"M","?","M","$","M","R","E","R","T","?","E","?","R","M","R","B",null,"M","M","M","?","?","E"],"character_chosen":"DEFECT","items_purchased":["Static Discharge","Capacitor","Glacier"],"campfire_rested":4,"item_purchase_floors":[5,14,21],"current_hp_per_floor":[59,61,61,64,64,64,42,42,42,42,45,30,30,30,30,2,58,61,61,53,53,31,54,31,55,55,58,24,24,48,16,40,32,75,68,56,48,48,48,0],"gold":535,"neow_bonus":"RANDOM_COMMON_RELIC","is_prod":false,"is_daily":false,"chose_seed":false,"campfire_upgraded":3,"win_rate":0,"timestamp":1551923706,"path_taken":["M","M","?","M","$","R","E","?","T","?","E","?","R","$","R","BOSS","M","?","M","$","M","R","E","R","T","?","E","?","R","M","R","BOSS","M","?","M","?","?","E"],"build_version":"2019-02-06","purchased_purges":2,"victory":false,"max_hp_per_floor":[71,71,71,72,72,72,73,73,73,73,74,75,75,75,75,76,76,77,77,78,78,79,79,80,80,80,81,82,82,82,83,83,89,89,90,91,92,92,92,92],"card_choices":[{"not_picked":["Steam","Barrage"],"picked":"Ball Lightning","floor":1},{"not_picked":["Sunder","Steam"],"picked":"Darkness","floor":2},{"not_picked":["Stack","Sweeping Beam"],"picked":"Gash","floor":4},{"not_picked":["Scrape","Sweeping Beam"],"picked":"White Noise","floor":7},{"not_picked":["Conserve Battery","Recycle"],"picked":"All For One","floor":11},{"not_picked":["Conserve Battery","Loop","Turbo"],"picked":"SKIP","floor":12},{"not_picked":["Reboot","Machine Learning"],"picked":"Core Surge","floor":16},{"not_picked":["Force Field","Auto Shields"],"picked":"Cold Snap","floor":18},{"not_picked":["Leap","Compile Driver"],"picked":"Consume","floor":20},{"not_picked":["Conserve Battery","Ball Lightning"],"picked":"Steam","floor":22},{"not_picked":["Turbo","Leap"],"picked":"Coolheaded","floor":24},{"not_picked":["Reprogram","Redo","Hello World"],"picked":"SKIP","floor":28},{"not_picked":["Multi-Cast","Rebound","Ball Lightning"],"picked":"SKIP","floor":31},{"not_picked":["Meteor Strike","Core Surge"],"picked":"Echo Form","floor":33},{"not_picked":["Gash","Streamline"],"picked":"Skim","floor":35},{"not_picked":["Beam Cell","Fusion"],"picked":"Heatsinks","floor":36},{"not_picked":["Barrage","Blizzard+1"],"picked":"Skim","floor":37}],"player_experience":1881190,"relics_obtained":[{"floor":7,"key":"Pen Nib"},{"floor":9,"key":"Ornamental Fan"},{"floor":11,"key":"Bronze Scales"},{"floor":24,"key":"Ancient Tea Set"},{"floor":24,"key":"Mummified Hand"},{"floor":26,"key":"Art of War"},{"floor":27,"key":"Red Mask"},{"floor":28,"key":"Vajra"},{"floor":28,"key":"Oddly Smooth Stone"}],"event_choices":[{"damage_healed":0,"gold_gain":0,"player_choice":"Trade","damage_taken":0,"relics_obtained":["FaceOfCleric"],"max_hp_gain":0,"max_hp_loss":0,"event_name":"FaceTrader","floor":3,"gold_loss":0},{"damage_healed":0,"gold_gain":0,"cards_transformed":["Strike_B"],"player_choice":"Transformed","damage_taken":0,"max_hp_gain":0,"max_hp_loss":0,"event_name":"Transmorgrifier","floor":10,"gold_loss":0,"cards_obtained":["Biased Cognition"]},{"damage_healed":0,"gold_gain":0,"player_choice":"Read","damage_taken":0,"max_hp_gain":0,"max_hp_loss":0,"event_name":"The Library","floor":19,"gold_loss":0,"cards_obtained":["Genetic Algorithm"]},{"damage_healed":0,"gold_gain":0,"player_choice":"Fought Bandits","damage_taken":0,"max_hp_gain":0,"max_hp_loss":0,"event_name":"Masked Bandits","floor":27,"gold_loss":0},{"damage_healed":0,"gold_gain":0,"player_choice":"0 cards matched","damage_taken":0,"max_hp_gain":0,"max_hp_loss":0,"event_name":"Match and Keep!","floor":29,"gold_loss":0,"cards_obtained":[]},{"damage_healed":0,"gold_gain":222,"player_choice":"Wore Mask","damage_taken":0,"max_hp_gain":0,"max_hp_loss":0,"event_name":"Tomb of Lord Red Mask","floor":38,"gold_loss":0},{"damage_healed":0,"gold_gain":0,"player_choice":"Memory 1","damage_taken":0,"max_hp_gain":0,"max_hp_loss":0,"event_name":"SensoryStone","floor":39,"gold_loss":0}],"is_beta":true,"boss_relics":[{"not_picked":["Tiny House","Sozu"],"picked":"Black Star"},{"not_picked":["White Beast Statue","Coffee Dripper"],"picked":"Fusion Hammer"}],"items_purged_floors":[5,14],"is_endless":false,"potions_floor_spawned":[4,7,12,16,18,24,27,31,33,37],"killed_by":"Reptomancer","ascension_level":20}