{"gold_per_floor":[118,118,43,57,57,27,53,63,63,77,89,107,107,107,107,209,209,223,243,243,257,271,306,306],"floor_reached":24,"playtime":1777,"items_purged":["Strike_B"],"score":245,"play_id":"c6045dcd-d704-45f5-8f20-12c76a6fd3c9","local_time":"20190817144858","is_ascension_mode":false,"campfire_choices":[{"data":"Genetic Algorithm","floor":13,"key":"SMITH"},{"data":"Electrodynamics","floor":15,"key":"SMITH"}],"neow_cost":"NONE","seed_source_timestamp":96521910651336,"circlet_count":0,"master_deck":["Strike_B","Strike_B","Strike_B+1","Defend_B","Defend_B","Defend_B+1","Defend_B","Zap","Dualcast","Electrodynamics+1","Genetic Algorithm+1","Barrage","Rainbow","Chaos","Meteor Strike","Compile Driver","Storm+1"],"relics":["Cracked Core","NeowsBlessing","Gremlin Horn","Sundial","Nuclear Battery","Enchiridion","PreservedInsect"],"potions_floor_usage":[11,16,16,19,23,23,23],"damage_taken":[{"damage":0,"enemies":"Small Slimes","floor":1,"turns":1},{"damage":0,"enemies":"2 Louse","floor":4,"turns":1},{"damage":0,"enemies":"Lagavulin","floor":7,"turns":1},{"damage":0,"enemies":"Cultist","floor":8,"turns":3},{"damage":11,"enemies":"Gremlin Gang","floor":10,"turns":2},{"damage":0,"enemies":"Large Slime","floor":11,"turns":3},{"damage":1,"enemies":"2 Fungi Beasts","floor":12,"turns":3},{"damage":13,"enemies":"The Guardian","floor":16,"turns":14},{"damage":8,"enemies":"Chosen","floor":18,"turns":6},{"damage":12,"enemies":"2 Thieves","floor":19,"turns":2},{"damage":11,"enemies":"Snake Plant","floor":21,"turns":4},{"damage":0,"enemies":"Chosen and Byrds","floor":22,"turns":4},{"damage":13,"enemies":"Book of Stabbing","floor":23,"turns":5},{"damage":15,"enemies":"Shelled Parasite and Fungi","floor":24,"turns":4}],"seed_played":"6776798200938198566","potions_obtained":[{"floor":4,"key":"Energy Potion"},{"floor":6,"key":"EssenceOfSteel"},{"floor":6,"key":"Fire Potion"},{"floor":11,"key":"Energy Potion"},{"floor":16,"key":"SkillPotion"},{"floor":21,"key":"GamblersBrew"},{"floor":22,"key":"SkillPotion"}],"is_trial":false,"path_per_floor":["M","?","$","M","?","?","E","M","T","M","M","M","R","?","R","B",null,"M","M","?","M","M","E","M"],"character_chosen":"DEFECT","items_purchased":[],"campfire_rested":0,"item_purchase_floors":[],"current_hp_per_floor":[75,75,75,75,60,60,60,60,60,49,49,48,48,23,23,10,75,67,55,39,28,28,15,0],"gold":306,"neow_bonus":"THREE_ENEMY_KILL","is_prod":false,"is_daily":false,"chose_seed":false,"campfire_upgraded":2,"win_rate":0,"timestamp":1566078538,"path_taken":["M","?","$","M","?","?","E","?","T","M","M","?","R","?","R","BOSS","M","M","?","M","M","E","M"],"build_version":"2019-07-17","purchased_purges":1,"victory":false,"max_hp_per_floor":[75,75,75,75,75,75,75,75,75,75,75,75,75,75,75,75,75,75,75,75,75,75,75,75],"card_choices":[{"not_picked":["Ball Lightning","Doom and Gloom","Coolheaded"],"picked":"SKIP","floor":1},{"not_picked":["Blizzard","Rebound","Aggregate"],"picked":"SKIP","floor":4},{"not_picked":["Leap","Steam"],"picked":"Electrodynamics","floor":7},{"not_picked":["Fusion","Ball Lightning"],"picked":"Genetic Algorithm","floor":8},{"not_picked":["Compile Driver","Steam","Leap"],"picked":"SKIP","floor":10},{"not_picked":["Compile Driver","Steam","Leap"],"picked":"SKIP","floor":10},{"not_picked":["Steam","Cold Snap"],"picked":"Barrage","floor":11},{"not_picked":["Barrage","Hello World","Compile Driver"],"picked":"SKIP","floor":12},{"not_picked":["Electrodynamics","Core Surge"],"picked":"Rainbow","floor":16},{"not_picked":["Undo+1","Cold Snap"],"picked":"Chaos","floor":18},{"not_picked":["Go for the Eyes","Turbo+1","Conserve Battery+1"],"picked":"SKIP","floor":19},{"not_picked":["Cold Snap","Lockon"],"picked":"Meteor Strike","floor":21},{"not_picked":["Stack","Auto Shields"],"picked":"Compile Driver","floor":22},{"not_picked":["Redo","Streamline"],"picked":"Storm+1","floor":23}],"player_experience":143279,"relics_obtained":[{"floor":7,"key":"Gremlin Horn"},{"floor":20,"key":"Enchiridion"},{"floor":23,"key":"PreservedInsect"}],"event_choices":[{"damage_healed":0,"gold_gain":0,"player_choice":"Ignored","damage_taken":0,"max_hp_gain":0,"max_hp_loss":0,"event_name":"Liars Game","floor":2,"gold_loss":0},{"damage_healed":0,"gold_gain":0,"player_choice":"Entered Light","damage_taken":15,"max_hp_gain":0,"max_hp_loss":0,"event_name":"Shining Light","floor":5,"gold_loss":0,"cards_upgraded":["Defend_B","Strike_B"]},{"damage_healed":0,"gold_gain":0,"player_choice":"Bought 2 Potions","damage_taken":0,"max_hp_gain":0,"max_hp_loss":0,"event_name":"The Woman in Blue","floor":6,"gold_loss":0},{"damage_healed":0,"gold_gain":0,"player_choice":"Success","damage_taken":25,"relics_obtained":["Sundial"],"max_hp_gain":0,"max_hp_loss":0,"event_name":"Scrap Ooze","floor":14,"gold_loss":0},{"damage_healed":0,"gold_gain":0,"player_choice":"Obtained Book","damage_taken":16,"max_hp_gain":0,"max_hp_loss":0,"event_name":"Cursed Tome","floor":20,"gold_loss":0}],"is_beta":false,"boss_relics":[{"not_picked":["Coffee Dripper","Lizard Tail"],"picked":"Nuclear Battery"}],"items_purged_floors":[3],"is_endless":false,"potions_floor_spawned":[4,7,8,11,16,21,22],"killed_by":"Shelled Parasite and Fungi","ascension_level":0}