{"gold_per_floor":[119,119,130,130,130,130,161,161,161,176,176,30,47,64,64,140,140,155,166,91,101,101,101,1,1,27,54,72,72,72,72,72,151,151,171,181,181,181,200,200,233,233,279,290,290,290,307,41,41,41],"floor_reached":51,"playtime":1891,"items_purged":["Fire Breathing","Anger","Brutality"],"score":1232,"play_id":"a908fbfe-8bc8-4aa3-a169-89bd0f3b7a85","local_time":"20190824075347","is_ascension_mode":true,"campfire_choices":[{"data":"Bash","floor":6,"key":"SMITH"},{"data":"Limit Break","floor":8,"key":"SMITH"},{"data":"Pommel Strike","floor":11,"key":"SMITH"},{"data":"Demon Form","floor":15,"key":"SMITH"},{"data":"Armaments","floor":23,"key":"SMITH"},{"data":"Fiend Fire","floor":25,"key":"SMITH"},{"data":"Shockwave","floor":29,"key":"SMITH"},{"floor":32,"key":"REST"},{"data":"Berserk","floor":40,"key":"SMITH"},{"data":"Enlightenment","floor":42,"key":"SMITH"},{"data":"Battle Trance","floor":45,"key":"SMITH"},{"floor":49,"key":"REST"}],"neow_cost":"NONE","seed_source_timestamp":183067660439600,"circlet_count":0,"master_deck":["AscendersBane","Bash+1","Sever Soul","Impervious","Limit Break+1","Demon Form+1","Impervious","Fiend Fire+1","Flame Barrier","Battle Trance+1","Shockwave+1","Headbutt","Twin Strike","Armaments+1","Pommel Strike+1","Disarm+1","Immolate","Berserk+1","Metallicize+1","Master of Strategy","Violence","Enlightenment+1","Sentinel","Seeing Red+1","Reaper"],"relics":["Burning Blood","NeowsBlessing","Omamori","Sundial","Pandora\u0027s Box","MutagenicStrength","PreservedInsect","Happy Flower","Mark of Pain","Art of War","Centennial Puzzle"],"potions_floor_usage":[14,21,31,33,47,50,50],"damage_taken":[{"damage":0,"enemies":"Small Slimes","floor":1,"turns":1},{"damage":0,"enemies":"Cultist","floor":3,"turns":1},{"damage":0,"enemies":"Gremlin Nob","floor":7,"turns":1},{"damage":18,"enemies":"Jaw Worm","floor":10,"turns":4},{"damage":8,"enemies":"Large Slime","floor":13,"turns":6},{"damage":0,"enemies":"2 Fungi Beasts","floor":14,"turns":2},{"damage":3,"enemies":"Slime Boss","floor":16,"turns":6},{"damage":0,"enemies":"Spheric Guardian","floor":18,"turns":4},{"damage":12,"enemies":"Chosen","floor":19,"turns":4},{"damage":24,"enemies":"Snecko","floor":21,"turns":5},{"damage":25,"enemies":"Book of Stabbing","floor":27,"turns":3},{"damage":16,"enemies":"Snake Plant","floor":28,"turns":6},{"damage":0,"enemies":"Centurion and Healer","floor":31,"turns":1},{"damage":29,"enemies":"Automaton","floor":33,"turns":6},{"damage":9,"enemies":"3 Shapes","floor":35,"turns":3},{"damage":12,"enemies":"Orb Walker","floor":36,"turns":4},{"damage":5,"enemies":"Sphere and 2 Shapes","floor":39,"turns":5},{"damage":10,"enemies":"Giant Head","floor":41,"turns":5},{"damage":6,"enemies":"Maw","floor":44,"turns":5},{"damage":30,"enemies":"Writhing Mass","floor":47,"turns":5},{"damage":40,"enemies":"Time Eater","floor":50,"turns":8}],"seed_played":"-1379673045629372668","potions_obtained":[{"floor":1,"key":"SmokeBomb"},{"floor":13,"key":"AttackPotion"},{"floor":14,"key":"BloodPotion"},{"floor":27,"key":"FearPotion"},{"floor":33,"key":"EssenceOfSteel"},{"floor":39,"key":"Dexterity Potion"},{"floor":47,"key":"AttackPotion"}],"is_trial":false,"path_per_floor":["M","$","M","$","?","R","E","R","T","M","R","$","M","M","R","B",null,"M","M","$","M","?","R","$","R","T","E","M","R","?","M","R","B",null,"M","M","?","?","M","R","E","R","T","M","R","?","M","$","R","B",null],"character_chosen":"IRONCLAD","items_purchased":["Demon Form","Reaper"],"campfire_rested":2,"item_purchase_floors":[12,48],"current_hp_per_floor":[74,74,75,75,75,75,75,75,75,63,63,63,61,67,67,70,74,75,69,69,69,69,69,69,69,69,50,40,40,40,46,68,45,68,65,59,59,49,50,50,46,46,46,46,46,46,22,22,44,44],"gold":41,"neow_bonus":"THREE_ENEMY_KILL","is_prod":false,"is_daily":false,"chose_seed":false,"campfire_upgraded":10,"win_rate":0,"timestamp":1566600827,"path_taken":["M","$","M","$","?","R","E","R","T","M","R","$","?","M","R","BOSS","M","M","$","M","?","R","$","R","T","E","M","R","?","M","R","BOSS","M","M","?","?","?","R","E","R","T","?","R","?","M","$","R","BOSS"],"build_version":"2019-07-17","purchased_purges":3,"victory":true,"max_hp_per_floor":[75,75,75,75,75,75,75,75,75,75,75,75,75,75,75,75,75,75,75,75,75,75,75,75,75,75,75,75,75,75,75,75,75,75,75,75,75,75,75,75,75,75,75,75,75,75,75,75,75,75],"card_choices":[{"not_picked":["Bloodletting","Cleave"],"picked":"Sever Soul","floor":1},{"not_picked":["Body Slam","Flex","Anger"],"picked":"SKIP","floor":3},{"not_picked":["Warcry","Cleave"],"picked":"Limit Break","floor":7},{"not_picked":["True Grit","Warcry"],"picked":"Pommel Strike","floor":10},{"not_picked":["Anger","Twin Strike"],"picked":"Impervious","floor":13},{"not_picked":["Rage","Combust","Rupture"],"picked":"SKIP","floor":14},{"not_picked":["Feed","Impervious"],"picked":"Fiend Fire","floor":16},{"not_picked":["Cleave","Wild Strike","Pommel Strike"],"picked":"SKIP","floor":18},{"not_picked":["True Grit","Havoc"],"picked":"Pommel Strike+1","floor":19},{"not_picked":["Clash","Ghostly Armor","Headbutt"],"picked":"SKIP","floor":21},{"not_picked":["Headbutt","Evolve"],"picked":"Disarm+1","floor":27},{"not_picked":["Burning Pact","Flex"],"picked":"Immolate","floor":28},{"not_picked":["Exhume","Fiend Fire"],"picked":"Berserk","floor":33},{"not_picked":["Body Slam+1","Warcry"],"picked":"Metallicize+1","floor":35},{"not_picked":["Flex","Fire Breathing","Clash"],"picked":"SKIP","floor":36},{"not_picked":["Panacea","Dark Shackles"],"picked":"Master of Strategy","floor":38},{"not_picked":["Transmutation","PanicButton"],"picked":"Violence","floor":38},{"not_picked":["Dark Shackles","Deep Breath"],"picked":"Enlightenment","floor":38},{"not_picked":["Iron Wave","True Grit+1"],"picked":"Sentinel","floor":39},{"not_picked":["Metallicize","Cleave","Feel No Pain"],"picked":"SKIP","floor":41},{"not_picked":["Anger","Cleave","Twin Strike"],"picked":"SKIP","floor":44},{"not_picked":["Flex","Infernal Blade"],"picked":"Seeing Red+1","floor":47}],"player_experience":189598,"relics_obtained":[{"floor":7,"key":"Omamori"},{"floor":9,"key":"Sundial"},{"floor":26,"key":"PreservedInsect"},{"floor":27,"key":"Happy Flower"},{"floor":41,"key":"Art of War"},{"floor":43,"key":"Centennial Puzzle"}],"event_choices":[{"damage_healed":0,"gold_gain":0,"player_choice":"1 cards matched","damage_taken":0,"max_hp_gain":0,"max_hp_loss":0,"event_name":"Match and Keep!","floor":5,"gold_loss":0,"cards_obtained":["Impervious"]},{"damage_healed":0,"gold_gain":0,"player_choice":"Inject Mutagens","damage_taken":0,"relics_obtained":["MutagenicStrength"],"max_hp_gain":0,"max_hp_loss":0,"event_name":"Drug Dealer","floor":22,"gold_loss":0},{"damage_healed":0,"gold_gain":0,"player_choice":"Ignored","damage_taken":0,"max_hp_gain":0,"max_hp_loss":0,"event_name":"Ghosts","floor":30,"gold_loss":0},{"cards_removed":["Pommel Strike"],"damage_healed":0,"gold_gain":0,"player_choice":"Removed Attack","damage_taken":0,"max_hp_gain":0,"max_hp_loss":0,"event_name":"Falling","floor":37,"gold_loss":0},{"damage_healed":0,"gold_gain":0,"player_choice":"Memory 3","damage_taken":10,"max_hp_gain":0,"max_hp_loss":0,"event_name":"SensoryStone","floor":38,"gold_loss":0},{"damage_healed":0,"gold_gain":0,"player_choice":"Bought 0 Potions","damage_taken":0,"max_hp_gain":0,"max_hp_loss":0,"event_name":"The Woman in Blue","floor":46,"gold_loss":0}],"is_beta":false,"boss_relics":[{"not_picked":["Philosopher\u0027s Stone","Empty Cage"],"picked":"Pandora\u0027s Box"},{"not_picked":["Runic Cube","Snecko Eye"],"picked":"Mark of Pain"}],"items_purged_floors":[20,24,48],"is_endless":false,"potions_floor_spawned":[1,13,14,27,28,31,33,39,41,44,47],"ascension_level":14}