{"gold_per_floor":[118,118,133,208,224,243,277,25,100,100],"floor_reached":10,"playtime":481,"items_purged":[],"score":68,"play_id":"0ca1e3fc-938e-4f07-922a-c73b09f8cee9","local_time":"20190629033759","is_ascension_mode":false,"campfire_choices":[],"neow_cost":"TEN_PERCENT_HP_LOSS","seed_source_timestamp":237215708084800,"circlet_count":0,"master_deck":["Strike_R","Strike_R","Strike_R","Strike_R","Strike_R","Defend_R","Defend_R","Defend_R","Defend_R","Bash","Twin Strike","Inflame","Inflame","Rage","True Grit"],"relics":["Burning Blood","Incense Burner","Golden Idol","Girya","Toxic Egg 2"],"potions_floor_usage":[],"damage_taken":[{"damage":6,"enemies":"Jaw Worm","floor":1,"turns":5},{"damage":0,"enemies":"Small Slimes","floor":3,"turns":3},{"damage":1,"enemies":"Cultist","floor":5,"turns":3},{"damage":0,"enemies":"Looter","floor":6,"turns":3},{"damage":38,"enemies":"3 Sentries","floor":7,"turns":11},{"damage":32,"enemies":"Lagavulin","floor":10,"turns":6}],"seed_played":"233392302818680940","potions_obtained":[],"is_trial":false,"path_per_floor":["M","?","M","?","M","M","E","$","T","E"],"character_chosen":"IRONCLAD","items_purchased":["Toxic Egg 2"],"campfire_rested":0,"item_purchase_floors":[8],"current_hp_per_floor":[72,54,60,49,54,60,28,28,28,0],"gold":100,"neow_bonus":"ONE_RARE_RELIC","is_prod":false,"is_daily":false,"chose_seed":false,"campfire_upgraded":0,"win_rate":0,"timestamp":1561747079,"path_taken":["M","?","M","?","M","M","E","$","T","E"],"build_version":"2019-01-23","purchased_purges":0,"victory":false,"max_hp_per_floor":[72,72,72,72,72,72,72,72,72,72],"card_choices":[{"not_picked":["Headbutt","Clash"],"picked":"Twin Strike","floor":1},{"not_picked":["Twin Strike","Flex"],"picked":"Inflame","floor":3},{"not_picked":["Flex","Clash"],"picked":"Inflame","floor":5},{"not_picked":["Clash","Perfected Strike"],"picked":"Rage","floor":6},{"not_picked":["Headbutt","Flex"],"picked":"True Grit","floor":7}],"player_experience":41186,"relics_obtained":[{"floor":7,"key":"Girya"}],"event_choices":[{"damage_healed":0,"gold_gain":0,"player_choice":"Take Damage","damage_taken":18,"relics_obtained":["Golden Idol"],"max_hp_gain":0,"max_hp_loss":0,"event_name":"Golden Idol","floor":2,"gold_loss":0},{"damage_healed":0,"gold_gain":75,"player_choice":"Gather Gold","damage_taken":11,"max_hp_gain":0,"max_hp_loss":0,"event_name":"World of Goop","floor":4,"gold_loss":0}],"is_beta":false,"boss_relics":[],"items_purged_floors":[],"is_endless":false,"potions_floor_spawned":[],"killed_by":"Lagavulin","ascension_level":0}