{"gold_per_floor":[117,130,141,6,6,6,54,81,81,98,98,109,109,144,144,220,220,240,155,135,152,152,152,8,343,343,359,359,370,370,384,384,456,456,476,476,476,491,511,511,528,561,584,584,22,22,32,50,50,50,50],"floor_reached":51,"playtime":2497,"items_purged":["Strike_R","Strike_R"],"score":1364,"play_id":"e49262f9-bc14-46db-b2c5-fa59e8e95b8e","local_time":"20180903171631","is_ascension_mode":true,"campfire_choices":[{"data":"Bash","floor":6.0,"key":"SMITH"},{"data":"Disarm","floor":11.0,"key":"SMITH"},{"data":"True Grit","floor":13.0,"key":"SMITH"},{"data":"Armaments","floor":15,"key":"SMITH"},{"data":"Immolate","floor":23,"key":"SMITH"},{"floor":28,"key":"REST"},{"floor":30,"key":"REST"},{"floor":32,"key":"REST"},{"data":"Clothesline","floor":40,"key":"SMITH"},{"floor":44,"key":"REST"},{"data":"Discovery","floor":46,"key":"SMITH"},{"floor":49,"key":"REST"}],"neow_cost":"NONE","seed_source_timestamp":0,"circlet_count":0,"master_deck":["Bash+1","AscendersBane","True Grit+1","Disarm+1","Armaments+1","Iron Wave","Iron Wave","Feel No Pain+1","Juggernaut+1","Immolate+1","Heavy Blade","Impervious","Feel No Pain+1","Offering","Body Slam+1","Clothesline+1","Hemokinesis","Twin Strike","Havoc","Corruption+1","Havoc","Armaments","True Grit","Iron Wave","Violence","Discovery+1","Flash of Steel","Flame Barrier+1","Reaper","Discovery","Spot Weakness"],"special_seed":0,"relics":["Burning Blood","Vajra","Lantern","Red Skull","Frozen Egg 2","Bottled Flame","Runic Dome","Happy Flower","Old Coin","Ornamental Fan","Pandora\u0027s Box","Ginger","Ice Cream","Boot","Lee\u0027s Waffle"],"potions_floor_usage":[14,16,25,33,42,50,51],"damage_taken":[{"damage":2.0,"enemies":"2 Louse","floor":1.0,"turns":4.0},{"damage":6.0,"enemies":"Small Slimes","floor":2.0,"turns":5.0},{"damage":8.0,"enemies":"Jaw Worm","floor":3.0,"turns":6.0},{"damage":41.0,"enemies":"3 Sentries","floor":8.0,"turns":11.0},{"damage":5.0,"enemies":"Exordium Wildlife","floor":10.0,"turns":4.0},{"damage":5.0,"enemies":"Exordium Thugs","floor":12.0,"turns":5.0},{"damage":3,"enemies":"Gremlin Nob","floor":14,"turns":3},{"damage":29,"enemies":"Hexaghost","floor":16,"turns":8},{"damage":0,"enemies":"Chosen","floor":18,"turns":4},{"damage":18,"enemies":"Shell Parasite","floor":21,"turns":4},{"damage":35,"enemies":"Book of Stabbing","floor":25,"turns":6},{"damage":5,"enemies":"Snake Plant","floor":27,"turns":4},{"damage":16,"enemies":"Sentry and Sphere","floor":29,"turns":4},{"damage":14,"enemies":"Shelled Parasite and Fungi","floor":31,"turns":4},{"damage":57,"enemies":"Champ","floor":33,"turns":9},{"damage":16,"enemies":"3 Darklings","floor":35,"turns":4},{"damage":9,"enemies":"Mind Bloom Boss Battle","floor":36,"turns":4},{"damage":0,"enemies":"3 Shapes","floor":38,"turns":3},{"damage":10,"enemies":"Reptomancer","floor":39,"turns":4},{"damage":16,"enemies":"Sphere and 2 Shapes","floor":41,"turns":5},{"damage":41,"enemies":"Giant Head","floor":42,"turns":7},{"damage":64,"enemies":"Maw","floor":47,"turns":9},{"damage":24,"enemies":"3 Darklings","floor":48,"turns":4},{"damage":62,"enemies":"Time Eater","floor":50,"turns":10},{"damage":37,"enemies":"Awakened One","floor":51,"turns":3}],"seed_played":"5398356876260303605","potions_obtained":[{"floor":3.0,"key":"Weak Potion"},{"floor":8.0,"key":"FearPotion"},{"floor":10.0,"key":"LiquidBronze"},{"floor":12.0,"key":"Fire Potion"},{"floor":14,"key":"FearPotion"},{"floor":20,"key":"Block Potion"},{"floor":27,"key":"Weak Potion"},{"floor":29,"key":"EssenceOfSteel"},{"floor":33,"key":"AttackPotion"},{"floor":39,"key":"LiquidBronze"}],"is_trial":false,"path_per_floor":["M","M","M","$","?","R","T","E","T","M","R","M","R","E","R","B",null,"M","?","?","M","$","R","$","E","T","M","R","M","R","M","R","B",null,"M","?","?","M","M","R","M","E","T","R","$","R","M","M","R","B"],"character_chosen":"IRONCLAD","items_purchased":["PowerPotion","Feel No Pain+1","Lee\u0027s Waffle","Reaper","Discovery","Dexterity Potion"],"campfire_rested":5,"item_purchase_floors":[4,24,45,45,45,45],"current_hp_per_floor":[72,72,70,70,63,63,63,28,28,29,29,30,30,33,33,10,59,65,65,65,53,53,53,53,24,24,25,47,37,59,51,73,22,62,52,49,39,45,41,41,31,8,8,30,82,82,43,45,69,32,0],"gold":50,"neow_bonus":"RANDOM_COMMON_RELIC","is_prod":false,"is_daily":false,"chose_seed":false,"campfire_upgraded":7,"win_rate":0,"timestamp":1535991391,"path_taken":["M","M","M","$","?","R","?","E","T","M","R","?","R","E","R","BOSS","M","?","?","M","?","R","$","E","T","M","R","M","R","M","R","BOSS","M","?","?","M","M","R","M","E","T","R","$","R","M","M","R","BOSS","BOSS"],"build_version":"2018-08-30","purchased_purges":2,"victory":false,"max_hp_per_floor":[75,75,75,75,75,75,75,75,75,75,75,75,75,75,75,75,75,75,75,75,75,75,75,75,75,75,75,75,75,75,75,75,75,75,75,75,75,75,75,75,75,75,75,75,82,82,82,82,82,82,82],"card_choices":[{"not_picked":["Entrench","Combust"],"picked":"True Grit","floor":1.0},{"not_picked":["Iron Wave","Body Slam"],"picked":"Disarm","floor":2.0},{"not_picked":["Sword Boomerang","Fiend Fire"],"picked":"Armaments","floor":3.0},{"not_picked":["Seeing Red","Shrug It Off"],"picked":"Iron Wave","floor":8.0},{"not_picked":["Corruption+1","Body Slam"],"picked":"Iron Wave","floor":10.0},{"not_picked":["Warcry","Seeing Red"],"picked":"Feel No Pain+1","floor":12.0},{"not_picked":["Warcry","Thunderclap"],"picked":"Juggernaut+1","floor":14},{"not_picked":["Reaper","Barricade+1"],"picked":"Immolate","floor":16},{"not_picked":["Clash+1","Sentinel"],"picked":"Heavy Blade","floor":18},{"not_picked":["Ghostly Armor+1","Havoc"],"picked":"Impervious","floor":21},{"not_picked":["Rage","Shockwave"],"picked":"Offering","floor":25},{"not_picked":["Headbutt","Wild Strike"],"picked":"Body Slam+1","floor":27},{"not_picked":["Fire Breathing+1","Wild Strike","Heavy Blade"],"picked":"SKIP","floor":29},{"not_picked":["Shrug It Off","Wild Strike"],"picked":"Clothesline","floor":31},{"not_picked":["Headbutt+1","Metallicize+1"],"picked":"True Grit","floor":35},{"not_picked":["Sword Boomerang","Perfected Strike+1"],"picked":"Iron Wave","floor":36},{"not_picked":["Swift Strike","Forethought"],"picked":"Violence","floor":37},{"not_picked":["Madness","PanicButton"],"picked":"Discovery","floor":37},{"not_picked":["Metamorphosis","Mind Blast"],"picked":"Flash of Steel","floor":37},{"not_picked":["Clash","Seeing Red","True Grit"],"picked":"SKIP","floor":38},{"not_picked":["Infernal Blade","Cleave"],"picked":"Flame Barrier+1","floor":39},{"not_picked":["Armaments","Body Slam","Infernal Blade"],"picked":"SKIP","floor":41},{"not_picked":["Fire Breathing+1","Armaments","Rupture+1"],"picked":"SKIP","floor":42},{"not_picked":["Berserk+1","Evolve+1","Sword Boomerang"],"picked":"SKIP","floor":47},{"not_picked":["Shrug It Off","Pummel"],"picked":"Spot Weakness","floor":48}],"player_experience":1239391,"relics_obtained":[{"floor":7.0,"key":"Lantern"},{"floor":8.0,"key":"Red Skull"},{"floor":9.0,"key":"Frozen Egg 2"},{"floor":14,"key":"Bottled Flame"},{"floor":25,"key":"Old Coin"},{"floor":26,"key":"Ornamental Fan"},{"floor":36,"key":"Ginger"},{"floor":42,"key":"Ice Cream"},{"floor":43,"key":"Boot"}],"event_choices":[{"event_name":"Golden Wing","player_choice":"Card Removal","floor":5.0,"damage_taken":0.0},{"event_name":"Addict","player_choice":"Obtained Relic","floor":19,"damage_taken":0},{"event_name":"The Woman in Blue","player_choice":"Bought 1 Potion","floor":20,"damage_taken":0},{"event_name":"MindBloom","player_choice":"Fight","floor":36,"damage_taken":0},{"event_name":"SensoryStone","player_choice":"Memory 3","floor":37,"damage_taken":0}],"is_beta":true,"boss_relics":[{"not_picked":["Eternal Feather","Orrery"],"picked":"Runic Dome"},{"not_picked":["Coffee Dripper","Sozu"],"picked":"Pandora\u0027s Box"}],"items_purged_floors":[4,24],"is_endless":false,"potions_floor_spawned":[3,8,10,12,14,27,29,33,35,39,47],"killed_by":"Awakened One","ascension_level":20}