{"gold_per_floor":[210,227,239,251,269,269,297,297,320,320,320,334,334,377,377,476,476,495,511,529,224,255,255,296,315,339,339,394,413,456,481,481,574,574,587,920,937,937,837,837,872,264,291,291,34,47,47,47,47,47,47,47,47,3,34,34],"floor_reached":56,"playtime":2402,"items_purged":["Strike_B","Strike_B","Defend_B"],"score":1875,"play_id":"567f05c9-3aaf-4272-b5c5-898a477e5c7f","local_time":"20190311204038","is_ascension_mode":true,"campfire_choices":[{"data":"Zap","floor":6.0,"key":"SMITH"},{"data":"Static Discharge","floor":8.0,"key":"SMITH"},{"floor":11.0,"key":"REST"},{"data":"Coolheaded","floor":15.0,"key":"SMITH"},{"floor":23.0,"key":"REST"},{"floor":27.0,"key":"REST"},{"data":"Biased Cognition","floor":32.0,"key":"SMITH"},{"floor":40.0,"key":"REST"},{"floor":44.0,"key":"REST"},{"floor":47.0,"key":"RECALL"},{"data":"Recycle","floor":49.0,"key":"SMITH"},{"data":"Go for the Eyes","floor":53.0,"key":"SMITH"}],"neow_cost":"NONE","seed_source_timestamp":0,"circlet_count":0,"master_deck":["AscendersBane","Defend_B","Defend_B","Defend_B","Zap+1","Dualcast","Ball Lightning","Hello World","Glacier","Ball Lightning","Static Discharge+1","Coolheaded+1","Electrodynamics","Go for the Eyes+1","Biased Cognition+1","Conserve Battery","White Noise","Steam","Recycle+1","Storm","Storm+1","Double Energy+1","BootSequence+1","Coolheaded+1","Glacier+1","Hologram+1"],"special_seed":0,"relics":["Cracked Core","Vajra","DataDisk","Bag of Marbles","Runic Pyramid","OrangePellets","Red Mask","PreservedInsect","Lantern","Tiny Chest","Orichalcum","Empty Cage","Toxic Egg 2","Pantograph","Runic Capacitor","Blood Vial","Mercury Hourglass"],"potions_floor_usage":[56,56],"damage_taken":[{"damage":1.0,"enemies":"Cultist","floor":1.0,"turns":3.0},{"damage":0.0,"enemies":"Small Slimes","floor":2.0,"turns":2.0},{"damage":3.0,"enemies":"2 Louse","floor":3.0,"turns":3.0},{"damage":19.0,"enemies":"Gremlin Gang","floor":4.0,"turns":8.0},{"damage":3.0,"enemies":"Exordium Wildlife","floor":5.0,"turns":2.0},{"damage":14.0,"enemies":"3 Sentries","floor":7.0,"turns":7.0},{"damage":4.0,"enemies":"2 Fungi Beasts","floor":12.0,"turns":4.0},{"damage":11.0,"enemies":"Gremlin Nob","floor":14.0,"turns":3.0},{"damage":1.0,"enemies":"The Guardian","floor":16.0,"turns":11.0},{"damage":0.0,"enemies":"Chosen","floor":18.0,"turns":3.0},{"damage":22.0,"enemies":"Shell Parasite","floor":19.0,"turns":4.0},{"damage":0.0,"enemies":"Snecko","floor":20.0,"turns":5.0},{"damage":12.0,"enemies":"Masked Bandits","floor":22.0,"turns":2.0},{"damage":24.0,"enemies":"Slavers","floor":24.0,"turns":1.0},{"damage":8.0,"enemies":"Centurion and Healer","floor":25.0,"turns":4.0},{"damage":0.0,"enemies":"Snake Plant","floor":29.0,"turns":2.0},{"damage":0.0,"enemies":"Book of Stabbing","floor":30.0,"turns":3.0},{"damage":0.0,"enemies":"Chosen and Byrds","floor":31.0,"turns":6.0},{"damage":10.0,"enemies":"Collector","floor":33.0,"turns":8.0},{"damage":14.0,"enemies":"3 Darklings","floor":35.0,"turns":4.0},{"damage":0.0,"enemies":"3 Shapes","floor":37.0,"turns":3.0},{"damage":23.0,"enemies":"Reptomancer","floor":41.0,"turns":4.0},{"damage":3.0,"enemies":"Transient","floor":46.0,"turns":6.0},{"damage":45.0,"enemies":"Donu and Deca","floor":50.0,"turns":4.0},{"damage":38.0,"enemies":"Awakened One","floor":51.0,"turns":11.0},{"damage":40.0,"enemies":"Shield and Spear","floor":55.0,"turns":4.0},{"damage":50,"enemies":"The Heart","floor":56,"turns":5}],"seed_played":"-4565794455012400382","potions_obtained":[{"floor":3.0,"key":"SkillPotion"},{"floor":4.0,"key":"Poison Potion"},{"floor":12.0,"key":"SteroidPotion"},{"floor":14.0,"key":"Dexterity Potion"},{"floor":16.0,"key":"SpeedPotion"},{"floor":25.0,"key":"AttackPotion"},{"floor":37.0,"key":"FocusPotion"},{"floor":41.0,"key":"Explosive Potion"}],"is_trial":false,"path_per_floor":["M","M","M","M","M","R","E","R","T","?","R","M","?","E","R","B",null,"M","M","M","$","?","R","E","M","T","R","T","M","E","M","R","B",null,"M","?","M","?","$","R","E","$","T","R","$","M","R","?","R","B","B",null,"R","$","E","B"],"character_chosen":"DEFECT","items_purchased":["OrangePellets","Pantograph","Runic Capacitor","Blood Vial","BootSequence+1","Glacier+1"],"campfire_rested":5,"item_purchase_floors":[21,42,42,45,45,54],"current_hp_per_floor":[63,63,60,41,38,38,24,24,24,24,43,39,39,28,28,27,55,55,33,33,33,21,40,16,8,8,27,27,27,27,27,27,17,52,38,38,38,38,38,57,34,34,34,53,53,52,52,52,52,19,8,50,50,50,12,0],"gold":34,"neow_bonus":"HUNDRED_GOLD","is_prod":false,"is_daily":false,"chose_seed":false,"campfire_upgraded":6,"win_rate":0,"timestamp":1552336838,"path_taken":["M","?","?","M","?","R","E","R","T","?","R","M","?","E","R","BOSS","M","?","M","$","?","R","E","M","T","R","?","?","E","M","R","BOSS","M","?","M","?","?","R","E","$","T","R","$","M","R","?","R","BOSS","BOSS","R","$","E","BOSS"],"build_version":"2019-02-06","purchased_purges":3,"victory":false,"max_hp_per_floor":[71,71,71,71,71,71,71,71,71,64,64,64,64,64,64,64,64,64,64,64,64,64,64,64,64,64,64,64,64,64,64,64,64,64,64,64,64,64,64,64,64,64,64,64,64,64,64,64,64,64,64,64,64,64,64,64],"card_choices":[{"not_picked":["Self Repair","Storm"],"picked":"Ball Lightning","floor":1.0},{"not_picked":["Conserve Battery","Undo"],"picked":"Hello World","floor":2.0},{"not_picked":["Melter","Rebound"],"picked":"Glacier","floor":3.0},{"not_picked":["Auto Shields","Double Energy"],"picked":"Ball Lightning","floor":4.0},{"not_picked":["Turbo","Aggregate","Steam"],"picked":"SKIP","floor":5.0},{"not_picked":["Consume","Ball Lightning"],"picked":"Static Discharge","floor":7.0},{"not_picked":["Barrage","Streamline"],"picked":"Doom and Gloom","floor":12.0},{"not_picked":["Rebound","Streamline"],"picked":"Coolheaded","floor":14.0},{"not_picked":["Meteor Strike","Hyperbeam"],"picked":"Electrodynamics","floor":16.0},{"not_picked":["Cold Snap","Sweeping Beam","Stack"],"picked":"SKIP","floor":18.0},{"not_picked":["Streamline","Rebound"],"picked":"Go for the Eyes","floor":19.0},{"not_picked":["Scrape","Turbo"],"picked":"Biased Cognition","floor":20.0},{"not_picked":["Melter","Hello World+1"],"picked":"Conserve Battery","floor":22.0},{"not_picked":["Blizzard","Conserve Battery","Streamline"],"picked":"SKIP","floor":24.0},{"not_picked":["Double Energy","Barrage"],"picked":"White Noise","floor":25.0},{"not_picked":["Conserve Battery","Cold Snap+1"],"picked":"Steam","floor":29.0},{"not_picked":["Hyperbeam","Chill"],"picked":"Recycle","floor":30.0},{"not_picked":["Darkness+1","Melter","Reprogram"],"picked":"SKIP","floor":31.0},{"not_picked":["Sweeping Beam","Steam"],"picked":"Storm","floor":35.0},{"not_picked":["Conserve Battery","Cold Snap"],"picked":"Storm+1","floor":37.0},{"not_picked":["Reinforced Body","FTL"],"picked":"Double Energy","floor":41.0},{"not_picked":["Undo+1","Capacitor+1"],"picked":"Coolheaded+1","floor":46.0},{"not_picked":["Steam+1","Multi-Cast+1"],"picked":"Hologram+1","floor":55.0}],"player_experience":1917748,"relics_obtained":[{"floor":7.0,"key":"Vajra"},{"floor":9.0,"key":"DataDisk"},{"floor":14.0,"key":"Bag of Marbles"},{"floor":22.0,"key":"Red Mask"},{"floor":24.0,"key":"PreservedInsect"},{"floor":26.0,"key":"Lantern"},{"floor":28.0,"key":"Tiny Chest"},{"floor":30.0,"key":"Orichalcum"},{"floor":41.0,"key":"Toxic Egg 2"},{"floor":55.0,"key":"Mercury Hourglass"}],"event_choices":[{"damage_healed":0.0,"max_hp_gain":0.0,"max_hp_loss":7.0,"gold_gain":0.0,"event_name":"Golden Idol","player_choice":"Lose Max HP","floor":10.0,"gold_loss":0.0,"damage_taken":0.0,"relics_obtained":["Golden Idol"]},{"damage_healed":0.0,"max_hp_gain":0.0,"max_hp_loss":0.0,"gold_gain":0.0,"event_name":"Upgrade Shrine","player_choice":"Upgraded","floor":13.0,"gold_loss":0.0,"damage_taken":0.0,"cards_upgraded":["Doom and Gloom"]},{"damage_healed":0.0,"max_hp_gain":0.0,"max_hp_loss":0.0,"gold_gain":0.0,"event_name":"Masked Bandits","player_choice":"Fought Bandits","floor":22.0,"gold_loss":0.0,"damage_taken":0.0},{"damage_healed":0.0,"max_hp_gain":0.0,"max_hp_loss":0.0,"gold_gain":333.0,"event_name":"The Moai Head","player_choice":"Gave Idol","floor":36.0,"relics_lost":["Golden Idol"],"gold_loss":0.0,"damage_taken":0.0},{"damage_healed":0.0,"max_hp_gain":0.0,"max_hp_loss":0.0,"gold_gain":0.0,"event_name":"SensoryStone","player_choice":"Memory 1","floor":38.0,"gold_loss":0.0,"damage_taken":0.0},{"cards_removed":["Doom and Gloom"],"damage_healed":0.0,"max_hp_gain":0.0,"max_hp_loss":0.0,"gold_gain":0.0,"event_name":"Falling","player_choice":"Removed Attack","floor":48.0,"gold_loss":0.0,"damage_taken":0.0}],"is_beta":true,"boss_relics":[{"not_picked":["Coffee Dripper","Nuclear Battery"],"picked":"Runic Pyramid"},{"not_picked":["Eternal Feather","Tiny House"],"picked":"Empty Cage"}],"items_purged_floors":[21,39,42],"is_endless":false,"potions_floor_spawned":[3,4,12,14,16,18,25,29,31,37,41],"killed_by":"The Heart","ascension_level":20}