{"gold_per_floor":[216,216,230,240,8,43,43,75,75,94,105,120,120,34,34,110,110,126,96,96,107,127,153,169,169,221,250,268,281,300,334,334,412,412,428,528,528,57,70,134,134,150,177,177,202,202,219,252,252,252,252,252,252,91,91],"floor_reached":55,"playtime":3142,"items_purged":["Pain"],"score":1987,"play_id":"dda88ac6-ed0a-4d8c-8f13-50d45e4a7650","local_time":"20190617000436","is_ascension_mode":true,"campfire_choices":[{"data":"Disarm","floor":13,"key":"SMITH"},{"floor":15,"key":"REST"},{"data":"Feel No Pain","floor":25,"key":"SMITH"},{"data":"Strike_R","floor":32,"key":"PURGE"},{"floor":41,"key":"RECALL"},{"data":"Strike_R","floor":44,"key":"PURGE"},{"data":"Strike_R","floor":49,"key":"PURGE"},{"data":"Strike_R","floor":53,"key":"PURGE"}],"neow_cost":"NONE","seed_source_timestamp":96655564303064,"circlet_count":0,"master_deck":["AscendersBane","Defend_R","Defend_R","Defend_R","Defend_R","Bash","Sword Boomerang","Disarm+1","Feel No Pain+1","Carnage","True Grit","Spot Weakness","Cleave+1","Feel No Pain","Reaper","Shockwave","Corruption","Inflame","Reaper+1","Ghostly Armor","Shrug It Off","Shrug It Off","Offering","Battle Trance+1","Flame Barrier","Pummel"],"relics":["Burning Blood","WarpedTongs","Vajra","Regal Pillow","Unceasing Top","Bottled Tornado","Runic Pyramid","Gremlin Horn","Dream Catcher","Peace Pipe","Black Star","StoneCalendar","OrangePellets","Bag of Preparation","Tiny Chest","Whetstone","Orichalcum","Turnip","Blood Vial","Singing Bowl","Calipers","Pen Nib"],"potions_floor_usage":[8,11,23,31],"damage_taken":[{"damage":1,"enemies":"2 Louse","floor":1,"turns":4},{"damage":3,"enemies":"Cultist","floor":3,"turns":4},{"damage":7,"enemies":"Small Slimes","floor":4,"turns":4},{"damage":39,"enemies":"3 Sentries","floor":6,"turns":11},{"damage":26,"enemies":"Lagavulin","floor":8,"turns":6},{"damage":9,"enemies":"3 Louse","floor":10,"turns":3},{"damage":8,"enemies":"Exordium Thugs","floor":11,"turns":4},{"damage":0,"enemies":"2 Fungi Beasts","floor":12,"turns":4},{"damage":38,"enemies":"Slime Boss","floor":16,"turns":8},{"damage":4,"enemies":"Chosen","floor":18,"turns":6},{"damage":27,"enemies":"2 Thieves","floor":19,"turns":4},{"damage":0,"enemies":"3 Cultists","floor":21,"turns":5},{"damage":25,"enemies":"Centurion and Healer","floor":22,"turns":9},{"damage":31,"enemies":"Slavers","floor":23,"turns":5},{"damage":0,"enemies":"Snake Plant","floor":24,"turns":4},{"damage":41,"enemies":"Gremlin Leader","floor":27,"turns":6},{"damage":30,"enemies":"Shelled Parasite and Fungi","floor":28,"turns":4},{"damage":62,"enemies":"3 Cultists","floor":29,"turns":7},{"damage":0,"enemies":"Snake Plant","floor":30,"turns":6},{"damage":27,"enemies":"Slavers","floor":31,"turns":4},{"damage":5,"enemies":"Collector","floor":33,"turns":8},{"damage":21,"enemies":"3 Darklings","floor":35,"turns":5},{"damage":6,"enemies":"Mind Bloom Boss Battle","floor":36,"turns":8},{"damage":1,"enemies":"Orb Walker","floor":39,"turns":4},{"damage":41,"enemies":"Giant Head","floor":40,"turns":9},{"damage":11,"enemies":"Writhing Mass","floor":42,"turns":8},{"damage":12,"enemies":"Reptomancer","floor":45,"turns":6},{"damage":30,"enemies":"Jaw Worm Horde","floor":47,"turns":6},{"damage":26,"enemies":"Giant Head","floor":48,"turns":8},{"damage":76,"enemies":"Awakened One","floor":50,"turns":13},{"damage":51,"enemies":"Donu and Deca","floor":51,"turns":11},{"damage":100,"enemies":"Shield and Spear","floor":55,"turns":7}],"seed_played":"-3957097690058680317","potions_obtained":[{"floor":3,"key":"Strength Potion"},{"floor":4,"key":"FairyPotion"},{"floor":6,"key":"LiquidBronze"},{"floor":8,"key":"Fire Potion"},{"floor":19,"key":"GamblersBrew"},{"floor":20,"key":"AttackPotion"},{"floor":27,"key":"AttackPotion"},{"floor":36,"key":"Swift Potion"},{"floor":39,"key":"Dexterity Potion"}],"is_trial":false,"path_per_floor":["M","?","M","M","$","E","?","E","T","M","M","M","R","$","R","B",null,"M","M","?","M","M","E","M","R","T","E","M","M","M","E","R","B",null,"M","?","?","$","M","E","R","M","T","R","E","?","M","E","R","B","B",null,"R","$","E"],"character_chosen":"IRONCLAD","items_purchased":["Vajra","Feel No Pain","OrangePellets","Bag of Preparation","Flame Barrier","Pen Nib"],"campfire_rested":1,"item_purchase_floors":[5,14,38,38,38,54],"current_hp_per_floor":[73,73,75,74,74,41,41,21,21,18,16,22,22,22,59,27,63,74,69,69,75,75,74,75,75,75,57,59,58,75,60,60,75,75,75,75,75,75,75,63,63,71,71,71,75,75,75,77,77,73,69,75,75,75,0],"gold":91,"neow_bonus":"HUNDRED_GOLD","is_prod":false,"is_daily":false,"chose_seed":false,"campfire_upgraded":2,"win_rate":0,"timestamp":1560726276,"path_taken":["M","?","?","M","$","E","?","E","T","M","M","M","R","$","R","BOSS","M","M","?","M","M","E","M","R","T","E","M","M","?","E","R","BOSS","M","?","?","$","M","E","R","M","T","R","E","?","M","E","R","BOSS","BOSS","R","$","E"],"build_version":"2019-06-13","purchased_purges":1,"victory":false,"max_hp_per_floor":[75,75,75,75,75,75,75,75,75,75,75,75,75,75,75,75,75,75,75,75,75,75,75,75,75,75,75,75,75,75,75,75,75,75,75,75,75,75,75,75,75,75,75,75,75,75,75,77,77,77,77,77,77,77,77],"card_choices":[{"not_picked":["Iron Wave","Pummel"],"picked":"Sword Boomerang","floor":1},{"not_picked":["Flex","Blood for Blood"],"picked":"Disarm","floor":3},{"not_picked":["Clash","Corruption","Second Wind"],"picked":"SKIP","floor":4},{"not_picked":["Uppercut","Headbutt"],"picked":"Feel No Pain","floor":6},{"not_picked":["Body Slam","Perfected Strike"],"picked":"Carnage","floor":8},{"not_picked":["Havoc","Flex"],"picked":"True Grit","floor":10},{"not_picked":["Thunderclap","True Grit"],"picked":"Spot Weakness","floor":11},{"not_picked":["Infernal Blade","Flex"],"picked":"Cleave","floor":12},{"not_picked":["Bludgeon","Demon Form"],"picked":"Reaper","floor":16},{"not_picked":["Warcry","Havoc"],"picked":"Shockwave","floor":18},{"not_picked":["Flame Barrier","Hemokinesis"],"picked":"Corruption","floor":19},{"not_picked":["Power Through","Warcry","Reckless Charge"],"picked":"SKIP","floor":21},{"not_picked":["Heavy Blade","Bloodletting"],"picked":"Inflame","floor":22},{"not_picked":["Wild Strike","Thunderclap"],"picked":"Reaper","floor":23},{"not_picked":["Havoc","Pommel Strike"],"picked":"Shrug It Off","floor":24},{"not_picked":["Cleave","Flex","Intimidate"],"picked":"SKIP","floor":27},{"not_picked":["Corruption","Pommel Strike"],"picked":"Ghostly Armor","floor":28},{"not_picked":["True Grit","Carnage"],"picked":"Shrug It Off","floor":29},{"not_picked":["Clothesline","Twin Strike","Armaments"],"picked":"SKIP","floor":30},{"not_picked":["Metallicize+1","Spot Weakness"],"picked":"Shrug It Off","floor":31},{"not_picked":["Feed","Brutality"],"picked":"Offering","floor":33},{"not_picked":["Headbutt+1","Rupture+1","Metallicize"],"picked":"SKIP","floor":35},{"not_picked":["Rage","Pommel Strike"],"picked":"Battle Trance+1","floor":36},{"not_picked":["Carnage","Cleave","Body Slam"],"picked":"SKIP","floor":39},{"not_picked":["Clash","Cleave","Berserk"],"picked":"SKIP","floor":40},{"not_picked":["Twin Strike","Rupture"],"picked":"Pummel","floor":42},{"not_picked":["Carnage","Seeing Red","Anger+1"],"picked":"SKIP","floor":45},{"not_picked":["Searing Blow+1","Havoc+1","Combust"],"picked":"SKIP","floor":47},{"not_picked":["Whirlwind+1","Heavy Blade","Thunderclap+1"],"picked":"Singing Bowl","floor":48}],"player_experience":2117103,"relics_obtained":[{"floor":6,"key":"Regal Pillow"},{"floor":8,"key":"Unceasing Top"},{"floor":9,"key":"Bottled Tornado"},{"floor":23,"key":"Gremlin Horn"},{"floor":27,"key":"Dream Catcher"},{"floor":31,"key":"Peace Pipe"},{"floor":36,"key":"StoneCalendar"},{"floor":40,"key":"Tiny Chest"},{"floor":40,"key":"Whetstone"},{"floor":43,"key":"Orichalcum"},{"floor":45,"key":"Turnip"},{"floor":45,"key":"Blood Vial"},{"floor":48,"key":"Singing Bowl"},{"floor":48,"key":"Calipers"}],"event_choices":[{"damage_healed":0,"gold_gain":0,"player_choice":"Rummage","damage_taken":0,"relics_obtained":["WarpedTongs"],"max_hp_gain":0,"max_hp_loss":0,"event_name":"Accursed Blacksmith","floor":2,"gold_loss":0,"cards_obtained":["Pain"]},{"cards_removed":["Strike_R"],"damage_healed":0,"gold_gain":0,"player_choice":"Forget","damage_taken":0,"max_hp_gain":0,"max_hp_loss":0,"event_name":"Living Wall","floor":7,"gold_loss":0},{"damage_healed":0,"gold_gain":0,"player_choice":"Got Potions","damage_taken":0,"max_hp_gain":0,"max_hp_loss":0,"event_name":"Lab","floor":20,"gold_loss":0},{"damage_healed":0,"gold_gain":0,"player_choice":"Fight","damage_taken":0,"max_hp_gain":0,"max_hp_loss":0,"event_name":"MindBloom","floor":36,"gold_loss":0},{"cards_removed":["Shrug It Off"],"damage_healed":0,"gold_gain":0,"player_choice":"Removed Skill","damage_taken":0,"max_hp_gain":0,"max_hp_loss":0,"event_name":"Falling","floor":37,"gold_loss":0},{"damage_healed":0,"gold_gain":0,"player_choice":"Ignored","damage_taken":0,"max_hp_gain":0,"max_hp_loss":0,"event_name":"Tomb of Lord Red Mask","floor":46,"gold_loss":0}],"is_beta":true,"boss_relics":[{"not_picked":["Mark of Pain","Runic Dome"],"picked":"Runic Pyramid"},{"not_picked":["Black Blood","Velvet Choker"],"picked":"Black Star"}],"items_purged_floors":[5],"is_endless":false,"potions_floor_spawned":[3,4,6,8,19,22,27,28,36,39,42,48],"killed_by":"Shield and Spear","ascension_level":20}