{"gold_per_floor":[111,131,150,101,101,101,129,129,156,167,167,177,205,225,225,299,299,255,273,273],"floor_reached":20,"playtime":1118,"items_purged":[],"score":376,"play_id":"a4ef6f0d-bef6-44b9-bed9-9c4d2a355275","local_time":"20190315002426","is_ascension_mode":true,"campfire_choices":[{"data":"Noxious Fumes","floor":6.0,"key":"SMITH"},{"data":"Poisoned Stab","floor":8.0,"key":"SMITH"},{"data":"Well Laid Plans","floor":11.0,"key":"SMITH"},{"floor":15.0,"key":"REST"}],"neow_cost":"NONE","seed_source_timestamp":0,"circlet_count":0,"master_deck":["AscendersBane","Defend_G","Defend_G","Defend_G","Defend_G","Defend_G","Strike_G","Strike_G","Strike_G","Strike_G","Strike_G","Survivor","Neutralize+1","Backstab","Noxious Fumes+1","Well Laid Plans+1","Poisoned Stab+1","Bouncing Flask","Glass Knife","PiercingWail"],"special_seed":0,"relics":["Ring of the Snake","Omamori","Snake Skull","Bronze Scales","Orrery"],"potions_floor_usage":[],"damage_taken":[{"damage":0.0,"enemies":"Cultist","floor":1.0,"turns":4.0},{"damage":0.0,"enemies":"2 Louse","floor":2.0,"turns":3.0},{"damage":3.0,"enemies":"Small Slimes","floor":3.0,"turns":4.0},{"damage":10.0,"enemies":"Exordium Thugs","floor":4.0,"turns":5.0},{"damage":17.0,"enemies":"Lagavulin","floor":7.0,"turns":8.0},{"damage":0.0,"enemies":"Exordium Wildlife","floor":10.0,"turns":3.0},{"damage":5.0,"enemies":"Gremlin Gang","floor":12.0,"turns":5.0},{"damage":17.0,"enemies":"3 Sentries","floor":13.0,"turns":8.0},{"damage":0.0,"enemies":"Looter","floor":14.0,"turns":3.0},{"damage":22.0,"enemies":"Slime Boss","floor":16.0,"turns":7.0},{"damage":18,"enemies":"2 Thieves","floor":18,"turns":5},{"damage":11,"enemies":"Spheric Guardian","floor":19,"turns":3},{"damage":46,"enemies":"Shelled Parasite and Fungi","floor":20,"turns":3}],"seed_played":"5591081014853240795","potions_obtained":[{"floor":2.0,"key":"PowerPotion"},{"floor":3.0,"key":"Ancient Potion"},{"floor":7.0,"key":"Fruit Juice"},{"floor":10.0,"key":"Swift Potion"},{"floor":14.0,"key":"LiquidBronze"},{"floor":18,"key":"Explosive Potion"}],"is_trial":false,"path_per_floor":["M","M","M","M","?","R","E","R","T","M","R","M","E","M","R","B",null,"M","M","M"],"character_chosen":"THE_SILENT","items_purchased":[],"campfire_rested":1,"item_purchase_floors":[],"current_hp_per_floor":[59,59,56,46,46,46,29,29,29,34,34,29,12,12,33,11,56,38,27,0],"gold":273,"neow_bonus":"UPGRADE_CARD","is_prod":false,"is_daily":false,"chose_seed":false,"campfire_upgraded":3,"win_rate":0,"timestamp":1552609466,"path_taken":["M","M","?","M","?","R","E","R","T","M","R","M","E","M","R","BOSS","M","M","M"],"build_version":"2019-02-06","purchased_purges":0,"victory":false,"max_hp_per_floor":[66,66,66,66,66,66,66,66,66,71,71,71,71,71,71,71,71,71,71,71],"card_choices":[{"not_picked":["Deadly Poison","Underhanded Strike"],"picked":"Backstab","floor":1.0},{"not_picked":["Prepared","Blade Dance","Bane"],"picked":"SKIP","floor":2.0},{"not_picked":["Blade Dance","Catalyst"],"picked":"Noxious Fumes","floor":3.0},{"not_picked":["Outmaneuver","Flying Knee"],"picked":"Well Laid Plans","floor":4.0},{"not_picked":["Bullet Time","Dagger Throw"],"picked":"Poisoned Stab","floor":7.0},{"not_picked":["Backflip","Blade Dance","Quick Slash"],"picked":"SKIP","floor":10.0},{"not_picked":["Prepared","Outmaneuver","Concentrate"],"picked":"SKIP","floor":12.0},{"not_picked":["Escape Plan","Flying Knee"],"picked":"Bouncing Flask","floor":13.0},{"not_picked":["Finisher","Prepared","Concentrate"],"picked":"SKIP","floor":14.0},{"not_picked":["Burst","Night Terror"],"picked":"Glass Knife","floor":16.0},{"not_picked":["Poisoned Stab","Cloak And Dagger"],"picked":"PiercingWail","floor":17.0},{"not_picked":["Heel Hook","Unload","Backflip"],"picked":"SKIP","floor":18},{"not_picked":["Terror","Bane","Sucker Punch"],"picked":"SKIP","floor":19}],"player_experience":1935308,"relics_obtained":[{"floor":7.0,"key":"Omamori"},{"floor":9.0,"key":"Snake Skull"},{"floor":13.0,"key":"Bronze Scales"}],"event_choices":[{"damage_healed":0.0,"max_hp_gain":0.0,"max_hp_loss":0.0,"gold_gain":0.0,"event_name":"Liars Game","player_choice":"Ignored","floor":5.0,"gold_loss":0.0,"damage_taken":0.0}],"is_beta":true,"boss_relics":[{"not_picked":["Coffee Dripper","HoveringKite"],"picked":"Orrery"}],"items_purged_floors":[],"is_endless":false,"potions_floor_spawned":[2,3,7,10,13,14,18,19],"killed_by":"Shelled Parasite and Fungi","ascension_level":20}