{"gold_per_floor":[359,376,52,52,65,65,97,97,97,110,35,102,126,152,152,224,224,239,253,253,253,32,32,60,60,133,133,152,152,152,181,181,255,255,273,273,293,1292,942,973,984,1018,1067,1077,1095,1115,1115,1148,1148,1148,1148,1148,1148,256,287,287],"floor_reached":57,"playtime":3406,"items_purged":["Strike_G","Normality","Strike_G+1"],"score":2947,"play_id":"ce5f098c-e196-4b70-b86a-858cc15919af","local_time":"20190717212957","is_ascension_mode":true,"campfire_choices":[{"data":"Flechettes","floor":6.0,"key":"SMITH"},{"data":"Noxious Fumes","floor":8.0,"key":"SMITH"},{"floor":15.0,"key":"REST"},{"data":"Malaise","floor":23.0,"key":"SMITH"},{"data":"Noxious Fumes","floor":29.0,"key":"SMITH"},{"data":"Ghostly","floor":32.0,"key":"SMITH"},{"floor":49,"key":"RECALL"},{"data":"Noxious Fumes","floor":53,"key":"SMITH"}],"neow_cost":"TEN_PERCENT_HP_LOSS","seed_source_timestamp":0,"circlet_count":0,"master_deck":["AscendersBane","Strike_G+1","Defend_G+1","Defend_G+1","Defend_G+1","Defend_G+1","Defend_G+1","Survivor","Neutralize","Flechettes+1","Well Laid Plans","Noxious Fumes+1","Neutralize","Backstab","Malaise+1","Noxious Fumes","Die Die Die","Tools of the Trade","Tactician","Ghostly+1","Ghostly","Ghostly+1","Noxious Fumes+1","Noxious Fumes","After Image","Noxious Fumes+1","Crippling Poison+1","Backflip+1","PiercingWail+1","Bullet Time","Ghostly+1","Footwork","Noxious Fumes"],"special_seed":0,"relics":["Ring of the Snake","Omamori","Pear","Odd Mushroom","Oddly Smooth Stone","Runic Pyramid","Sling","Lantern","Bronze Scales","Ornamental Fan","Potion Belt","Coffee Dripper","Pocketwatch","Centennial Puzzle","Nunchaku","War Paint","Art of War","Bag of Preparation","DollysMirror","Blood Vial","Bag of Marbles","Orichalcum"],"potions_floor_usage":[45,51,56,56,56,56],"damage_taken":[{"damage":4.0,"enemies":"Cultist","floor":1.0,"turns":5.0},{"damage":0.0,"enemies":"2 Louse","floor":2.0,"turns":2.0},{"damage":1.0,"enemies":"Small Slimes","floor":5.0,"turns":3.0},{"damage":24.0,"enemies":"Gremlin Nob","floor":7.0,"turns":4.0},{"damage":0.0,"enemies":"Blue Slaver","floor":10.0,"turns":3.0},{"damage":12.0,"enemies":"The Mushroom Lair","floor":13.0,"turns":5.0},{"damage":9.0,"enemies":"Lagavulin","floor":14.0,"turns":6.0},{"damage":20.0,"enemies":"Slime Boss","floor":16.0,"turns":9.0},{"damage":12.0,"enemies":"3 Byrds","floor":18.0,"turns":4.0},{"damage":10.0,"enemies":"Spheric Guardian","floor":19.0,"turns":6.0},{"damage":9.0,"enemies":"Book of Stabbing","floor":24.0,"turns":6.0},{"damage":6.0,"enemies":"Snake Plant","floor":28.0,"turns":4.0},{"damage":0.0,"enemies":"Gremlin Leader","floor":31.0,"turns":6.0},{"damage":5.0,"enemies":"Champ","floor":33.0,"turns":14.0},{"damage":0.0,"enemies":"3 Shapes","floor":35.0,"turns":6.0},{"damage":6.0,"enemies":"3 Darklings","floor":37.0,"turns":4.0},{"damage":0.0,"enemies":"Nemesis","floor":40.0,"turns":9.0},{"damage":0.0,"enemies":"Maw","floor":41.0,"turns":8.0},{"damage":14.0,"enemies":"Giant Head","floor":42.0,"turns":10.0},{"damage":2.0,"enemies":"Spire Growth","floor":44.0,"turns":6.0},{"damage":5,"enemies":"Transient","floor":45,"turns":6},{"damage":4,"enemies":"3 Darklings","floor":46,"turns":5},{"damage":2,"enemies":"Reptomancer","floor":48,"turns":7},{"damage":2,"enemies":"Donu and Deca","floor":50,"turns":9},{"damage":22,"enemies":"Awakened One","floor":51,"turns":15},{"damage":0,"enemies":"Shield and Spear","floor":55,"turns":7},{"damage":3,"enemies":"The Heart","floor":56,"turns":11}],"seed_played":"-1026456219361516864","potions_obtained":[{"floor":1.0,"key":"Strength Potion"},{"floor":10.0,"key":"GamblersBrew"},{"floor":14.0,"key":"Swift Potion"},{"floor":16.0,"key":"EssenceOfSteel"},{"floor":18.0,"key":"Regen Potion"},{"floor":28.0,"key":"Dexterity Potion"},{"floor":31.0,"key":"Energy Potion"},{"floor":33.0,"key":"Explosive Potion"},{"floor":37.0,"key":"Strength Potion"},{"floor":40.0,"key":"LiquidBronze"},{"floor":46,"key":"PowerPotion"}],"is_trial":false,"path_per_floor":["M","M","$","?","M","R","E","R","T","M","$","?","?","E","R","B",null,"M","M","?","?","$","R","E","?","T","?","M","R","?","E","R","B",null,"M","?","M","?","$","E","M","E","T","M","M","M","?","E","R","B","B",null,"R","$","E","B",null],"character_chosen":"THE_SILENT","items_purchased":["Noxious Fumes","Omamori","Noxious Fumes","Sling","Centennial Puzzle","Noxious Fumes","DollysMirror","GhostInAJar","Footwork","Blood Vial","Bag of Marbles","Dexterity Potion"],"campfire_rested":1,"item_purchase_floors":[3,3,11,22,39,39,54,54,54,54,54,54],"current_hp_per_floor":[55,55,55,55,54,54,40,40,40,40,40,40,28,19,40,20,58,46,36,36,36,36,36,42,42,42,35,29,29,29,29,29,24,32,32,32,26,26,26,26,26,12,12,10,5,1,29,27,27,25,3,23,23,23,25,24],"gold":287,"neow_bonus":"TWO_FIFTY_GOLD","is_prod":false,"is_daily":false,"chose_seed":false,"campfire_upgraded":6,"win_rate":0,"timestamp":1563395397,"path_taken":["M","M","$","?","?","R","E","R","T","M","$","?","?","E","R","BOSS","M","M","?","?","$","R","E","?","T","?","M","R","?","E","R","BOSS","M","?","?","?","$","E","M","E","T","M","M","M","?","E","R","BOSS","BOSS","R","$","E","BOSS"],"build_version":"2019-07-10","purchased_purges":3,"victory":true,"max_hp_per_floor":[60,60,60,60,60,60,70,70,70,70,70,70,70,70,70,70,70,70,70,70,70,70,70,70,70,70,35,35,35,35,35,35,35,35,35,35,35,35,35,35,35,35,35,35,35,35,29,29,29,29,29,29,29,29,29,29],"card_choices":[{"not_picked":["Blur","Cloak And Dagger"],"picked":"Flechettes","floor":1.0},{"not_picked":["Deflect","Cloak And Dagger"],"picked":"Well Laid Plans","floor":2.0},{"not_picked":["Acrobatics","PiercingWail"],"picked":"Backstab","floor":5.0},{"not_picked":["Prepared","Die Die Die"],"picked":"Malaise","floor":7.0},{"not_picked":["Concentrate","Sucker Punch","Quick Slash"],"picked":"SKIP","floor":10.0},{"not_picked":["Setup","Dagger Throw"],"picked":"Die Die Die","floor":14.0},{"not_picked":["Slice","Flying Knee","Deadly Poison"],"picked":"SKIP","floor":18.0},{"not_picked":["Sucker Punch","Blade Dance","Prepared"],"picked":"SKIP","floor":19.0},{"not_picked":["Bane+1","Choke","Terror"],"picked":"SKIP","floor":24.0},{"not_picked":["Accuracy","Predator"],"picked":"Noxious Fumes","floor":28.0},{"not_picked":["Underhanded Strike","Flechettes","Poisoned Stab"],"picked":"SKIP","floor":31.0},{"not_picked":["Finisher","Cloak And Dagger","Underhanded Strike"],"picked":"SKIP","floor":35.0},{"not_picked":["Slice","Cloak And Dagger+1","Eviscerate"],"picked":"SKIP","floor":37.0},{"not_picked":["Bane+1","Sucker Punch+1"],"picked":"After Image","floor":40.0},{"not_picked":["Blade Dance","Cloak And Dagger+1"],"picked":"Noxious Fumes","floor":41.0},{"not_picked":["Dodge and Roll","Backflip+1"],"picked":"Crippling Poison","floor":42.0},{"not_picked":["Reflex","Acrobatics+1"],"picked":"Backflip+1","floor":44.0},{"not_picked":["Cloak And Dagger+1","Reflex","Slice"],"picked":"SKIP","floor":45},{"not_picked":["Leg Sweep","Outmaneuver+1"],"picked":"PiercingWail+1","floor":46},{"not_picked":["A Thousand Cuts","Slice"],"picked":"Bullet Time","floor":48},{"not_picked":["Prepared","Bane"],"picked":"Noxious Fumes","floor":55}],"player_experience":2210685,"relics_obtained":[{"floor":7.0,"key":"Pear"},{"floor":13.0,"key":"Odd Mushroom"},{"floor":14.0,"key":"Oddly Smooth Stone"},{"floor":24.0,"key":"Lantern"},{"floor":26.0,"key":"Ornamental Fan"},{"floor":31.0,"key":"Potion Belt"},{"floor":40.0,"key":"Nunchaku"},{"floor":42.0,"key":"War Paint"},{"floor":43.0,"key":"Art of War"},{"floor":48,"key":"Bag of Preparation"},{"floor":55,"key":"Orichalcum"}],"event_choices":[{"damage_healed":0.0,"max_hp_gain":0.0,"max_hp_loss":0.0,"gold_gain":0.0,"event_name":"Match and Keep!","player_choice":"1 cards matched","floor":4.0,"gold_loss":0.0,"damage_taken":0.0,"cards_obtained":["Neutralize"]},{"damage_healed":0.0,"max_hp_gain":0.0,"max_hp_loss":0.0,"gold_gain":67.0,"event_name":"Golden Wing","player_choice":"Gained Gold","floor":12.0,"gold_loss":0.0,"damage_taken":0.0},{"damage_healed":0.0,"max_hp_gain":0.0,"max_hp_loss":0.0,"gold_gain":0.0,"event_name":"Mushrooms","player_choice":"Fought Mushrooms","floor":13.0,"gold_loss":0.0,"damage_taken":0.0},{"damage_healed":0.0,"max_hp_gain":0.0,"max_hp_loss":0.0,"gold_gain":0.0,"cards_transformed":["Strike_G","Strike_G"],"event_name":"Drug Dealer","player_choice":"Became Test Subject","floor":20.0,"gold_loss":0.0,"damage_taken":0.0,"cards_obtained":["Tools of the Trade","Tactician"]},{"damage_healed":0.0,"max_hp_gain":0.0,"max_hp_loss":0.0,"gold_gain":0.0,"event_name":"Back to Basics","player_choice":"Simplicity","floor":21.0,"gold_loss":0.0,"damage_taken":0.0,"cards_upgraded":["Strike_G","Strike_G","Defend_G","Defend_G","Defend_G","Defend_G","Defend_G"]},{"damage_healed":0.0,"max_hp_gain":0.0,"max_hp_loss":0.0,"gold_gain":0.0,"event_name":"The Mausoleum","player_choice":"Opened","floor":25.0,"gold_loss":0.0,"damage_taken":0.0,"relics_obtained":["Bronze Scales"],"cards_obtained":["Writhe"]},{"damage_healed":0.0,"max_hp_gain":0.0,"max_hp_loss":35.0,"gold_gain":0.0,"event_name":"Ghosts","player_choice":"Became a Ghost","floor":27.0,"gold_loss":0.0,"damage_taken":0.0,"cards_obtained":["Ghostly","Ghostly","Ghostly"]},{"damage_healed":0.0,"max_hp_gain":0.0,"max_hp_loss":0.0,"gold_gain":0.0,"event_name":"Cursed Tome","player_choice":"Ignored","floor":30.0,"gold_loss":0.0,"damage_taken":0.0},{"damage_healed":0.0,"max_hp_gain":0.0,"max_hp_loss":0.0,"gold_gain":0.0,"event_name":"WeMeetAgain","player_choice":"Gave Potion","floor":36.0,"gold_loss":0.0,"damage_taken":0.0,"relics_obtained":["Pocketwatch"]},{"damage_healed":0.0,"max_hp_gain":0.0,"max_hp_loss":0.0,"gold_gain":999.0,"event_name":"MindBloom","player_choice":"Gold","floor":38.0,"gold_loss":0.0,"damage_taken":0.0,"cards_obtained":["Normality","Normality"]},{"damage_healed":29,"gold_gain":0,"player_choice":"Heal","damage_taken":0,"max_hp_gain":0,"max_hp_loss":6,"event_name":"The Moai Head","floor":47,"gold_loss":0}],"is_beta":true,"boss_relics":[{"not_picked":["Philosopher\u0027s Stone","White Beast Statue"],"picked":"Runic Pyramid"},{"not_picked":["Calling Bell","Ring of the Serpent"],"picked":"Coffee Dripper"}],"items_purged_floors":[3,39,54],"is_endless":false,"potions_floor_spawned":[1,10,14,16,18,28,31,33,37,40,44,46,55],"ascension_level":20}