{"gold_per_floor":[14,14,27,37,50,75,75,125,150,177,187,4,4,23,23,96,96,106,17,17,28,48,48,48],"floor_reached":24,"playtime":1202,"items_purged":["Strike_G","Strike_G"],"score":416,"play_id":"c9d153ba-6ddc-4eb7-957d-4e6f9ed14dff","local_time":"20190314140854","is_ascension_mode":true,"campfire_choices":[{"data":"Deadly Poison","floor":7.0,"key":"SMITH"},{"floor":13.0,"key":"REST"},{"data":"Neutralize","floor":15.0,"key":"SMITH"},{"data":"Wraith Form v2","floor":23.0,"key":"SMITH"}],"neow_cost":"NO_GOLD","seed_source_timestamp":0,"circlet_count":0,"master_deck":["AscendersBane","Defend_G","Defend_G","Defend_G","Defend_G","Defend_G","Strike_G","Strike_G","Strike_G","Survivor","Neutralize+1","Finisher","Endless Agony","Dash","PiercingWail","All Out Attack","Deadly Poison+1","Die Die Die","Well Laid Plans","Backflip","Wraith Form v2+1","Leg Sweep","Backflip","Acrobatics"],"special_seed":0,"relics":["Ring of the Snake","Potion Belt","Omamori","Smiling Mask","HoveringKite","CultistMask"],"potions_floor_usage":[],"damage_taken":[{"damage":0.0,"enemies":"Cultist","floor":1.0,"turns":4.0},{"damage":0.0,"enemies":"2 Louse","floor":3.0,"turns":2.0},{"damage":0.0,"enemies":"Jaw Worm","floor":4.0,"turns":4.0},{"damage":7.0,"enemies":"Lots of Slimes","floor":5.0,"turns":5.0},{"damage":32.0,"enemies":"Lagavulin","floor":6.0,"turns":10.0},{"damage":12.0,"enemies":"3 Sentries","floor":10.0,"turns":11.0},{"damage":10.0,"enemies":"Red Slaver","floor":11.0,"turns":4.0},{"damage":0.0,"enemies":"Blue Slaver","floor":14.0,"turns":4.0},{"damage":29.0,"enemies":"The Guardian","floor":16.0,"turns":15.0},{"damage":4.0,"enemies":"2 Thieves","floor":18.0,"turns":5.0},{"damage":1.0,"enemies":"3 Byrds","floor":21.0,"turns":5.0},{"damage":12.0,"enemies":"3 Cultists","floor":22.0,"turns":7.0},{"damage":0,"enemies":"Gremlin Leader","floor":24,"turns":1}],"seed_played":"-3365674869425794419","potions_obtained":[{"floor":1.0,"key":"Fire Potion"},{"floor":4.0,"key":"PowerPotion"},{"floor":10.0,"key":"AttackPotion"},{"floor":11.0,"key":"Poison Potion"},{"floor":16.0,"key":"Weak Potion"},{"floor":18.0,"key":"Weak Potion"},{"floor":22.0,"key":"SpeedPotion"}],"is_trial":false,"path_per_floor":["M","?","M","M","M","E","R","?","T","E","M","$","R","M","R","B",null,"M","$","?","M","M","R","E"],"character_chosen":"THE_SILENT","items_purchased":["Well Laid Plans","Fire Potion","Leg Sweep"],"campfire_rested":1,"item_purchase_floors":[12,12,19],"current_hp_per_floor":[71,71,71,71,64,32,32,32,32,20,10,10,33,33,33,4,60,56,56,56,55,43,43,43],"gold":48,"neow_bonus":"TWENTY_PERCENT_HP_BONUS","is_prod":false,"is_daily":false,"chose_seed":false,"campfire_upgraded":3,"win_rate":0,"timestamp":1552572534,"path_taken":["M","?","M","?","M","E","R","?","T","E","M","$","R","M","R","BOSS","M","?","?","?","M","R","E"],"build_version":"2019-02-06","purchased_purges":2,"victory":false,"max_hp_per_floor":[78,78,78,78,78,78,78,78,78,78,78,78,78,78,78,78,78,78,78,78,78,78,78,78],"card_choices":[{"not_picked":["Tactician","Bane"],"picked":"Finisher","floor":1.0},{"not_picked":["Masterful Stab","Quick Slash"],"picked":"Dash","floor":3.0},{"not_picked":["Prepared","Underhanded Strike"],"picked":"PiercingWail","floor":4.0},{"not_picked":["Calculated Gamble","Masterful Stab"],"picked":"All Out Attack","floor":5.0},{"not_picked":["PiercingWail","Eviscerate"],"picked":"Deadly Poison","floor":6.0},{"not_picked":["Setup","All Out Attack"],"picked":"Die Die Die","floor":10.0},{"not_picked":["Prepared","Escape Plan","Eviscerate"],"picked":"SKIP","floor":11.0},{"not_picked":["Backflip","Riddle With Holes","Dagger Spray"],"picked":"SKIP","floor":14.0},{"not_picked":["Riddle With Holes","Dagger Spray"],"picked":"Backflip","floor":14.0},{"not_picked":["Phantasmal Killer","Storm of Steel"],"picked":"Wraith Form v2","floor":16.0},{"not_picked":["Dagger Spray","Dagger Throw","Blade Dance+1"],"picked":"SKIP","floor":18.0},{"not_picked":["Underhanded Strike","Dash"],"picked":"Backflip","floor":21.0},{"not_picked":["Cloak And Dagger","Dodge and Roll"],"picked":"Acrobatics","floor":22.0}],"player_experience":1931792,"relics_obtained":[{"floor":6.0,"key":"Potion Belt"},{"floor":9.0,"key":"Omamori"},{"floor":10.0,"key":"Smiling Mask"}],"event_choices":[{"damage_healed":0.0,"max_hp_gain":0.0,"max_hp_loss":0.0,"gold_gain":0.0,"event_name":"Match and Keep!","player_choice":"1 cards matched","floor":2.0,"gold_loss":0.0,"damage_taken":0.0,"cards_obtained":["Endless Agony"]},{"damage_healed":0.0,"max_hp_gain":0.0,"max_hp_loss":0.0,"gold_gain":50.0,"event_name":"Golden Shrine","player_choice":"Pray","floor":8.0,"gold_loss":0.0,"damage_taken":0.0},{"damage_healed":0.0,"max_hp_gain":0.0,"max_hp_loss":0.0,"gold_gain":0.0,"event_name":"FaceTrader","player_choice":"Trade","floor":20.0,"gold_loss":0.0,"damage_taken":0.0,"relics_obtained":["CultistMask"]}],"is_beta":true,"boss_relics":[{"not_picked":["Eternal Feather","Tiny House"],"picked":"HoveringKite"}],"items_purged_floors":[12,19],"is_endless":false,"potions_floor_spawned":[1,4,10,11,16,18,22],"killed_by":"Gremlin Leader","ascension_level":20}