{"gold_per_floor":[16,32,50,50,61,87,102,102,102,102,118,118,118,136,136],"floor_reached":15,"playtime":192,"items_purged":[],"score":199,"play_id":"d8838509-eb4d-4ebb-a03e-ea791c5b88f9","local_time":"20190804030303","is_ascension_mode":false,"campfire_choices":[{"data":"Ignore","floor":8,"key":"SMITH"},{"floor":10,"key":"RECALL"},{"data":"Do_Nothing","floor":13,"key":"SMITH"}],"neow_cost":"NONE","seed_source_timestamp":80833831174600,"circlet_count":0,"master_deck":["Strike_Y","Strike_Y","Strike_Y","Strike_Y","Strike_Y","Defend_Y","Defend_Y","Defend_Y","Defend_Y","Defend_Y","Yawn","Wear_Disguise","Side_Hop","Regret","Consecutive_Normal_Punch","Hip_Strike","Ignore+1","Ignore","Do_Nothing+1","Wear_Disguise"],"relics":["Cape","Bronze Scales","FossilizedHelix","The Courier"],"potions_floor_usage":[],"damage_taken":[{"damage":0,"enemies":"Small Slimes","floor":1,"turns":1},{"damage":0,"enemies":"Jaw Worm","floor":2,"turns":1},{"damage":0,"enemies":"Cultist","floor":3,"turns":1},{"damage":0,"enemies":"2 Fungi Beasts","floor":5,"turns":2},{"damage":0,"enemies":"Lagavulin","floor":6,"turns":1},{"damage":0,"enemies":"Blue Slaver","floor":7,"turns":1},{"damage":0,"enemies":"Gremlin Gang","floor":11,"turns":2},{"damage":0,"enemies":"Exordium Thugs","floor":14,"turns":1}],"seed_played":"-5069017213076734923","potions_obtained":[{"floor":2,"key":"Fire Potion"},{"floor":3,"key":"GamblersBrew"},{"floor":6,"key":"SteroidPotion"}],"is_trial":false,"path_per_floor":["M","M","M","?","M","E","M","R","T","R","M","?","R","M","R"],"character_chosen":"OPM","items_purchased":[],"campfire_rested":0,"item_purchase_floors":[],"current_hp_per_floor":[1098,1098,1098,1098,1098,1098,1098,1098,1098,1098,1098,1098,1098,1098,1098],"gold":136,"neow_bonus":"TEN_PERCENT_HP_BONUS","is_prod":false,"is_daily":false,"chose_seed":false,"campfire_upgraded":2,"win_rate":0.0,"timestamp":1564855383,"path_taken":["M","M","M","?","M","E","M","R","T","R","M","?","R","M","R"],"build_version":"2019-07-17","purchased_purges":0,"victory":false,"max_hp_per_floor":[1098,1098,1098,1098,1098,1098,1098,1098,1098,1098,1098,1098,1098,1098,1098],"card_choices":[{"not_picked":["Hop","Normal_Punch"],"picked":"Yawn","floor":1},{"not_picked":["Yawn","Slap"],"picked":"Wear_Disguise","floor":2},{"not_picked":["Ignore","Slap"],"picked":"Side_Hop","floor":3},{"not_picked":["Yawn","Normal_Punch"],"picked":"Consecutive_Normal_Punch","floor":5},{"not_picked":["Do_Nothing","Side_Hop"],"picked":"Hip_Strike","floor":6},{"not_picked":["Toss_Stone","Normal_Punch"],"picked":"Ignore","floor":7},{"not_picked":["Consecutive_Normal_Punch","Yawn"],"picked":"Ignore","floor":11},{"not_picked":["Side_Hop","Hop"],"picked":"Wear_Disguise","floor":14}],"player_experience":132970,"relics_obtained":[{"floor":6,"key":"FossilizedHelix"},{"floor":9,"key":"The Courier"}],"event_choices":[{"damage_healed":0,"gold_gain":0,"player_choice":"Box","damage_taken":0,"relics_obtained":["Bronze Scales"],"max_hp_gain":0,"max_hp_loss":0,"event_name":"Big Fish","floor":4,"gold_loss":0,"cards_obtained":["Regret"]},{"damage_healed":0,"gold_gain":0,"player_choice":"1 cards matched","damage_taken":0,"max_hp_gain":0,"max_hp_loss":0,"event_name":"Match and Keep!","floor":12,"gold_loss":0,"cards_obtained":["Do_Nothing"]}],"is_beta":false,"boss_relics":[],"items_purged_floors":[],"is_endless":false,"potions_floor_spawned":[2,3,6,7],"ascension_level":0}