{"gold_per_floor":[110,35,49,149,160,160,176,192,192,206,219,219,36,51,51,150,150,164,178,178,93,113,130,130,5,5,5,5,17,17,17],"floor_reached":31,"playtime":1791,"items_purged":["Strike_B","Defend_B","Defend_B"],"score":231,"play_id":"bbdd8a3e-93f2-4d80-9639-91288feb4388","local_time":"20190817191133","is_ascension_mode":false,"campfire_choices":[{"data":"White Noise","floor":6,"key":"SMITH"},{"data":"Seek","floor":12,"key":"SMITH"},{"data":"Deep Breath","floor":15,"key":"SMITH"},{"data":"Fission","floor":24,"key":"SMITH"},{"floor":27,"key":"RECALL"}],"neow_cost":"NONE","seed_source_timestamp":112266637280189,"circlet_count":0,"master_deck":["Strike_B","Strike_B","Strike_B","Defend_B","Defend_B","Zap","Dualcast","Sunder","Conserve Battery","White Noise+1","Coolheaded","Sunder","Seek+1","Go for the Eyes","Deep Breath+1","Electrodynamics","Fission+1","Glacier","White Noise","Steam Power+1","Thunder Strike","Doubt"],"relics":["Cracked Core","NeowsBlessing","Shuriken","Orrery","Blue Candle","Symbiotic Virus"],"potions_floor_usage":[7,8,11,18,23,29],"damage_taken":[{"damage":0,"enemies":"Small Slimes","floor":1,"turns":1},{"damage":0,"enemies":"Cultist","floor":3,"turns":1},{"damage":0,"enemies":"Jaw Worm","floor":5,"turns":1},{"damage":10,"enemies":"2 Fungi Beasts","floor":7,"turns":3},{"damage":0,"enemies":"3 Louse","floor":8,"turns":2},{"damage":5,"enemies":"Gremlin Gang","floor":10,"turns":3},{"damage":7,"enemies":"Blue Slaver","floor":11,"turns":3},{"damage":0,"enemies":"Exordium Wildlife","floor":14,"turns":2},{"damage":35,"enemies":"Slime Boss","floor":16,"turns":7},{"damage":39,"enemies":"Chosen","floor":18,"turns":8},{"damage":5,"enemies":"3 Byrds","floor":19,"turns":4},{"damage":1,"enemies":"Snecko","floor":22,"turns":5},{"damage":0,"enemies":"Sentry and Sphere","floor":23,"turns":2},{"damage":12,"enemies":"Chosen and Byrds","floor":29,"turns":6},{"damage":0,"enemies":"Snake Plant","floor":31,"turns":1}],"seed_played":"-4857716396744619316","potions_obtained":[{"floor":5,"key":"Weak Potion"},{"floor":7,"key":"SteroidPotion"},{"floor":10,"key":"Explosive Potion"},{"floor":14,"key":"SmokeBomb"},{"floor":16,"key":"Block Potion"},{"floor":22,"key":"AttackPotion"},{"floor":23,"key":"Swift Potion"}],"is_trial":false,"path_per_floor":["M","$","M","?","M","R","M","M","T","M","M","R","$","M","R","B",null,"M","M","?","?","M","M","R","$","T","R","?","M","?","M"],"character_chosen":"DEFECT","items_purchased":["Deep Breath"],"campfire_rested":0,"item_purchase_floors":[13],"current_hp_per_floor":[75,75,75,75,75,75,65,65,65,60,53,53,53,53,53,18,75,36,31,31,31,30,30,30,30,30,30,30,18,18,18],"gold":17,"neow_bonus":"THREE_ENEMY_KILL","is_prod":false,"is_daily":false,"chose_seed":false,"campfire_upgraded":4,"win_rate":0,"timestamp":1566094293,"path_taken":["M","$","M","?","?","R","M","M","T","M","M","R","$","M","R","BOSS","M","M","?","?","M","M","R","$","T","R","?","M","?","?"],"build_version":"2019-07-17","purchased_purges":3,"victory":false,"max_hp_per_floor":[75,75,75,75,75,75,75,75,75,75,75,75,75,75,75,75,75,75,75,75,75,75,75,75,75,75,75,75,75,75,75],"card_choices":[{"not_picked":["Leap","Aggregate"],"picked":"Sunder","floor":1},{"not_picked":["Turbo","Compile Driver"],"picked":"Conserve Battery","floor":3},{"not_picked":["Fusion","Beam Cell"],"picked":"White Noise","floor":5},{"not_picked":["Self Repair","Rebound"],"picked":"Coolheaded","floor":7},{"not_picked":["Cold Snap","Go for the Eyes"],"picked":"Sunder","floor":8},{"not_picked":["Double Energy","Stack"],"picked":"Seek","floor":10},{"not_picked":["Double Energy","Leap"],"picked":"Go for the Eyes","floor":11},{"not_picked":["Darkness","Barrage","Storm"],"picked":"SKIP","floor":14},{"not_picked":["Rainbow","Multi-Cast"],"picked":"Electrodynamics","floor":16},{"not_picked":["Fusion","Cold Snap"],"picked":"Fission","floor":17},{"not_picked":["Leap","Chill"],"picked":"Glacier","floor":17},{"not_picked":["Double Energy","Steam"],"picked":"White Noise","floor":18},{"not_picked":["Cold Snap","Lockon"],"picked":"Steam Power+1","floor":19},{"not_picked":["Thunder Strike","Gash","Sweeping Beam"],"picked":"SKIP","floor":22},{"not_picked":["Compile Driver","Streamline","Rebound"],"picked":"SKIP","floor":23},{"not_picked":["Leap","Steam","Stack"],"picked":"SKIP","floor":29}],"player_experience":147560,"relics_obtained":[{"floor":9,"key":"Shuriken"},{"floor":26,"key":"Symbiotic Virus"}],"event_choices":[{"damage_healed":0,"gold_gain":100,"player_choice":"Pray","damage_taken":0,"max_hp_gain":0,"max_hp_loss":0,"event_name":"Golden Shrine","floor":4,"gold_loss":0},{"damage_healed":0,"gold_gain":0,"player_choice":"Read","damage_taken":0,"max_hp_gain":0,"max_hp_loss":0,"event_name":"The Library","floor":20,"gold_loss":0,"cards_obtained":["Thunder Strike"]},{"damage_healed":0,"gold_gain":0,"player_choice":"Obtained Relic","damage_taken":0,"relics_obtained":["Blue Candle"],"max_hp_gain":0,"max_hp_loss":0,"event_name":"Addict","floor":21,"gold_loss":85},{"damage_healed":0,"gold_gain":0,"player_choice":"Ignored","damage_taken":0,"max_hp_gain":0,"max_hp_loss":0,"event_name":"Ghosts","floor":28,"gold_loss":0},{"damage_healed":0,"gold_gain":0,"player_choice":"1 cards matched","damage_taken":0,"max_hp_gain":0,"max_hp_loss":0,"event_name":"Match and Keep!","floor":30,"gold_loss":0,"cards_obtained":["Doubt"]}],"is_beta":false,"boss_relics":[{"not_picked":["Fusion Hammer","Cursed Key"],"picked":"Orrery"}],"items_purged_floors":[2,13,25],"is_endless":false,"potions_floor_spawned":[5,7,10,14,16,22,23],"killed_by":"Snake Plant","ascension_level":0}