{"gold_per_floor":[116,132,148,164,4,32,44,71,71,71,87,104,159,172,172,250,250,268,283,283,173,189,10,10,41,41,52,52,62,62,81,81,158,158,176,230,242,252,267,293,293,13,39,54,54,54,66,83,83,83],"floor_reached":51,"playtime":3488,"items_purged":["Writhe","Strike_R","Strike_R"],"score":1236,"play_id":"9d07050d-6f1d-4d56-84f0-d4055fccc5bb","local_time":"20180724223151","is_ascension_mode":true,"campfire_choices":[{"data":"Rampage","floor":10.0,"key":"SMITH"},{"data":"Shockwave","floor":15.0,"key":"SMITH"},{"data":"True Grit","floor":24.0,"key":"SMITH"},{"data":"Limit Break","floor":28.0,"key":"SMITH"},{"floor":30.0,"key":"REST"},{"data":"Inflame","floor":32.0,"key":"SMITH"},{"floor":41,"key":"REST"},{"floor":49,"key":"REST"}],"neow_cost":"NONE","seed_source_timestamp":0,"circlet_count":0,"master_deck":["Defend_R","Defend_R","Defend_R","Defend_R+1","Bash","AscendersBane","Cleave","Rampage+1","Offering","Shrug It Off","Shockwave+1","True Grit+1","Impervious","Limit Break+1","Metallicize+1","Feel No Pain+1","Infernal Blade+1","Seeing Red+1","Clothesline","Feel No Pain","Iron Wave","Rampage","Warcry","Inflame+1","Sword Boomerang","Limit Break","Armaments","Havoc","Shrug It Off","Blind"],"special_seed":0,"relics":["Burning Blood","Strawberry","Anchor","Oddly Smooth Stone","Unceasing Top","Bag of Preparation","Astrolabe","Thread and Needle","Champion Belt","Lantern","Philosopher\u0027s Stone","Sundial","Omamori","War Paint","Centennial Puzzle"],"potions_floor_usage":[39,40,47,50],"damage_taken":[{"damage":11.0,"enemies":"Cultist","floor":1.0,"turns":4.0},{"damage":3.0,"enemies":"2 Louse","floor":2.0,"turns":3.0},{"damage":11.0,"enemies":"Small Slimes","floor":3.0,"turns":3.0},{"damage":24.0,"enemies":"Blue Slaver","floor":4.0,"turns":4.0},{"damage":30.0,"enemies":"Lagavulin","floor":6.0,"turns":7.0},{"damage":0.0,"enemies":"Large Slime","floor":7.0,"turns":5.0},{"damage":27.0,"enemies":"Gremlin Nob","floor":8.0,"turns":4.0},{"damage":8.0,"enemies":"Gremlin Gang","floor":11.0,"turns":5.0},{"damage":2.0,"enemies":"Lots of Slimes","floor":12.0,"turns":6.0},{"damage":0.0,"enemies":"Blue Slaver","floor":14.0,"turns":4.0},{"damage":46.0,"enemies":"Slime Boss","floor":16.0,"turns":17.0},{"damage":23.0,"enemies":"Spheric Guardian","floor":18.0,"turns":6.0},{"damage":0.0,"enemies":"Chosen","floor":19.0,"turns":6.0},{"damage":15.0,"enemies":"Sentry and Sphere","floor":22.0,"turns":11.0},{"damage":22.0,"enemies":"Slavers","floor":25.0,"turns":12.0},{"damage":0.0,"enemies":"Centurion and Healer","floor":27.0,"turns":10.0},{"damage":13.0,"enemies":"3 Cultists","floor":29.0,"turns":6.0},{"damage":0.0,"enemies":"Chosen and Byrds","floor":31.0,"turns":10.0},{"damage":48.0,"enemies":"Automaton","floor":33.0,"turns":9.0},{"damage":10,"enemies":"3 Darklings","floor":35,"turns":8},{"damage":15,"floor":36,"turns":9},{"damage":9,"enemies":"Orb Walker","floor":37,"turns":3},{"damage":32,"enemies":"Transient","floor":38,"turns":5},{"damage":22,"enemies":"3 Darklings","floor":39,"turns":5},{"damage":5,"enemies":"Giant Head","floor":40,"turns":6},{"damage":11,"enemies":"Maw","floor":44,"turns":7},{"damage":0,"enemies":"Flame Bruiser 2 Orb","floor":47,"turns":6},{"damage":0,"enemies":"Spire Growth","floor":48,"turns":6},{"damage":55,"enemies":"Awakened One","floor":50,"turns":14}],"seed_played":"631426896854970357","potions_obtained":[{"floor":2.0,"key":"AttackPotion"},{"floor":4.0,"key":"Regen Potion"},{"floor":6.0,"key":"FearPotion"},{"floor":11.0,"key":"FairyPotion"},{"floor":16.0,"key":"SkillPotion"},{"floor":22.0,"key":"Strength Potion"},{"floor":29.0,"key":"GamblersBrew"},{"floor":36,"key":"Strength Potion"},{"floor":38,"key":"Block Potion"},{"floor":40,"key":"AttackPotion"},{"floor":48,"key":"GamblersBrew"}],"is_trial":false,"path_per_floor":["M","M","M","M","$","E","M","E","T","R","M","M","T","M","R","B",null,"M","M","?","$","M","$","R","E","T","M","R","M","R","M","R","B",null,"M","?","M","M","M","E","R","$","T","M","?","?","M","M","R","B"],"character_chosen":"IRONCLAD","items_purchased":["Offering","Feel No Pain","Rampage","Warcry","War Paint"],"campfire_rested":3,"item_purchase_floors":[5,21,23,23,42],"current_hp_per_floor":[70,73,68,50,50,32,38,17,17,17,15,19,19,25,25,12,65,48,54,54,54,45,45,45,29,29,35,35,28,52,58,58,16,66,62,53,50,24,8,9,33,33,33,28,28,28,34,40,64,15],"gold":83,"neow_bonus":"RANDOM_COMMON_RELIC","is_prod":false,"is_daily":false,"chose_seed":false,"campfire_upgraded":5,"win_rate":0,"timestamp":1532467911,"path_taken":["M","M","M","M","$","E","M","E","T","R","M","M","?","M","R","BOSS","M","M","?","$","M","$","R","E","T","M","R","M","R","M","R","BOSS","M","?","?","M","M","E","R","$","T","M","?","?","M","M","R","BOSS"],"build_version":"2018-07-23","purchased_purges":3,"victory":true,"max_hp_per_floor":[82,82,82,82,82,82,82,82,82,82,82,82,82,82,82,82,82,82,82,82,82,82,82,82,82,82,82,82,82,82,82,82,82,82,82,82,82,82,82,82,82,82,82,82,82,82,82,82,82,82],"card_choices":[{"not_picked":["Havoc","Body Slam"],"picked":"Cleave","floor":1.0},{"not_picked":["Armaments","Sword Boomerang"],"picked":"Rampage","floor":2.0},{"not_picked":["Warcry","Twin Strike","Thunderclap"],"picked":"SKIP","floor":3.0},{"not_picked":["Flex","Rage","Whirlwind"],"picked":"SKIP","floor":4.0},{"not_picked":["Dropkick","Searing Blow","Sentinel"],"picked":"SKIP","floor":6.0},{"not_picked":["Feel No Pain","Twin Strike"],"picked":"Shrug It Off","floor":7.0},{"not_picked":["Thunderclap","Reckless Charge"],"picked":"Shockwave","floor":8.0},{"not_picked":["Pummel","Twin Strike"],"picked":"True Grit","floor":11.0},{"not_picked":["Cleave","Perfected Strike"],"picked":"Impervious","floor":12.0},{"not_picked":["Combust","Warcry","Body Slam"],"picked":"SKIP","floor":14.0},{"not_picked":["Offering","Bludgeon"],"picked":"Limit Break","floor":16.0},{"not_picked":["Cleave","Thunderclap"],"picked":"Seeing Red","floor":18.0},{"not_picked":["Headbutt","Ghostly Armor"],"picked":"Clothesline","floor":19.0},{"not_picked":["Uppercut","Pommel Strike"],"picked":"Iron Wave","floor":22.0},{"not_picked":["Wild Strike","Sword Boomerang","Flex"],"picked":"SKIP","floor":25.0},{"not_picked":["Anger","Warcry","Corruption+1"],"picked":"SKIP","floor":27.0},{"not_picked":["Twin Strike","Warcry"],"picked":"Inflame","floor":29.0},{"not_picked":["Clothesline","Spot Weakness"],"picked":"Sword Boomerang","floor":31.0},{"not_picked":["Demon Form","Juggernaut"],"picked":"Limit Break","floor":33.0},{"not_picked":["Iron Wave","Anger"],"picked":"Armaments","floor":35},{"not_picked":["Cleave+1","Perfected Strike+1"],"picked":"Havoc","floor":36},{"not_picked":["Sentinel","Combust","Clash"],"picked":"SKIP","floor":37},{"not_picked":["Sword Boomerang+1","Thunderclap+1","Demon Form"],"picked":"SKIP","floor":38},{"not_picked":["Headbutt+1","Wild Strike","Rampage"],"picked":"SKIP","floor":39},{"not_picked":["Havoc","Twin Strike","Thunderclap+1"],"picked":"SKIP","floor":40},{"not_picked":["Twin Strike+1","Carnage"],"picked":"Shrug It Off","floor":44},{"not_picked":["Mind Blast","Secret Weapon"],"picked":"Blind","floor":45},{"not_picked":["Uppercut","Havoc","Clothesline"],"picked":"SKIP","floor":47},{"not_picked":["Whirlwind","Cleave","Body Slam"],"picked":"SKIP","floor":48}],"player_experience":1089582,"relics_obtained":[{"floor":6.0,"key":"Anchor"},{"floor":8.0,"key":"Oddly Smooth Stone"},{"floor":9.0,"key":"Unceasing Top"},{"floor":13.0,"key":"Bag of Preparation"},{"floor":25.0,"key":"Champion Belt"},{"floor":26.0,"key":"Lantern"},{"floor":36,"key":"Sundial"},{"floor":40,"key":"Omamori"},{"floor":43,"key":"Centennial Puzzle"}],"event_choices":[{"event_name":"The Mausoleum","player_choice":"Yes","floor":20.0,"damage_taken":0.0},{"event_name":"Mysterious Sphere","player_choice":"Fight","floor":36,"damage_taken":0},{"event_name":"SensoryStone","player_choice":"Memory 1","floor":45,"damage_taken":0},{"event_name":"FaceTrader","player_choice":"Leave","floor":46,"damage_taken":0}],"is_beta":true,"boss_relics":[{"not_picked":["Lizard Tail","Pandora\u0027s Box"],"picked":"Astrolabe"},{"not_picked":["Mark of Pain","Runic Cube"],"picked":"Philosopher\u0027s Stone"}],"items_purged_floors":[21,23,42],"is_endless":false,"potions_floor_spawned":[2,4,6,11,16,22,29,36,38,40,48],"ascension_level":15}