{"gold_per_floor":[117,133,146,37,56,56,84,101,127,140,172,172,172,187,187,283,283,301,316,40,40,63,63,83,121,121,139,139,14,39,62,62,62],"floor_reached":33,"playtime":3655,"items_purged":["Strike_B","Strike_B"],"score":563,"play_id":"27fcb9ea-f488-4f1b-be92-4cfc68f72c82","local_time":"20190818142942","is_ascension_mode":true,"campfire_choices":[{"data":"Barrage","floor":6.0,"key":"SMITH"},{"floor":15.0,"key":"REST"},{"data":"Defragment","floor":23,"key":"SMITH"},{"floor":32,"key":"REST"}],"neow_cost":"NONE","seed_source_timestamp":418006792037645,"circlet_count":0,"master_deck":["AscendersBane","Strike_B","Strike_B","Defend_B","Defend_B","Defend_B","Defend_B","Zap","Dualcast","Buffer","Conserve Battery","Cold Snap","Leap","Loop","Barrage+1","Barrage+1","Storm","Defragment+1","Rebound+1","Sunder+1","Machine Learning","Doom and Gloom+1","Fusion","Defragment","Sweeping Beam+1","White Noise","Loop","Defragment","Rainbow","Machine Learning"],"special_seed":0,"relics":["Cracked Core","Molten Egg 2","Centennial Puzzle","Oddly Smooth Stone","Golden Idol","Snecko Eye","Orichalcum","Sundial","Juzu Bracelet","Regal Pillow"],"potions_floor_usage":[19,25,33,33],"damage_taken":[{"damage":0.0,"enemies":"2 Louse","floor":1.0,"turns":2.0},{"damage":0.0,"enemies":"Small Slimes","floor":2.0,"turns":4.0},{"damage":1.0,"enemies":"Cultist","floor":3.0,"turns":3.0},{"damage":3.0,"enemies":"Red Slaver","floor":5.0,"turns":4.0},{"damage":9.0,"enemies":"3 Sentries","floor":7.0,"turns":8.0},{"damage":2.0,"enemies":"Exordium Thugs","floor":8.0,"turns":5.0},{"damage":14.0,"enemies":"3 Louse","floor":10.0,"turns":2.0},{"damage":39.0,"enemies":"Gremlin Nob","floor":11.0,"turns":5.0},{"damage":0.0,"enemies":"Large Slime","floor":14.0,"turns":4.0},{"damage":0.0,"enemies":"Slime Boss","floor":16.0,"turns":7.0},{"damage":6,"enemies":"Chosen","floor":18,"turns":3},{"damage":0,"enemies":"Shell Parasite","floor":19,"turns":4},{"damage":1,"enemies":"Sentry and Sphere","floor":22,"turns":3},{"damage":3,"enemies":"Centurion and Healer","floor":24,"turns":4},{"damage":23,"enemies":"Slavers","floor":25,"turns":5},{"damage":4,"enemies":"Snecko","floor":27,"turns":4},{"damage":16,"enemies":"Snake Plant","floor":31,"turns":2},{"damage":61,"enemies":"Collector","floor":33,"turns":7}],"seed_played":"-586076971515526729","potions_obtained":[{"floor":2.0,"key":"Regen Potion"},{"floor":5.0,"key":"Block Potion"},{"floor":7.0,"key":"Fire Potion"},{"floor":10.0,"key":"Poison Potion"},{"floor":11.0,"key":"Strength Potion"},{"floor":16.0,"key":"EssenceOfSteel"},{"floor":22,"key":"Block Potion"},{"floor":27,"key":"FearPotion"}],"is_trial":false,"path_per_floor":["M","M","M","$","M","R","E","M","T","M","E","?","?","M","R","B",null,"M","M","$","?","M","R","M","E","T","M","?","$","T","M","R","B"],"character_chosen":"DEFECT","items_purchased":["Loop","Defragment","Sweeping Beam+1","Block Potion","Ancient Potion","SpeedPotion"],"campfire_rested":2,"item_purchase_floors":[4,20,20,20,29,29],"current_hp_per_floor":[64,64,63,63,69,69,60,58,58,44,5,5,27,27,46,46,61,55,55,55,55,54,54,51,28,28,24,24,24,24,8,42,0],"gold":62,"neow_bonus":"ONE_RANDOM_RARE_CARD","is_prod":false,"is_daily":false,"chose_seed":false,"campfire_upgraded":2,"win_rate":0,"timestamp":1566163782,"path_taken":["M","M","M","$","M","R","E","M","T","M","E","?","?","M","R","BOSS","M","M","$","?","M","R","M","E","T","M","?","$","?","M","R","BOSS"],"build_version":"2019-07-17","purchased_purges":2,"victory":false,"max_hp_per_floor":[71,71,71,71,71,71,71,71,71,71,71,66,66,66,66,66,66,66,66,66,66,66,66,66,66,66,66,66,66,66,66,66,66],"card_choices":[{"not_picked":["Steam","Beam Cell"],"picked":"Conserve Battery","floor":1.0},{"not_picked":["Aggregate","Lockon"],"picked":"Cold Snap","floor":2.0},{"not_picked":["Go for the Eyes","Heatsinks"],"picked":"Leap","floor":3.0},{"not_picked":["Coolheaded","Compile Driver"],"picked":"Barrage","floor":5.0},{"not_picked":["Streamline","Coolheaded"],"picked":"Barrage","floor":7.0},{"not_picked":["Rebound+1","Redo"],"picked":"Storm","floor":8.0},{"not_picked":["Hologram","Beam Cell+1"],"picked":"Defragment","floor":10.0},{"not_picked":["Hello World","Redo"],"picked":"Rebound+1","floor":11.0},{"not_picked":["Sweeping Beam+1","Beam Cell+1"],"picked":"Sunder+1","floor":14.0},{"not_picked":["Multi-Cast","Amplify"],"picked":"Machine Learning","floor":16.0},{"not_picked":["Steam Power","Beam Cell+1"],"picked":"Doom and Gloom+1","floor":18},{"not_picked":["Rebound+1","Beam Cell+1"],"picked":"Fusion","floor":19},{"not_picked":["Turbo","Sweeping Beam+1"],"picked":"White Noise","floor":22},{"not_picked":["Compile Driver+1","Barrage+1"],"picked":"Loop","floor":24},{"not_picked":["Sunder+1","Compile Driver+1"],"picked":"Defragment","floor":25},{"not_picked":["FTL+1","Steam"],"picked":"Rainbow","floor":27},{"not_picked":["Redo","Hello World","Cold Snap+1"],"picked":"SKIP","floor":31}],"player_experience":647829,"relics_obtained":[{"floor":7.0,"key":"Molten Egg 2"},{"floor":9.0,"key":"Centennial Puzzle"},{"floor":11.0,"key":"Oddly Smooth Stone"},{"floor":25,"key":"Sundial"},{"floor":26,"key":"Juzu Bracelet"},{"floor":30,"key":"Regal Pillow"}],"event_choices":[{"damage_healed":0.0,"max_hp_gain":0.0,"max_hp_loss":5.0,"gold_gain":0.0,"event_name":"Golden Idol","player_choice":"Lose Max HP","floor":12.0,"gold_loss":0.0,"damage_taken":0.0,"relics_obtained":["Golden Idol"]},{"damage_healed":22.0,"max_hp_gain":0.0,"max_hp_loss":0.0,"gold_gain":0.0,"event_name":"Big Fish","player_choice":"Banana","floor":13.0,"gold_loss":0.0,"damage_taken":0.0},{"damage_healed":0,"gold_gain":0,"player_choice":"Gave Potion","damage_taken":0,"relics_obtained":["Orichalcum"],"max_hp_gain":0,"max_hp_loss":0,"event_name":"WeMeetAgain","floor":21,"gold_loss":0},{"damage_healed":0,"gold_gain":0,"player_choice":"Copied","damage_taken":0,"max_hp_gain":0,"max_hp_loss":0,"event_name":"Duplicator","floor":28,"gold_loss":0,"cards_obtained":["Machine Learning"]}],"is_beta":false,"boss_relics":[{"not_picked":["Fusion Hammer","Coffee Dripper"],"picked":"Snecko Eye"}],"items_purged_floors":[4,20],"is_endless":false,"potions_floor_spawned":[2,5,7,10,11,16,22,27],"killed_by":"Collector","ascension_level":14}