{"gold_per_floor":[114,114,114,41,55,90,109,125,149,149,149,165,165,201,201,329,329,348,10,10,26,40,40,56,56,56,76,76,116,41,62,62,190,190,213,226,77,202,217,217,217,217,217,238,254,254,285,309,309,309,309,309,67,111,111],"floor_reached":55,"playtime":4762,"items_purged":["Pain"],"score":754,"play_id":"b2fc0c4e-a03d-43c2-a197-963bdadc6a31","local_time":"20190629100502","is_ascension_mode":false,"campfire_choices":[{"data":"Fission","floor":10,"key":"SMITH"},{"data":"Chaos","floor":13,"key":"SMITH"},{"floor":15,"key":"RECALL"},{"data":"Seek","floor":23,"key":"SMITH"},{"floor":28,"key":"REST"},{"data":"Consume","floor":32,"key":"SMITH"},{"data":"Seek","floor":40,"key":"SMITH"},{"data":"Echo Form","floor":42,"key":"SMITH"},{"data":"Coolheaded","floor":46,"key":"SMITH"},{"data":"Electrodynamics","floor":49,"key":"SMITH"},{"data":"Barrage","floor":52,"key":"SMITH"}],"neow_cost":"NONE","seed_source_timestamp":256156366808400,"circlet_count":0,"master_deck":["Strike_B","Defend_B","Defend_B","Defend_B","Defend_B","Zap","Dualcast","Coolheaded+1","Cold Snap","Conserve Battery","Chaos+1","Tempest","Hologram","Fission+1","Hologram","Barrage+1","Seek+1","Fusion+1","Steam+1","Double Energy+1","Rebound+1","Self Repair","Seek+1","Sweeping Beam","Consume+1","Beam Cell+1","Capacitor+1","Leap","Echo Form+1","Conserve Battery+1","Compile Driver+1","Coolheaded+1","Sunder+1","Loop+1","Electrodynamics+1","Stack"],"relics":["Cracked Core","NeowsBlessing","Golden Idol","Bronze Scales","PreservedInsect","Strawberry","Astrolabe","Mummified Hand","WarpedTongs","Molten Egg 2","Vajra","Philosopher\u0027s Stone","Oddly Smooth Stone","Nunchaku","Sundial","Omamori","OrangePellets","Dodecahedron"],"potions_floor_usage":[22,50,55,55],"damage_taken":[{"damage":0,"enemies":"Small Slimes","floor":1,"turns":1},{"damage":0,"enemies":"Jaw Worm","floor":5,"turns":1},{"damage":0,"enemies":"Lagavulin","floor":6,"turns":2},{"damage":0,"enemies":"Cultist","floor":7,"turns":3},{"damage":1,"enemies":"Blue Slaver","floor":8,"turns":4},{"damage":3,"enemies":"Red Slaver","floor":12,"turns":4},{"damage":0,"enemies":"Gremlin Nob","floor":14,"turns":2},{"damage":44,"enemies":"Slime Boss","floor":16,"turns":9},{"damage":28,"enemies":"Chosen","floor":18,"turns":6},{"damage":12,"enemies":"3 Byrds","floor":21,"turns":3},{"damage":2,"enemies":"Snake Plant","floor":22,"turns":5},{"damage":23,"enemies":"Centurion and Healer","floor":24,"turns":5},{"damage":10,"enemies":"Sentry and Sphere","floor":27,"turns":5},{"damage":9,"enemies":"Book of Stabbing","floor":29,"turns":3},{"damage":1,"enemies":"Chosen and Byrds","floor":31,"turns":4},{"damage":24,"enemies":"Champ","floor":33,"turns":13},{"damage":10,"enemies":"Orb Walker","floor":35,"turns":4},{"damage":13,"enemies":"3 Shapes","floor":36,"turns":3},{"damage":0,"enemies":"Mind Bloom Boss Battle","floor":38,"turns":5},{"damage":29,"enemies":"Jaw Worm Horde","floor":39,"turns":3},{"damage":11,"enemies":"Writhing Mass","floor":44,"turns":3},{"damage":2,"enemies":"3 Darklings","floor":45,"turns":3},{"damage":9,"enemies":"Giant Head","floor":47,"turns":5},{"damage":0,"enemies":"Transient","floor":48,"turns":5},{"damage":39,"enemies":"Donu and Deca","floor":50,"turns":9},{"damage":25,"enemies":"Shield and Spear","floor":54,"turns":4},{"damage":61,"enemies":"The Heart","floor":55,"turns":9}],"seed_played":"3950779743696896708","potions_obtained":[{"floor":7,"key":"Ancient Potion"},{"floor":12,"key":"FearPotion"},{"floor":14,"key":"Strength Potion"},{"floor":16,"key":"EssenceOfSteel"},{"floor":24,"key":"AttackPotion"},{"floor":31,"key":"SpeedPotion"},{"floor":38,"key":"PowerPotion"}],"is_trial":false,"path_per_floor":["M","?","?","$","M","E","M","M","T","R","T","M","R","E","R","B",null,"M","$","?","M","M","R","M","?","T","M","R","E","$","M","R","B",null,"M","M","$","?","M","R","?","R","T","M","M","R","E","M","R","B",null,"R","$","E","B"],"character_chosen":"DEFECT","items_purchased":["Cold Snap","Conserve Battery","Mummified Hand","Self Repair","Oddly Smooth Stone","OrangePellets","Fire Potion"],"campfire_rested":1,"item_purchase_floors":[4,4,19,19,37,53,53],"current_hp_per_floor":[75,57,57,57,57,57,57,56,56,56,56,53,53,60,60,16,82,54,54,54,42,47,47,24,24,24,21,45,36,36,42,42,28,82,82,76,76,82,53,53,82,82,82,71,76,76,74,74,74,42,82,82,82,57,0],"gold":111,"neow_bonus":"THREE_ENEMY_KILL","is_prod":false,"is_daily":false,"chose_seed":false,"campfire_upgraded":9,"win_rate":0,"timestamp":1561770302,"path_taken":["M","?","?","$","M","E","M","M","T","R","?","M","R","E","R","BOSS","M","$","?","M","?","R","M","?","T","M","R","E","$","?","R","BOSS","M","M","$","?","M","R","?","R","T","M","?","R","E","M","R","BOSS","R","$","E","BOSS"],"build_version":"2019-01-23","purchased_purges":1,"victory":false,"max_hp_per_floor":[75,75,75,75,75,75,75,75,75,75,75,75,75,82,82,82,82,82,82,82,82,82,82,82,82,82,82,82,82,82,82,82,82,82,82,82,82,82,82,82,82,82,82,82,82,82,82,82,82,82,82,82,82,82,82],"card_choices":[{"not_picked":["Rebound","Streamline"],"picked":"Coolheaded","floor":1},{"not_picked":["Darkness","Gash"],"picked":"Chaos","floor":5},{"not_picked":["Stack","Compile Driver"],"picked":"Tempest","floor":6},{"not_picked":["Undo","Stack"],"picked":"Hologram","floor":7},{"not_picked":["Barrage","Hologram"],"picked":"Fission","floor":8},{"not_picked":["Heatsinks","Darkness"],"picked":"Hologram","floor":12},{"not_picked":["Turbo","Gash"],"picked":"Barrage","floor":14},{"not_picked":["Rainbow","Thunder Strike"],"picked":"Seek","floor":16},{"not_picked":["Barrage","Force Field"],"picked":"Rebound+1","floor":18},{"not_picked":["Redo+1","Sweeping Beam"],"picked":"White Noise","floor":21},{"not_picked":["Gash+1","Steam+1"],"picked":"Sweeping Beam","floor":22},{"not_picked":["Streamline","Genetic Algorithm"],"picked":"Consume","floor":24},{"not_picked":["Gash+1","Redo"],"picked":"Beam Cell+1","floor":27},{"not_picked":["Steam+1","Streamline+1"],"picked":"Capacitor+1","floor":29},{"not_picked":["Genetic Algorithm","Blizzard+1"],"picked":"Leap","floor":31},{"not_picked":["Buffer","Amplify"],"picked":"Echo Form","floor":33},{"not_picked":["Genetic Algorithm","Compile Driver+1"],"picked":"Conserve Battery+1","floor":35},{"not_picked":["Rebound+1","Static Discharge"],"picked":"Compile Driver+1","floor":36},{"not_picked":["Gash+1","Turbo+1"],"picked":"Coolheaded+1","floor":38},{"not_picked":["Beam Cell+1","Stack+1"],"picked":"Sunder+1","floor":39},{"not_picked":["Leap+1","Steam Power","Coolheaded"],"picked":"SKIP","floor":44},{"not_picked":["Conserve Battery","Scrape+1"],"picked":"Loop+1","floor":45},{"not_picked":["Streamline+1","Lockon+1","Stack"],"picked":"SKIP","floor":47},{"not_picked":["Aggregate+1","Hologram"],"picked":"Electrodynamics","floor":48},{"not_picked":["Compile Driver+1","Steam"],"picked":"Stack","floor":54}],"player_experience":57475,"relics_obtained":[{"floor":6,"key":"Bronze Scales"},{"floor":11,"key":"PreservedInsect"},{"floor":14,"key":"Strawberry"},{"floor":26,"key":"Molten Egg 2"},{"floor":29,"key":"Vajra"},{"floor":38,"key":"Nunchaku"},{"floor":43,"key":"Sundial"},{"floor":47,"key":"Omamori"},{"floor":54,"key":"Dodecahedron"}],"event_choices":[{"damage_healed":0,"gold_gain":0,"player_choice":"Take Damage","damage_taken":18,"relics_obtained":["Golden Idol"],"max_hp_gain":0,"max_hp_loss":0,"event_name":"Golden Idol","floor":2,"gold_loss":0},{"damage_healed":0,"gold_gain":0,"player_choice":"Leave","damage_taken":0,"max_hp_gain":0,"max_hp_loss":0,"event_name":"The Cleric","floor":3,"gold_loss":0},{"damage_healed":0,"gold_gain":0,"player_choice":"Copied","damage_taken":0,"max_hp_gain":0,"max_hp_loss":0,"event_name":"Duplicator","floor":20,"gold_loss":0,"cards_obtained":["Seek"]},{"damage_healed":0,"gold_gain":0,"player_choice":"Rummage","damage_taken":0,"relics_obtained":["WarpedTongs"],"max_hp_gain":0,"max_hp_loss":0,"event_name":"Accursed Blacksmith","floor":25,"gold_loss":0,"cards_obtained":["Pain"]},{"damage_healed":0,"gold_gain":0,"player_choice":"Fight","damage_taken":0,"max_hp_gain":0,"max_hp_loss":0,"event_name":"MindBloom","floor":38,"gold_loss":0},{"cards_removed":["White Noise"],"damage_healed":29,"gold_gain":0,"player_choice":"Offered Uncommon","damage_taken":0,"max_hp_gain":0,"max_hp_loss":0,"event_name":"Bonfire Elementals","floor":41,"gold_loss":0}],"is_beta":false,"boss_relics":[{"not_picked":["Calling Bell","Black Star"],"picked":"Astrolabe"},{"not_picked":["Snecko Eye","Empty Cage"],"picked":"Philosopher\u0027s Stone"}],"items_purged_floors":[30],"is_endless":false,"potions_floor_spawned":[7,12,14,16,24,31,33,38,39,44,48],"killed_by":"The Heart","ascension_level":0}