{"path_per_floor":["M","M","M","?","M","R","E","?","T","R","M","M","M","M","R","B",null,"M","M","$","?","M","R","M","$","T"],"character_chosen":"IRONCLAD","items_purchased":["Mummified Hand","Flame Barrier","Disarm"],"gold_per_floor":[111,125,144,144,158,158,192,256,256,256,271,283,303,322,322,397,397,409,428,33,33,49,49,63,26,51,51],"floor_reached":27,"campfire_rested":1,"playtime":1275,"item_purchase_floors":[20,20,25],"current_hp_per_floor":[70,75,75,75,63,63,32,21,21,21,22,18,23,17,41,16,65,50,29,29,29,38,38,27,27,27,0],"items_purged":["Strike_R"],"gold":51,"score":397,"play_id":"bf049123-03a8-405a-ad50-933a8e117712","local_time":"20180528041623","is_prod":false,"is_daily":false,"chose_seed":false,"is_ascension_mode":true,"campfire_upgraded":3,"win_rate":0,"timestamp":1527477383,"campfire_choices":[{"data":"Rampage","floor":6,"key":"SMITH"},{"data":"Armaments","floor":10,"key":"SMITH"},{"floor":15,"key":"REST"},{"data":"Demon Form","floor":23,"key":"SMITH"}],"path_taken":["M","M","M","?","M","R","E","?","T","R","M","M","M","M","R","BOSS","M","M","$","?","M","R","M","$","T","M"],"build_version":"2018-05-25","seed_source_timestamp":27141314706346,"purchased_purges":1,"victory":false,"master_deck":["Defend_R","Defend_R","Defend_R","Defend_R","Bash","AscendersBane","Feel No Pain","Anger","Rampage+1","Carnage","Armaments+1","Demon Form+1","Intimidate","Exhume","Flame Barrier","Bite","Bite","Bite","Bite","Bite","Disarm"],"max_hp_per_floor":[75,75,75,75,75,75,75,75,75,75,77,79,81,81,81,81,81,83,85,85,59,61,61,63,63,63,63],"relics":["Burning Blood","Kunai","Singing Bowl","Matryoshka","Velvet Choker","Mummified Hand","Dream Catcher","Lantern"],"card_choices":[{"not_picked":["Shrug It Off","Anger"],"picked":"Feel No Pain","floor":1},{"not_picked":["Sever Soul","Body Slam"],"picked":"Anger","floor":2},{"not_picked":["Flex","Body Slam"],"picked":"Rampage","floor":3},{"not_picked":["Headbutt","Pommel Strike"],"picked":"Carnage","floor":5},{"not_picked":["Infernal Blade","Burning Pact"],"picked":"Armaments","floor":7},{"not_picked":["Spot Weakness","Thunderclap"],"picked":"Demon Form","floor":8},{"not_picked":["Flex","Wild Strike","Anger"],"picked":"Singing Bowl","floor":11},{"not_picked":["Spot Weakness","Headbutt","Entrench"],"picked":"Singing Bowl","floor":12},{"not_picked":["Clash","Dropkick","Wild Strike"],"picked":"Singing Bowl","floor":13},{"not_picked":["Dropkick","Headbutt"],"picked":"Intimidate","floor":14},{"not_picked":["Bludgeon","Dark Embrace"],"picked":"Exhume","floor":16},{"not_picked":["Flex","Shockwave","Sword Boomerang"],"picked":"Singing Bowl","floor":18},{"not_picked":["Sentinel","Clothesline","Bloodletting"],"picked":"Singing Bowl","floor":19},{"not_picked":["Clothesline","Thunderclap+1","Dual Wield"],"picked":"Singing Bowl","floor":22},{"not_picked":["Flex","Rupture","Anger"],"picked":"Singing Bowl","floor":24}],"player_experience":636294,"potions_floor_usage":[7,11,13,16,16,24],"damage_taken":[{"damage":4,"enemies":"Small Slimes","floor":1,"turns":5},{"damage":1,"enemies":"Cultist","floor":2,"turns":3},{"damage":6,"enemies":"2 Louse","floor":3,"turns":2},{"damage":18,"enemies":"Blue Slaver","floor":5,"turns":3},{"damage":37,"enemies":"Lagavulin","floor":7,"turns":8},{"damage":17,"enemies":"Gremlin Nob","floor":8,"turns":4},{"damage":7,"enemies":"Lots of Slimes","floor":11,"turns":4},{"damage":12,"enemies":"Large Slime","floor":12,"turns":4},{"damage":3,"enemies":"Blue Slaver","floor":13,"turns":3},{"damage":12,"enemies":"Looter","floor":14,"turns":4},{"damage":39,"enemies":"Hexaghost","floor":16,"turns":8},{"damage":23,"enemies":"Spheric Guardian","floor":18,"turns":5},{"damage":29,"enemies":"Chosen","floor":19,"turns":6},{"damage":13,"enemies":"Snecko","floor":22,"turns":6},{"damage":25,"enemies":"Snake Plant","floor":24,"turns":4},{"damage":45,"enemies":"3 Cultists","floor":27,"turns":7}],"relics_obtained":[{"floor":7,"key":"Kunai"},{"floor":8,"key":"Singing Bowl"},{"floor":9,"key":"Matryoshka"},{"floor":26,"key":"Dream Catcher"},{"floor":26,"key":"Lantern"}],"event_choices":[{"event_name":"Liars Game","player_choice":"disagreed","floor":4,"damage_taken":0},{"event_name":"Dead Adventurer","player_choice":"Searched \u00273\u0027 times","floor":8,"damage_taken":0},{"event_name":"Vampires","player_choice":"Became a vampire","floor":21,"damage_taken":0}],"boss_relics":[{"not_picked":["Black Blood","Philosopher\u0027s Stone"],"picked":"Velvet Choker"}],"items_purged_floors":[20],"potions_floor_spawned":[3,5,7,13,14,18,22],"seed_played":"3339249506059797346","killed_by":"3 Cultists","ascension_level":14,"potions_obtained":[{"floor":3,"key":"Explosive Potion"},{"floor":5,"key":"Swift Potion"},{"floor":7,"key":"Energy Potion"},{"floor":13,"key":"Weak Potion"},{"floor":14,"key":"BloodPotion"},{"floor":18,"key":"Energy Potion"},{"floor":22,"key":"GamblersBrew"}],"is_trial":false}