{"path_per_floor":["M","M","?","M","M","R","T","?","T","E","$","M","E","M","R","B",null,"M","M","?","$","?","R","?","R","T","E","M","R","$","E","R","B",null,"M","?","M"],"character_chosen":"IRONCLAD","items_purchased":["Happy Flower","Feed","True Grit","Bag of Preparation","Poison Potion"],"gold_per_floor":[18,31,31,50,68,68,91,191,191,229,8,27,71,90,90,214,214,230,246,196,4,4,4,4,4,4,39,64,64,16,54,54,182,182,207,207,223,223],"floor_reached":38,"campfire_rested":1,"playtime":1664,"item_purchase_floors":[11,11,21,21,30],"current_hp_per_floor":[76,69,69,74,71,71,71,71,71,58,58,64,67,73,73,53,76,68,47,47,47,47,47,47,47,47,19,25,25,25,31,56,30,71,59,49,51,0],"items_purged":[],"gold":223,"score":648,"play_id":"56672df0-113f-4e11-a3b4-4aa4fd2556d3","local_time":"20180521214658","is_prod":false,"is_daily":false,"chose_seed":false,"is_ascension_mode":true,"campfire_upgraded":2,"timestamp":1526935618,"campfire_choices":[{"floor":6,"key":"DIG"},{"floor":15,"key":"DIG"},{"data":"True Grit","floor":23,"key":"SMITH"},{"floor":25,"key":"DIG"},{"data":"Barricade","floor":29,"key":"SMITH"},{"floor":32,"key":"REST"}],"path_taken":["M","M","?","M","?","R","?","?","T","E","$","?","E","M","R","BOSS","M","M","?","$","?","R","?","R","T","E","?","R","?","E","R","BOSS","M","?","M","?"],"build_version":"2018-05-18","seed_source_timestamp":26688763443952,"purchased_purges":0,"victory":false,"master_deck":["Strike_R+1","Strike_R+1","Defend_R","Defend_R","Defend_R","Defend_R","Bash","Feel No Pain","Rampage","Anger","Hemokinesis","Clothesline","Feed","Barricade+1","Carnage","Ghostly Armor","Demon Form","Havoc+1","Reckless Charge+1","Body Slam+1","Sentinel","Power Through","True Grit+1","Seeing Red+1","Evolve","Dark Embrace","Mind Blast","Flash of Steel","Purity","Warcry+1"],"max_hp_per_floor":[80,80,74,74,74,74,74,74,74,74,74,77,84,84,84,84,84,84,84,84,84,84,84,84,84,84,84,84,84,84,84,84,84,84,84,84,87,87],"relics":["Burning Blood","Shovel","Golden Idol","Lantern","Whetstone","Anchor","Ancient Tea Set","Happy Flower","Strawberry","Letter Opener","Astrolabe","Bag of Preparation","Oddly Smooth Stone","Self Forming Clay","Question Card","Vajra","Turnip","Mark of Pain"],"card_choices":[{"not_picked":["Perfected Strike","Cleave"],"picked":"Feel No Pain","floor":1},{"not_picked":["Combust","Fire Breathing"],"picked":"Rampage","floor":2},{"not_picked":["Heavy Blade","Body Slam"],"picked":"Anger","floor":4},{"not_picked":["Twin Strike","Havoc"],"picked":"Hemokinesis","floor":5},{"not_picked":["Armaments","Infernal Blade"],"picked":"Clothesline","floor":10},{"not_picked":["Thunderclap","Warcry"],"picked":"Barricade","floor":12},{"not_picked":["Infernal Blade","Seeing Red"],"picked":"Carnage","floor":13},{"not_picked":["Anger","Pummel"],"picked":"Ghostly Armor","floor":14},{"not_picked":["Juggernaut","Fiend Fire"],"picked":"Demon Form","floor":16},{"not_picked":["Bloodletting","Pommel Strike+1"],"picked":"Sentinel","floor":18},{"not_picked":["Infernal Blade+1","Pommel Strike"],"picked":"Power Through","floor":19},{"not_picked":["Armaments","Rampage","Body Slam"],"picked":"Seeing Red+1","floor":27},{"not_picked":["Headbutt","Wild Strike","Havoc+1"],"picked":"Evolve","floor":28},{"not_picked":["Sever Soul","Blood for Blood+1","Wild Strike","Clash+1"],"picked":"SKIP","floor":31},{"not_picked":["Berserk","Fiend Fire","Barricade"],"picked":"Dark Embrace","floor":33},{"not_picked":["Sword Boomerang+1","Rupture","Iron Wave+1","Sentinel"],"picked":"SKIP","floor":35},{"not_picked":["Dramatic Entrance","Dark Shackles","Sadistic Nature"],"picked":"Mind Blast","floor":36},{"not_picked":["Magnetism","Master of Strategy","Panacea"],"picked":"Flash of Steel","floor":36},{"not_picked":["Swift Strike","Madness","Panacea"],"picked":"Purity","floor":36},{"not_picked":["Wild Strike","Iron Wave+1","Havoc+1"],"picked":"Warcry+1","floor":37}],"player_experience":584514,"potions_floor_usage":[5,10,16,16,19,31,31,33,35,38],"damage_taken":[{"damage":2,"enemies":"Small Slimes","floor":1,"turns":4},{"damage":13,"enemies":"Jaw Worm","floor":2,"turns":5},{"damage":1,"enemies":"Cultist","floor":4,"turns":3},{"damage":9,"enemies":"Red Slaver","floor":5,"turns":3},{"damage":19,"enemies":"Gremlin Nob","floor":10,"turns":3},{"damage":3,"enemies":"Exordium Thugs","floor":12,"turns":3},{"damage":10,"enemies":"Lagavulin","floor":13,"turns":8},{"damage":0,"enemies":"3 Louse","floor":14,"turns":2},{"damage":26,"enemies":"Hexaghost","floor":16,"turns":9},{"damage":14,"enemies":"2 Thieves","floor":18,"turns":4},{"damage":35,"enemies":"Shell Parasite","floor":19,"turns":7},{"damage":34,"enemies":"Book of Stabbing","floor":27,"turns":7},{"damage":0,"enemies":"Snecko","floor":28,"turns":7},{"damage":0,"enemies":"Slavers","floor":31,"turns":5},{"damage":32,"enemies":"Collector","floor":33,"turns":11},{"damage":18,"enemies":"Flame Bruiser 1 Orb","floor":35,"turns":6},{"damage":7,"enemies":"Orb Walker","floor":37,"turns":3},{"damage":51,"enemies":"Mysterious Sphere","floor":38,"turns":3}],"relics_obtained":[{"floor":6,"key":"Lantern"},{"floor":7,"key":"Whetstone"},{"floor":9,"key":"Anchor"},{"floor":10,"key":"Ancient Tea Set"},{"floor":13,"key":"Strawberry"},{"floor":15,"key":"Letter Opener"},{"floor":25,"key":"Self Forming Clay"},{"floor":26,"key":"Question Card"},{"floor":27,"key":"Vajra"},{"floor":31,"key":"Turnip"}],"event_choices":[{"event_name":"Golden Idol","player_choice":"Lose Max HP","floor":3,"damage_taken":0},{"event_name":"Golden Shrine","player_choice":"Pray","floor":8,"damage_taken":0},{"event_name":"The Joust","player_choice":"Bet on Owner","floor":20,"damage_taken":0},{"event_name":"Addict","player_choice":"Ignored","floor":22,"damage_taken":0},{"event_name":"The Mausoleum","player_choice":"Yes","floor":24,"damage_taken":0},{"event_name":"SensoryStone","player_choice":"Memory 3","floor":36,"damage_taken":0},{"event_name":"Mysterious Sphere","player_choice":"Fight","floor":38,"damage_taken":0}],"boss_relics":[{"not_picked":["Snecko Eye","Orrery"],"picked":"Astrolabe"},{"not_picked":["Runic Dome","Philosopher\u0027s Stone"],"picked":"Mark of Pain"}],"items_purged_floors":[],"potions_floor_spawned":[2,4,10,12,13,16,27,31,33,37],"seed_played":"6550879950061780121","killed_by":"Mysterious Sphere","ascension_level":9,"potions_obtained":[{"floor":2,"key":"SteroidPotion"},{"floor":4,"key":"Poison Potion"},{"floor":10,"key":"LiquidBronze"},{"floor":12,"key":"Dexterity Potion"},{"floor":13,"key":"Energy Potion"},{"floor":16,"key":"BloodPotion"},{"floor":27,"key":"SkillPotion"},{"floor":31,"key":"SpeedPotion"},{"floor":33,"key":"Fire Potion"},{"floor":37,"key":"Weak Potion"}],"is_trial":false}