{"gold_per_floor":[116,127,127,137,137,137,161,161,214,231,242,242,269,282,282,384,384,404,404,417,417,430,430,461,461,461,252,252,263,263,263,263,263],"floor_reached":33,"playtime":1524,"items_purged":[],"score":317,"play_id":"9115f0b0-c804-4843-a56a-5d43052e96da","local_time":"20190701100344","is_ascension_mode":true,"campfire_choices":[{"data":"Bash","floor":6,"key":"SMITH"},{"data":"Twin Strike","floor":8,"key":"SMITH"},{"data":"Shockwave","floor":12,"key":"SMITH"},{"data":"Battle Trance","floor":15,"key":"SMITH"},{"data":"Fiend Fire","floor":23,"key":"SMITH"},{"data":"Disarm","floor":30,"key":"SMITH"},{"floor":32,"key":"REST"}],"neow_cost":"NONE","seed_source_timestamp":432117155345700,"circlet_count":0,"master_deck":["Defend_R","Defend_R","Defend_R","Defend_R","Bash+1","Twin Strike+1","Shrug It Off","Shockwave+1","Battle Trance+1","Shrug It Off","Fiend Fire+1","Disarm+1","Fiend Fire+1","Bite","Bite","Bite","Bite","Bite","Warcry+1"],"relics":["Burning Blood","Dream Catcher","Art of War","Whetstone","Sundial","Sozu","Juzu Bracelet","Charon\u0027s Ashes","Membership Card"],"potions_floor_usage":[33],"damage_taken":[{"damage":1,"enemies":"Cultist","floor":1,"turns":3},{"damage":7,"enemies":"Small Slimes","floor":2,"turns":4},{"damage":8,"enemies":"Jaw Worm","floor":4,"turns":5},{"damage":11,"enemies":"3 Louse","floor":10,"turns":3},{"damage":5,"enemies":"Red Slaver","floor":11,"turns":3},{"damage":8,"enemies":"Lagavulin","floor":13,"turns":7},{"damage":4,"enemies":"Blue Slaver","floor":14,"turns":4},{"damage":41,"enemies":"The Guardian","floor":16,"turns":11},{"damage":12,"enemies":"2 Thieves","floor":18,"turns":4},{"damage":3,"enemies":"Chosen","floor":20,"turns":4},{"damage":4,"enemies":"Centurion and Healer","floor":22,"turns":5},{"damage":29,"enemies":"Book of Stabbing","floor":24,"turns":8},{"damage":4,"enemies":"Chosen and Byrds","floor":29,"turns":3},{"damage":94,"enemies":"Champ","floor":33,"turns":18}],"seed_played":"-6461452088157686123","potions_obtained":[{"floor":10,"key":"Swift Potion"},{"floor":11,"key":"GamblersBrew"},{"floor":13,"key":"SteroidPotion"},{"floor":16,"key":"Fire Potion"}],"is_trial":false,"path_per_floor":["M","M","?","M","?","R","T","R","T","M","M","R","E","M","R","B",null,"M","?","M","?","M","R","E","?","T","$","?","M","R","?","R","B"],"character_chosen":"IRONCLAD","items_purchased":["Membership Card"],"campfire_rested":1,"item_purchase_floors":[27],"current_hp_per_floor":[80,79,76,74,74,74,74,74,74,69,70,70,68,70,70,35,80,74,74,77,77,79,79,56,56,56,56,56,56,56,56,56,0],"gold":263,"neow_bonus":"THREE_CARDS","is_prod":false,"is_daily":false,"chose_seed":false,"campfire_upgraded":6,"win_rate":0,"timestamp":1561943024,"path_taken":["M","M","?","M","?","R","?","R","T","M","M","R","E","M","R","BOSS","M","?","?","?","?","R","E","?","T","$","?","M","R","?","R","BOSS"],"build_version":"2019-01-23","purchased_purges":0,"victory":false,"max_hp_per_floor":[80,80,80,80,80,80,80,80,80,80,80,80,80,80,80,80,80,80,80,80,80,80,80,80,56,56,56,56,56,56,56,56,56],"card_choices":[{"not_picked":["Sword Boomerang","Sentinel"],"picked":"Twin Strike","floor":0},{"not_picked":["Havoc","Cleave","Carnage"],"picked":"SKIP","floor":1},{"not_picked":["Wild Strike","Evolve","Feel No Pain"],"picked":"SKIP","floor":2},{"not_picked":["Carnage","Seeing Red"],"picked":"Shrug It Off","floor":4},{"not_picked":["Heavy Blade","Berserk"],"picked":"Shockwave","floor":10},{"not_picked":["Feel No Pain","Combust","Reckless Charge"],"picked":"SKIP","floor":11},{"not_picked":["Dual Wield","Sever Soul"],"picked":"Battle Trance","floor":13},{"not_picked":["Thunderclap","Power Through"],"picked":"Shrug It Off","floor":14},{"not_picked":["Bludgeon","Immolate"],"picked":"Fiend Fire","floor":16},{"not_picked":["Anger","Armaments"],"picked":"Disarm","floor":18},{"not_picked":["Clash","Anger+1","Warcry"],"picked":"SKIP","floor":20},{"not_picked":["True Grit","Spot Weakness","Bloodletting"],"picked":"SKIP","floor":22},{"not_picked":["Clothesline","Fire Breathing","Sword Boomerang"],"picked":"SKIP","floor":24},{"not_picked":["Blood for Blood","Uppercut+1"],"picked":"Warcry+1","floor":29}],"player_experience":83942,"relics_obtained":[{"floor":7,"key":"Art of War"},{"floor":9,"key":"Whetstone"},{"floor":13,"key":"Sundial"},{"floor":24,"key":"Juzu Bracelet"},{"floor":26,"key":"Charon\u0027s Ashes"}],"event_choices":[{"damage_healed":0,"gold_gain":0,"player_choice":"Success","damage_taken":3,"relics_obtained":["Dream Catcher"],"max_hp_gain":0,"max_hp_loss":0,"event_name":"Scrap Ooze","floor":3,"gold_loss":0},{"damage_healed":0,"gold_gain":0,"player_choice":"Ignored","damage_taken":0,"max_hp_gain":0,"max_hp_loss":0,"event_name":"Liars Game","floor":5,"gold_loss":0},{"damage_healed":0,"gold_gain":0,"player_choice":"Copied","damage_taken":0,"max_hp_gain":0,"max_hp_loss":0,"event_name":"Duplicator","floor":19,"gold_loss":0,"cards_obtained":["Fiend Fire"]},{"damage_healed":0,"gold_gain":0,"player_choice":"Bought 0 Potions","damage_taken":0,"max_hp_gain":0,"max_hp_loss":0,"event_name":"The Woman in Blue","floor":21,"gold_loss":0},{"damage_healed":0,"gold_gain":0,"player_choice":"Became a vampire","damage_taken":0,"max_hp_gain":0,"max_hp_loss":24,"event_name":"Vampires","floor":25,"gold_loss":0,"cards_obtained":["Bite","Bite","Bite","Bite","Bite"]},{"damage_healed":0,"gold_gain":0,"player_choice":"Forge","damage_taken":0,"max_hp_gain":0,"max_hp_loss":0,"event_name":"Accursed Blacksmith","floor":28,"gold_loss":0,"cards_upgraded":["Fiend Fire"]},{"damage_healed":0,"gold_gain":0,"player_choice":"Ignored","damage_taken":0,"max_hp_gain":0,"max_hp_loss":0,"event_name":"N\u0027loth","floor":31,"gold_loss":0}],"is_beta":false,"boss_relics":[{"not_picked":["Runic Pyramid","Tiny House"],"picked":"Sozu"}],"items_purged_floors":[],"is_endless":false,"potions_floor_spawned":[10,11,13,14,16,18,24,29],"killed_by":"Champ","ascension_level":2}