{"gold_per_floor":[117,128,128,128,152,152,185,185,185,220,295,313,313,313,313,409,409,427,450,450,450,470,470,470],"floor_reached":24,"playtime":724,"items_purged":[],"score":408,"play_id":"0fb82d01-5a18-4db3-8e8c-af875f1e971c","local_time":"20190815013314","is_ascension_mode":true,"campfire_choices":[{"data":"Bash","floor":6.0,"key":"SMITH"},{"data":"Pommel Strike","floor":8.0,"key":"SMITH"},{"floor":13.0,"key":"REST"},{"floor":15.0,"key":"REST"},{"floor":23.0,"key":"REST"}],"neow_cost":"NONE","seed_source_timestamp":505460292515100,"circlet_count":0,"master_deck":["AscendersBane","Strike_R+1","Strike_R+1","Strike_R+1","Strike_R+1","Strike_R+1","Defend_R+1","Defend_R+1","Defend_R+1","Defend_R+1","Bash+1","Anger","Twin Strike","Shrug It Off","Pommel Strike+1","Clothesline","Berserk+1","Immolate","Corruption+1","Pummel","Feel No Pain+1"],"special_seed":0,"relics":["Burning Blood","Bloody Idol","Bag of Preparation","Question Card","Frozen Egg 2","Black Star"],"potions_floor_usage":[24],"damage_taken":[{"damage":6.0,"enemies":"2 Louse","floor":1.0,"turns":3.0},{"damage":9.0,"enemies":"Jaw Worm","floor":2.0,"turns":4.0},{"damage":5.0,"enemies":"Small Slimes","floor":5.0,"turns":4.0},{"damage":32.0,"enemies":"Gremlin Nob","floor":7.0,"turns":4.0},{"damage":31.0,"enemies":"Lagavulin","floor":10.0,"turns":6.0},{"damage":0.0,"enemies":"2 Fungi Beasts","floor":12.0,"turns":3.0},{"damage":33.0,"enemies":"Slime Boss","floor":16.0,"turns":8.0},{"damage":21.0,"enemies":"Spheric Guardian","floor":18.0,"turns":4.0},{"damage":30.0,"enemies":"3 Byrds","floor":19.0,"turns":5.0},{"damage":12.0,"enemies":"Centurion and Healer","floor":22.0,"turns":7.0},{"damage":48,"enemies":"Slavers","floor":24,"turns":3}],"seed_played":"6338658009144615449","potions_obtained":[{"floor":0.0,"key":"Poison Potion"},{"floor":0.0,"key":"LiquidBronze"},{"floor":12.0,"key":"Explosive Potion"},{"floor":19.0,"key":"SpeedPotion"},{"floor":22.0,"key":"PowerPotion"}],"is_trial":false,"path_per_floor":["M","M","?","?","M","R","E","R","T","E","?","M","R","?","R","B",null,"M","M","?","?","M","R","E"],"character_chosen":"IRONCLAD","items_purchased":[],"campfire_rested":3,"item_purchase_floors":[],"current_hp_per_floor":[68,65,70,70,71,71,45,45,45,20,9,15,36,14,35,8,56,41,17,17,17,16,37,0],"gold":470,"neow_bonus":"THREE_SMALL_POTIONS","is_prod":false,"is_daily":false,"chose_seed":false,"campfire_upgraded":2,"win_rate":0,"timestamp":1565829194,"path_taken":["M","M","?","?","M","R","E","R","T","E","?","M","R","?","R","BOSS","M","M","?","?","?","R","E"],"build_version":"2019-07-18","purchased_purges":0,"victory":false,"max_hp_per_floor":[75,75,80,72,72,72,72,72,72,72,72,72,72,72,72,72,72,72,72,72,72,72,72,72],"card_choices":[{"not_picked":["Warcry","Cleave"],"picked":"Anger","floor":1.0},{"not_picked":["Bloodletting","Shrug It Off"],"picked":"Twin Strike","floor":2.0},{"not_picked":["Perfected Strike","Searing Blow"],"picked":"Shrug It Off","floor":5.0},{"not_picked":["Clash","Dual Wield"],"picked":"Pommel Strike","floor":7.0},{"not_picked":["Reckless Charge","Dropkick","Perfected Strike"],"picked":"Clothesline","floor":10.0},{"not_picked":["Havoc","Second Wind","Wild Strike"],"picked":"Berserk+1","floor":12.0},{"not_picked":["Reaper","Juggernaut+1","Exhume"],"picked":"Immolate","floor":16.0},{"not_picked":["Havoc","Burning Pact+1","Armaments"],"picked":"Corruption+1","floor":18.0},{"not_picked":["Uppercut","Headbutt","Perfected Strike"],"picked":"Pummel","floor":19.0},{"not_picked":["Bloodletting","Havoc","Iron Wave"],"picked":"Feel No Pain+1","floor":22.0}],"player_experience":2321128,"relics_obtained":[{"floor":7.0,"key":"Bag of Preparation"},{"floor":9.0,"key":"Question Card"},{"floor":10.0,"key":"Frozen Egg 2"}],"event_choices":[{"damage_healed":0.0,"max_hp_gain":5.0,"max_hp_loss":0.0,"gold_gain":0.0,"event_name":"Big Fish","player_choice":"Donut","floor":3.0,"gold_loss":0.0,"damage_taken":0.0},{"damage_healed":0.0,"max_hp_gain":0.0,"max_hp_loss":8.0,"gold_gain":0.0,"event_name":"Golden Idol","player_choice":"Lose Max HP","floor":4.0,"gold_loss":0.0,"damage_taken":0.0,"relics_obtained":["Golden Idol"]},{"damage_healed":0.0,"max_hp_gain":0.0,"max_hp_loss":0.0,"gold_gain":75.0,"event_name":"World of Goop","player_choice":"Gather Gold","floor":11.0,"gold_loss":0.0,"damage_taken":11.0},{"damage_healed":0.0,"max_hp_gain":0.0,"max_hp_loss":0.0,"gold_gain":0.0,"event_name":"Shining Light","player_choice":"Entered Light","floor":14.0,"gold_loss":0.0,"damage_taken":22.0,"cards_upgraded":["Strike_R","Strike_R"]},{"damage_healed":0.0,"max_hp_gain":0.0,"max_hp_loss":0.0,"gold_gain":0.0,"event_name":"Back to Basics","player_choice":"Simplicity","floor":20.0,"gold_loss":0.0,"damage_taken":0.0,"cards_upgraded":["Strike_R","Strike_R","Strike_R","Defend_R","Defend_R","Defend_R","Defend_R"]},{"damage_healed":0.0,"max_hp_gain":0.0,"max_hp_loss":0.0,"gold_gain":0.0,"event_name":"Forgotten Altar","player_choice":"Gave Idol","floor":21.0,"relics_lost":["Golden Idol"],"gold_loss":0.0,"damage_taken":0.0,"relics_obtained":["Bloody Idol"]}],"is_beta":true,"boss_relics":[{"not_picked":["Tiny House","Runic Dome"],"picked":"Black Star"}],"items_purged_floors":[],"is_endless":false,"potions_floor_spawned":[5,12,19,22],"killed_by":"Slavers","ascension_level":20}