{"gold_per_floor":[115,39,39,51,51,51,70,70,70,89,101,101,114,114,114,213,513,529,529,121,135,135,135,153,153],"floor_reached":25,"playtime":2472,"items_purged":[],"score":193,"play_id":"c0b876fe-795c-4a73-9fc7-54ebba9e28e4","local_time":"20190810145806","is_ascension_mode":false,"campfire_choices":[{"data":"Skewer","floor":6,"key":"SMITH"},{"floor":15,"key":"REST"},{"floor":23,"key":"REST"}],"neow_cost":"NONE","seed_source_timestamp":1690394826406900,"circlet_count":0,"master_deck":["Strike_G","Strike_G","Strike_G","Strike_G+1","Strike_G","Defend_G","Defend_G","Defend_G","Defend_G","Defend_G","Survivor","Neutralize","Skewer+1","Choke","Regret","Deflect","Flying Knee","Night Terror+1","Noxious Fumes","Backflip","Bullet Time","Decay","Writhe","Injury","Backflip+1","Well Laid Plans","Chrysalis","Doppelganger","Slice","Distraction","Choke+1"],"relics":["Ring of the Snake","Vajra","FaceOfCleric","Boot","Ninja Scroll","Calling Bell","Question Card","Old Coin","Nloth\u0027s Gift"],"potions_floor_usage":[25,25],"damage_taken":[{"damage":8,"enemies":"Jaw Worm","floor":1,"turns":4},{"damage":11,"enemies":"2 Louse","floor":4,"turns":2},{"damage":0,"enemies":"Cultist","floor":7,"turns":2},{"damage":5,"enemies":"2 Fungi Beasts","floor":10,"turns":3},{"damage":13,"enemies":"Gremlin Gang","floor":11,"turns":6},{"damage":2,"enemies":"Exordium Wildlife","floor":13,"turns":2},{"damage":23,"enemies":"Slime Boss","floor":16,"turns":10},{"damage":12,"enemies":"2 Thieves","floor":18,"turns":3},{"damage":50,"enemies":"Chosen","floor":21,"turns":7},{"damage":46,"enemies":"Centurion and Healer","floor":24,"turns":7},{"damage":29,"enemies":"3 Cultists","floor":25,"turns":5}],"seed_played":"-3575450981311424209","potions_obtained":[{"floor":1,"key":"EssenceOfSteel"},{"floor":4,"key":"GamblersBrew"},{"floor":13,"key":"GamblersBrew"},{"floor":16,"key":"FairyPotion"},{"floor":18,"key":"Regen Potion"},{"floor":21,"key":"PowerPotion"}],"is_trial":false,"path_per_floor":["M","$","?","M","?","R","M","?","T","M","M","T","M","?","R","B",null,"M","?","$","M","?","R","M","M"],"character_chosen":"THE_SILENT","items_purchased":["Choke","Well Laid Plans","Chrysalis","Doppelganger","Slice"],"campfire_rested":2,"item_purchase_floors":[2,20,20,20,20],"current_hp_per_floor":[69,69,69,58,58,58,58,58,58,54,42,42,41,25,49,27,81,70,70,70,23,23,47,2,0],"gold":153,"neow_bonus":"TEN_PERCENT_HP_BONUS","is_prod":false,"is_daily":false,"chose_seed":false,"campfire_upgraded":1,"win_rate":0.0,"timestamp":1565474286,"path_taken":["M","$","?","M","?","R","?","?","T","M","?","?","M","?","R","BOSS","M","?","$","M","?","R","M","M"],"build_version":"2019-07-17","purchased_purges":0,"victory":false,"max_hp_per_floor":[77,77,77,77,77,77,77,77,77,78,79,79,80,80,80,81,81,82,82,82,83,83,83,84,84],"card_choices":[{"not_picked":["Underhanded Strike","Acrobatics"],"picked":"Skewer","floor":1},{"not_picked":["Blade Dance","Slice"],"picked":"Deflect","floor":4},{"not_picked":["Outmaneuver","Dagger Throw"],"picked":"Flying Knee","floor":7},{"not_picked":["Deadly Poison","Acrobatics"],"picked":"Night Terror","floor":10},{"not_picked":["Deflect","Deadly Poison"],"picked":"Noxious Fumes","floor":11},{"not_picked":["Well Laid Plans","Flying Knee"],"picked":"Backflip","floor":13},{"not_picked":["Tools of the Trade","Burst"],"picked":"Bullet Time","floor":16},{"not_picked":["Slice","Outmaneuver","Tactician"],"picked":"Backflip+1","floor":18},{"not_picked":["Terror","Choke","Endless Agony"],"picked":"Distraction","floor":21},{"not_picked":["Blade Dance","Footwork+1","Dodge and Roll+1"],"picked":"Choke+1","floor":24}],"player_experience":6136,"relics_obtained":[{"floor":9,"key":"Boot"},{"floor":12,"key":"Ninja Scroll"},{"floor":17,"key":"Blood Vial"},{"floor":17,"key":"Question Card"},{"floor":17,"key":"Old Coin"}],"event_choices":[{"damage_healed":0,"gold_gain":0,"player_choice":"Box","damage_taken":0,"relics_obtained":["Vajra"],"max_hp_gain":0,"max_hp_loss":0,"event_name":"Big Fish","floor":3,"gold_loss":0,"cards_obtained":["Regret"]},{"damage_healed":0,"gold_gain":0,"player_choice":"Ignored","damage_taken":0,"max_hp_gain":0,"max_hp_loss":0,"event_name":"Purifier","floor":5,"gold_loss":0},{"damage_healed":0,"gold_gain":0,"player_choice":"Trade","damage_taken":0,"relics_obtained":["FaceOfCleric"],"max_hp_gain":0,"max_hp_loss":0,"event_name":"FaceTrader","floor":8,"gold_loss":0},{"damage_healed":0,"gold_gain":0,"player_choice":"Entered Light","damage_taken":16,"max_hp_gain":0,"max_hp_loss":0,"event_name":"Shining Light","floor":14,"gold_loss":0,"cards_upgraded":["Strike_G","Night Terror"]},{"damage_healed":0,"gold_gain":0,"player_choice":"Ignored","damage_taken":0,"max_hp_gain":0,"max_hp_loss":0,"event_name":"Ghosts","floor":19,"gold_loss":0},{"damage_healed":0,"gold_gain":0,"player_choice":"Traded Relic","damage_taken":0,"relics_obtained":["Nloth\u0027s Gift"],"max_hp_gain":0,"max_hp_loss":0,"event_name":"N\u0027loth","floor":22,"relics_lost":["Blood Vial"],"gold_loss":0}],"is_beta":false,"boss_relics":[{"not_picked":["HoveringKite","Eternal Feather"],"picked":"Calling Bell"}],"items_purged_floors":[],"is_endless":false,"potions_floor_spawned":[1,4,13,16,18,21],"killed_by":"3 Cultists","ascension_level":0}