{"gold_per_floor":[109,109,25,25,39,189,189,201,201,126,152,229,263,283,283,361,361,361,361,19,19,19,19,19,19,19,19],"floor_reached":27,"playtime":985,"items_purged":["Doubt","Strike_R"],"score":446,"play_id":"4d493fc7-6b80-4712-a254-fe869a82d31e","local_time":"20181001230643","is_ascension_mode":true,"campfire_choices":[{"data":"Bash","floor":7.0,"key":"SMITH"},{"data":"Demon Form","floor":15.0,"key":"SMITH"},{"floor":23.0,"key":"REST"}],"neow_cost":"","seed_source_timestamp":0,"circlet_count":0,"master_deck":["Strike_R","Strike_R","Strike_R","Strike_R","Defend_R","Defend_R","Defend_R","Defend_R","Bash+1","AscendersBane","Iron Wave","Inflame","Clothesline","Twin Strike","Sword Boomerang","Demon Form+1","Reaper","Whirlwind","Flame Barrier","Feed"],"special_seed":0,"relics":["Burning Blood","Vajra","Mercury Hourglass","Kunai","Matryoshka","Ectoplasm","Letter Opener"],"potions_floor_usage":[25],"damage_taken":[{"damage":13.0,"enemies":"Jaw Worm","floor":1.0,"turns":6.0},{"damage":7.0,"enemies":"Small Slimes","floor":5.0,"turns":3.0},{"damage":3.0,"enemies":"2 Louse","floor":8.0,"turns":3.0},{"damage":10.0,"enemies":"3 Sentries","floor":11.0,"turns":5.0},{"damage":6.0,"enemies":"Gremlin Nob","floor":13.0,"turns":3.0},{"damage":10.0,"enemies":"Large Slime","floor":14.0,"turns":5.0},{"damage":12.0,"enemies":"Hexaghost","floor":16.0,"turns":8.0},{"damage":12.0,"enemies":"Chosen","floor":18.0,"turns":5.0},{"damage":36.0,"enemies":"3 Byrds","floor":19.0,"turns":4.0},{"damage":41.0,"enemies":"Snake Plant","floor":21.0,"turns":5.0},{"damage":27.0,"enemies":"Sentry and Sphere","floor":24.0,"turns":5.0},{"damage":23,"enemies":"3 Cultists","floor":25,"turns":5},{"damage":14,"enemies":"Book of Stabbing","floor":27,"turns":2}],"seed_played":"2413456939366120911","potions_obtained":[{"floor":1.0,"key":"SpeedPotion"},{"floor":5.0,"key":"Fire Potion"},{"floor":16.0,"key":"Weak Potion"},{"floor":19.0,"key":"Fire Potion"}],"is_trial":false,"path_per_floor":["M","?","$","?","M","?","R","M","T","$","E","?","E","M","R","B",null,"M","M","$","M","?","R","M","M","T"],"character_chosen":"IRONCLAD","items_purchased":["Inflame","Flame Barrier","Feed"],"campfire_rested":1,"item_purchase_floors":[3,20,20],"current_hp_per_floor":[61,35,35,40,39,39,39,42,42,42,38,38,38,34,34,28,67,73,43,43,13,13,37,16,14,14,0],"gold":19,"neow_bonus":"","is_prod":false,"is_daily":false,"chose_seed":false,"campfire_upgraded":2,"win_rate":0,"timestamp":1538431603,"path_taken":["M","?","$","?","M","?","R","?","T","$","E","?","E","M","R","BOSS","M","M","$","M","?","R","M","M","T","E"],"build_version":"2018-09-27","purchased_purges":2,"victory":false,"max_hp_per_floor":[75,75,75,80,80,80,80,80,80,80,80,80,80,80,80,80,80,80,80,80,80,80,80,80,80,80,80],"card_choices":[{"not_picked":["Bloodletting","Havoc"],"picked":"Iron Wave","floor":1.0},{"not_picked":["Sever Soul","Perfected Strike"],"picked":"Clothesline","floor":5.0},{"not_picked":["Pommel Strike","Wild Strike"],"picked":"Twin Strike","floor":8.0},{"not_picked":["Sever Soul","Dual Wield"],"picked":"Sword Boomerang","floor":11.0},{"not_picked":["Second Wind","Sever Soul"],"picked":"Demon Form","floor":13.0},{"not_picked":["Clash","Clothesline","Entrench"],"picked":"SKIP","floor":14.0},{"not_picked":["Exhume","Feed"],"picked":"Reaper","floor":16.0},{"not_picked":["Armaments+1","Sword Boomerang"],"picked":"Whirlwind","floor":18.0},{"not_picked":["Warcry","Armaments","Evolve"],"picked":"SKIP","floor":19.0},{"not_picked":["Thunderclap+1","Perfected Strike","Rupture"],"picked":"SKIP","floor":21.0},{"not_picked":["Carnage+1","Dropkick","Flex"],"picked":"SKIP","floor":24.0},{"not_picked":["Body Slam","Hemokinesis","Flex"],"picked":"SKIP","floor":25}],"player_experience":1374916,"relics_obtained":[{"floor":9.0,"key":"Mercury Hourglass"},{"floor":11.0,"key":"Kunai"},{"floor":13.0,"key":"Matryoshka"},{"floor":26,"key":"Letter Opener"}],"event_choices":[{"event_name":"Scrap Ooze","player_choice":"success","floor":2.0,"damage_taken":26.0},{"event_name":"Big Fish","player_choice":"Donut","floor":4.0,"damage_taken":0.0},{"event_name":"Liars Game","player_choice":"agreed","floor":6.0,"damage_taken":0.0},{"event_name":"Golden Wing","player_choice":"Gained Gold","floor":12.0,"damage_taken":0.0},{"event_name":"Nest","player_choice":"Stole From Cult","floor":22.0,"damage_taken":0.0}],"is_beta":true,"boss_relics":[{"not_picked":["Calling Bell","Runic Cube"],"picked":"Ectoplasm"}],"items_purged_floors":[10,20],"is_endless":false,"potions_floor_spawned":[1,5,16,19],"killed_by":"Book of Stabbing","ascension_level":20}