{"gold_per_floor":[365,380,380,380,391,391,417,429,452,452,452,19,45,59,59,131,131,141,28,28,46,66,66,85,110,110,138,138,150,150,170,170,241,241,252,267,277,186,200,200,228,239,265,297,334,346,388,414,426,438,450,462,474,52,87,87],"floor_reached":56,"playtime":3446,"items_purged":["Strike_B","Ball Lightning","Defend_B"],"score":2057,"play_id":"531bf608-ad94-43ad-8ed6-b96cc1d12b0f","local_time":"20190809015618","is_ascension_mode":true,"campfire_choices":[{"data":"Doom and Gloom","floor":6,"key":"SMITH"},{"floor":10,"key":"REST"},{"data":"Defragment","floor":15,"key":"SMITH"},{"data":"Electrodynamics","floor":23,"key":"SMITH"},{"data":"Self Repair","floor":28,"key":"SMITH"},{"data":"Go for the Eyes","floor":30,"key":"SMITH"},{"data":"Coolheaded","floor":32,"key":"SMITH"},{"data":"Zap","floor":40,"key":"SMITH"},{"floor":46,"key":"RECALL"},{"data":"Biased Cognition","floor":49,"key":"SMITH"},{"data":"Coolheaded","floor":53,"key":"SMITH"}],"neow_cost":"TEN_PERCENT_HP_LOSS","seed_source_timestamp":198977487453300,"circlet_count":0,"master_deck":["AscendersBane","Defend_B+1","Defend_B","Defend_B","Zap+1","Dualcast+1","Compile Driver","Doom and Gloom+1","Cold Snap","Compile Driver","Defragment+1","White Noise","Electrodynamics+1","Go for the Eyes+1","Conserve Battery","Compile Driver","Chill","Coolheaded+1","Force Field+1","Self Repair+1","White Noise+1","All For One","Gash+1","Coolheaded+1","Genetic Algorithm","Biased Cognition+1","Steam","Stack+1","Glacier","White Noise","BootSequence+1"],"relics":["Cracked Core","Oddly Smooth Stone","Anchor","Vajra","Membership Card","Letter Opener","Lantern","Coffee Dripper","OrangePellets","Matryoshka","Centennial Puzzle","Pear","Sundial","Runic Pyramid","Bronze Scales","MawBank","Ancient Tea Set","Bag of Marbles","Bag of Preparation","Pen Nib","Chemical X","War Paint"],"potions_floor_usage":[25,45,49,56,56],"damage_taken":[{"damage":2,"enemies":"Cultist","floor":1,"turns":4},{"damage":4,"enemies":"Jaw Worm","floor":2,"turns":4},{"damage":0,"enemies":"2 Louse","floor":5,"turns":1},{"damage":22,"enemies":"Lagavulin","floor":7,"turns":5},{"damage":1,"enemies":"Exordium Thugs","floor":8,"turns":3},{"damage":11,"enemies":"3 Sentries","floor":13,"turns":5},{"damage":0,"enemies":"Lots of Slimes","floor":14,"turns":2},{"damage":7,"enemies":"The Guardian","floor":16,"turns":10},{"damage":12,"enemies":"Spheric Guardian","floor":18,"turns":4},{"damage":12,"enemies":"2 Thieves","floor":21,"turns":2},{"damage":1,"enemies":"Snecko","floor":22,"turns":3},{"damage":2,"enemies":"Snake Plant","floor":24,"turns":3},{"damage":5,"enemies":"Slavers","floor":25,"turns":4},{"damage":0,"enemies":"Gremlin Leader","floor":27,"turns":5},{"damage":10,"enemies":"Centurion and Healer","floor":29,"turns":2},{"damage":0,"enemies":"Chosen and Byrds","floor":31,"turns":4},{"damage":42,"enemies":"Automaton","floor":33,"turns":11},{"damage":0,"enemies":"Orb Walker","floor":35,"turns":3},{"damage":0,"enemies":"3 Shapes","floor":36,"turns":3},{"damage":3,"enemies":"Sphere and 2 Shapes","floor":37,"turns":4},{"damage":2,"enemies":"Writhing Mass","floor":39,"turns":5},{"damage":49,"enemies":"Giant Head","floor":41,"turns":10},{"damage":0,"enemies":"Jaw Worm Horde","floor":42,"turns":4},{"damage":21,"enemies":"4 Shapes","floor":44,"turns":3},{"damage":1,"enemies":"Reptomancer","floor":45,"turns":6},{"damage":0,"enemies":"Nemesis","floor":47,"turns":7},{"damage":16,"enemies":"3 Darklings","floor":48,"turns":9},{"damage":23,"enemies":"Time Eater","floor":50,"turns":11},{"damage":12,"enemies":"Awakened One","floor":51,"turns":16},{"damage":7,"enemies":"Shield and Spear","floor":55,"turns":6},{"damage":79,"enemies":"The Heart","floor":56,"turns":11}],"seed_played":"982624921229124559","potions_obtained":[{"floor":8,"key":"SteroidPotion"},{"floor":13,"key":"Regen Potion"},{"floor":14,"key":"PowerPotion"},{"floor":25,"key":"FocusPotion"},{"floor":29,"key":"Regen Potion"},{"floor":45,"key":"Dexterity Potion"},{"floor":48,"key":"Fruit Juice"}],"is_trial":false,"path_per_floor":["M","M","?","?","M","R","E","M","T","R","?","$","E","M","R","B",null,"M","$","?","M","M","R","M","E","T","E","R","M","R","M","R","B",null,"M","M","M","$","M","R","E","M","T","M","E","R","E","M","R","B","B",null,"R","$","E","B"],"character_chosen":"DEFECT","items_purchased":["Membership Card","Defragment","Letter Opener","OrangePellets","Genetic Algorithm","Bag of Preparation","Glacier","PowerPotion","Pen Nib","White Noise","Chemical X"],"campfire_rested":1,"item_purchase_floors":[12,12,12,19,38,54,54,54,54,54,54],"current_hp_per_floor":[62,58,51,46,46,46,24,23,23,42,42,42,31,31,31,24,54,42,42,42,30,29,29,27,34,44,44,44,34,34,44,44,12,59,69,74,74,74,74,74,35,45,45,34,58,58,68,72,77,64,72,77,77,77,79,0],"gold":87,"neow_bonus":"TWO_FIFTY_GOLD","is_prod":false,"is_daily":false,"chose_seed":false,"campfire_upgraded":9,"win_rate":0,"timestamp":1565312178,"path_taken":["M","M","?","?","M","R","E","M","T","R","?","$","E","M","R","BOSS","M","$","?","M","M","R","M","E","T","E","R","M","R","M","R","BOSS","M","?","M","$","M","R","E","M","T","M","E","R","E","M","R","BOSS","BOSS","R","$","E","BOSS"],"build_version":"2019-07-18","purchased_purges":3,"victory":false,"max_hp_per_floor":[64,64,64,64,64,64,64,64,64,64,64,64,64,64,64,64,64,64,64,64,64,64,64,64,64,74,74,74,74,74,74,74,74,74,74,74,74,74,74,74,74,74,74,74,74,74,74,74,79,79,79,79,79,79,79,79],"card_choices":[{"not_picked":["Coolheaded","Streamline"],"picked":"Compile Driver","floor":1},{"not_picked":["Cold Snap","Hologram"],"picked":"Doom and Gloom","floor":2},{"not_picked":["Hologram","Recycle"],"picked":"Ball Lightning","floor":5},{"not_picked":["Sunder","Beam Cell"],"picked":"Cold Snap","floor":7},{"not_picked":["Streamline","Steam"],"picked":"Compile Driver","floor":8},{"not_picked":["Fusion","Rebound","Blizzard"],"picked":"SKIP","floor":13},{"not_picked":["Streamline","Coolheaded"],"picked":"White Noise","floor":14},{"not_picked":["Thunder Strike","Hyperbeam"],"picked":"Electrodynamics","floor":16},{"not_picked":["Beam Cell","Stack"],"picked":"Go for the Eyes","floor":18},{"not_picked":["Leap","Rebound"],"picked":"Compile Driver","floor":21},{"not_picked":["Reinforced Body+1","Stack"],"picked":"Chill","floor":22},{"not_picked":["Ball Lightning","Undo"],"picked":"Coolheaded","floor":24},{"not_picked":["Aggregate","Go for the Eyes"],"picked":"Force Field+1","floor":25},{"not_picked":["Tempest","Electrodynamics"],"picked":"Self Repair","floor":27},{"not_picked":["Scrape","Barrage"],"picked":"White Noise+1","floor":29},{"not_picked":["Stack","Double Energy","Compile Driver"],"picked":"SKIP","floor":31},{"not_picked":["Hyperbeam","Core Surge"],"picked":"All For One","floor":33},{"not_picked":["Rebound+1","FTL"],"picked":"Gash+1","floor":35},{"not_picked":["Cold Snap","Heatsinks","Aggregate"],"picked":"SKIP","floor":36},{"not_picked":["Melter","Cold Snap"],"picked":"Coolheaded","floor":37},{"not_picked":["Sweeping Beam","Ball Lightning","Consume+1"],"picked":"SKIP","floor":39},{"not_picked":["Leap","Core Surge"],"picked":"Biased Cognition","floor":41},{"not_picked":["Compile Driver","Skim","Undo+1"],"picked":"SKIP","floor":42},{"not_picked":["Aggregate","Rebound","Scrape"],"picked":"SKIP","floor":44},{"not_picked":["Gash","Rebound"],"picked":"Steam","floor":45},{"not_picked":["Conserve Battery","Tempest+1"],"picked":"Stack+1","floor":47},{"not_picked":["Skim","Barrage","Beam Cell"],"picked":"SKIP","floor":48},{"not_picked":["Hologram","Redo+1"],"picked":"BootSequence+1","floor":55}],"player_experience":2292574,"relics_obtained":[{"floor":7,"key":"Anchor"},{"floor":9,"key":"Vajra"},{"floor":13,"key":"Lantern"},{"floor":25,"key":"Matryoshka"},{"floor":26,"key":"Centennial Puzzle"},{"floor":26,"key":"Pear"},{"floor":27,"key":"Sundial"},{"floor":41,"key":"Bronze Scales"},{"floor":43,"key":"MawBank"},{"floor":45,"key":"Ancient Tea Set"},{"floor":47,"key":"Bag of Marbles"},{"floor":55,"key":"War Paint"}],"event_choices":[{"cards_removed":["Strike_B"],"damage_healed":0,"gold_gain":0,"player_choice":"Card Removal","damage_taken":7,"max_hp_gain":0,"max_hp_loss":0,"event_name":"Golden Wing","floor":3,"gold_loss":0},{"damage_healed":0,"gold_gain":0,"player_choice":"Success","damage_taken":5,"relics_obtained":["Oddly Smooth Stone"],"max_hp_gain":0,"max_hp_loss":0,"event_name":"Scrap Ooze","floor":4,"gold_loss":0},{"cards_removed":["Strike_B"],"damage_healed":0,"gold_gain":0,"player_choice":"Offered Basic","damage_taken":0,"max_hp_gain":0,"max_hp_loss":0,"event_name":"Bonfire Elementals","floor":11,"gold_loss":0},{"damage_healed":0,"gold_gain":0,"cards_transformed":["Strike_B"],"player_choice":"Transformed","damage_taken":0,"max_hp_gain":0,"max_hp_loss":0,"event_name":"Transmorgrifier","floor":20,"gold_loss":0,"cards_obtained":["Conserve Battery"]}],"is_beta":true,"boss_relics":[{"not_picked":["Cursed Key","Ectoplasm"],"picked":"Coffee Dripper"},{"not_picked":["Velvet Choker","Tiny House"],"picked":"Runic Pyramid"}],"items_purged_floors":[12,38,54],"is_endless":false,"potions_floor_spawned":[8,13,14,21,25,27,29,33,37,42,44,45,48],"killed_by":"The Heart","ascension_level":20}