{"gold_per_floor":[114,134,134,159,109,138,138,172,226,71,86,86,121,133,133,133],"floor_reached":16,"playtime":550,"items_purged":[],"score":222,"play_id":"37408bc9-b258-408a-b6ab-e3c9736a7079","local_time":"20190821023440","is_ascension_mode":true,"campfire_choices":[{"data":"Fiend Fire","floor":7,"key":"SMITH"},{"data":"Armaments","floor":12,"key":"SMITH"},{"data":"Bash","floor":15,"key":"SMITH"}],"neow_cost":"NONE","seed_source_timestamp":468238972158600,"circlet_count":0,"master_deck":["AscendersBane","Strike_R","Strike_R","Strike_R","Strike_R","Defend_R","Defend_R","Defend_R","Defend_R","Bash+1","Fiend Fire+1","Corruption","Armaments+1","Shockwave"],"relics":["Burning Blood","Bag of Preparation","Ancient Tea Set","Bottled Flame","Potion Belt","Blood Vial","Bottled Tornado"],"potions_floor_usage":[8,16],"damage_taken":[{"damage":12,"enemies":"Jaw Worm","floor":1,"turns":3},{"damage":7,"enemies":"Small Slimes","floor":2,"turns":3},{"damage":50,"enemies":"3 Sentries","floor":6,"turns":13},{"damage":0,"enemies":"Lagavulin","floor":8,"turns":3},{"damage":1,"enemies":"2 Louse","floor":11,"turns":4},{"damage":16,"enemies":"Gremlin Nob","floor":13,"turns":3},{"damage":0,"enemies":"Looter","floor":14,"turns":1},{"damage":41,"enemies":"Hexaghost","floor":16,"turns":9}],"seed_played":"-3224463887225984863","potions_obtained":[{"floor":1,"key":"Ancient Potion"},{"floor":2,"key":"Swift Potion"},{"floor":11,"key":"GamblersBrew"}],"is_trial":false,"path_per_floor":["M","M","?","T","?","E","R","E","T","$","M","R","E","M","R","B"],"character_chosen":"IRONCLAD","items_purchased":["Blood Vial"],"campfire_rested":0,"item_purchase_floors":[10],"current_hp_per_floor":[66,65,70,70,70,26,26,32,32,32,39,39,31,39,39,0],"gold":133,"neow_bonus":"ONE_RANDOM_RARE_CARD","is_prod":false,"is_daily":false,"chose_seed":false,"campfire_upgraded":3,"win_rate":0,"timestamp":1566322480,"path_taken":["M","M","?","?","?","E","R","E","T","$","M","R","E","M","R","BOSS"],"build_version":"2019-07-17","purchased_purges":0,"victory":false,"max_hp_per_floor":[80,80,85,85,85,85,85,85,85,85,85,85,85,85,85,85],"card_choices":[{"not_picked":["Sentinel","Dual Wield","Cleave"],"picked":"SKIP","floor":1},{"not_picked":["Clash","True Grit","Spot Weakness"],"picked":"SKIP","floor":2},{"not_picked":["Flame Barrier","Infernal Blade"],"picked":"Corruption","floor":6},{"not_picked":["Twin Strike","Perfected Strike","True Grit"],"picked":"SKIP","floor":8},{"not_picked":["Sword Boomerang","Anger"],"picked":"Armaments","floor":11},{"not_picked":["Sever Soul","Anger","Armaments"],"picked":"SKIP","floor":13},{"not_picked":["Flame Barrier","Sword Boomerang"],"picked":"Shockwave","floor":14}],"player_experience":160323,"relics_obtained":[{"floor":4,"key":"Bag of Preparation"},{"floor":6,"key":"Ancient Tea Set"},{"floor":8,"key":"Bottled Flame"},{"floor":9,"key":"Potion Belt"},{"floor":13,"key":"Bottled Tornado"}],"event_choices":[{"damage_healed":0,"gold_gain":0,"player_choice":"Donut","damage_taken":0,"max_hp_gain":5,"max_hp_loss":0,"event_name":"Big Fish","floor":3,"gold_loss":0},{"cards_removed":["Strike_R"],"damage_healed":0,"gold_gain":0,"player_choice":"Card Removal","damage_taken":0,"max_hp_gain":0,"max_hp_loss":0,"event_name":"The Cleric","floor":5,"gold_loss":50}],"is_beta":false,"boss_relics":[],"items_purged_floors":[],"is_endless":false,"potions_floor_spawned":[1,2,11],"killed_by":"Hexaghost","ascension_level":11}