{"gold_per_floor":[114,129,149,20,30,58,58,84,130,130,142,160,160,173,173,252,252,265,180,31,41,57,88,88,105,135,150,150,73,25,51,51,125,175,189,202,216,216,216,216,233,233],"floor_reached":42,"playtime":2415,"items_purged":[],"score":904,"play_id":"9fc11d3f-eb92-4028-90e1-f6ac89730fa8","local_time":"20180722182155","is_ascension_mode":true,"campfire_choices":[{"data":"Armaments","floor":7.0,"key":"SMITH"},{"data":"Bash","floor":10.0,"key":"SMITH"},{"data":"Disarm","floor":15.0,"key":"SMITH"},{"floor":24.0,"key":"REST"},{"data":"Limit Break","floor":32.0,"key":"SMITH"},{"data":"Fiend Fire","floor":40.0,"key":"SMITH"}],"neow_cost":"NONE","seed_source_timestamp":0,"circlet_count":0,"master_deck":["Strike_R","Strike_R","Strike_R+1","Strike_R","Strike_R","Defend_R","Defend_R","Defend_R","Defend_R","Bash+1","AscendersBane","Iron Wave","Disarm+1","Intimidate","Armaments+1","Metallicize","Headbutt","Fiend Fire+1","Hemokinesis","Body Slam","Inflame+1","Shrug It Off","Limit Break+1","Power Through","Offering","Power Through","Battle Trance","Feel No Pain+1","Spot Weakness","J.A.X.","Battle Trance+1","Seeing Red","Flame Barrier","Shrug It Off","Shrug It Off","Warcry+1"],"special_seed":0,"relics":["Burning Blood","Bag of Preparation","Boot","Matryoshka","Omamori","Anchor","Philosopher\u0027s Stone","Molten Egg 2","Letter Opener","Juzu Bracelet","Tiny Chest","Ancient Tea Set","Tiny House","Incense Burner"],"potions_floor_usage":[],"damage_taken":[{"damage":7.0,"enemies":"2 Louse","floor":1.0,"turns":4.0},{"damage":0.0,"enemies":"Small Slimes","floor":2.0,"turns":3.0},{"damage":3.0,"enemies":"Cultist","floor":3.0,"turns":5.0},{"damage":3.0,"enemies":"Blue Slaver","floor":5.0,"turns":6.0},{"damage":25.0,"enemies":"Lagavulin","floor":6.0,"turns":10.0},{"damage":9.0,"enemies":"3 Sentries","floor":8.0,"turns":10.0},{"damage":0.0,"enemies":"2 Fungi Beasts","floor":11.0,"turns":2.0},{"damage":0.0,"enemies":"Large Slime","floor":12.0,"turns":5.0},{"damage":9.0,"enemies":"Lots of Slimes","floor":14.0,"turns":6.0},{"damage":0.0,"enemies":"Hexaghost","floor":16.0,"turns":9.0},{"damage":17.0,"enemies":"Spheric Guardian","floor":18.0,"turns":4.0},{"damage":14.0,"enemies":"Shell Parasite","floor":21.0,"turns":3.0},{"damage":5.0,"enemies":"Snecko","floor":22.0,"turns":2.0},{"damage":48.0,"enemies":"Book of Stabbing","floor":23.0,"turns":5.0},{"damage":7.0,"enemies":"Cultist and Chosen","floor":25.0,"turns":6.0},{"damage":14.0,"enemies":"Centurion and Healer","floor":27.0,"turns":9.0},{"damage":13.0,"enemies":"Slavers","floor":31.0,"turns":5.0},{"damage":37.0,"enemies":"Collector","floor":33.0,"turns":9.0},{"damage":18.0,"enemies":"Flame Bruiser 1 Orb","floor":35.0,"turns":6.0},{"damage":8.0,"enemies":"3 Shapes","floor":36.0,"turns":8.0},{"damage":32.0,"enemies":"Sphere and 2 Shapes","floor":37.0,"turns":6.0},{"damage":5.0,"floor":39.0,"turns":4.0},{"damage":29.0,"enemies":"Maw","floor":41.0,"turns":6.0},{"damage":18,"enemies":"Flame Bruiser 2 Orb","floor":42,"turns":6}],"seed_played":"6098829397919482240","potions_obtained":[{"floor":5.0,"key":"Block Potion"},{"floor":6.0,"key":"Explosive Potion"},{"floor":12.0,"key":"Regen Potion"},{"floor":21.0,"key":"Ancient Potion"},{"floor":25.0,"key":"Regen Potion"},{"floor":31.0,"key":"SkillPotion"},{"floor":34.0,"key":"Poison Potion"},{"floor":36.0,"key":"PowerPotion"},{"floor":39.0,"key":"SteroidPotion"}],"is_trial":false,"path_per_floor":["M","M","M","$","M","E","R","E","T","R","M","M","?","M","R","B",null,"M","?","$","M","M","E","R","M","T","M","?","?","$","E","R","B",null,"M","M","M","?","?","R","M"],"character_chosen":"IRONCLAD","items_purchased":["Armaments","Metallicize","Offering","SteroidPotion"],"campfire_rested":1,"item_purchase_floors":[4,4,20,30],"current_hp_per_floor":[67,73,75,75,75,56,56,53,53,53,59,65,42,39,39,45,68,57,57,57,49,50,22,44,43,43,50,50,50,50,43,43,12,64,52,50,24,40,41,41,18,0],"gold":233,"neow_bonus":"RANDOM_COMMON_RELIC","is_prod":false,"is_daily":false,"chose_seed":false,"campfire_upgraded":5,"win_rate":0,"timestamp":1532280115,"path_taken":["M","M","M","$","M","E","R","E","T","R","M","M","?","M","R","BOSS","M","?","$","?","M","E","R","M","T","M","?","?","$","E","R","BOSS","M","M","M","?","?","R","M","M"],"build_version":"2018-07-19","purchased_purges":0,"victory":false,"max_hp_per_floor":[75,75,75,75,75,75,75,75,75,75,75,75,75,75,75,75,75,75,75,75,75,75,75,75,75,75,75,75,75,75,75,75,75,80,80,80,80,80,80,80,80,80],"card_choices":[{"not_picked":["True Grit","Perfected Strike"],"picked":"Iron Wave","floor":1.0},{"not_picked":["Thunderclap","Sword Boomerang"],"picked":"Disarm","floor":2.0},{"not_picked":["Clash","Burning Pact"],"picked":"Intimidate","floor":3.0},{"not_picked":["Havoc","Heavy Blade"],"picked":"Headbutt","floor":5.0},{"not_picked":["Havoc","Whirlwind"],"picked":"Fiend Fire","floor":6.0},{"not_picked":["Wild Strike","Seeing Red"],"picked":"Hemokinesis","floor":8.0},{"not_picked":["Sentinel","Headbutt"],"picked":"Body Slam","floor":11.0},{"not_picked":["Sword Boomerang","Rupture"],"picked":"Inflame","floor":12.0},{"not_picked":["Warcry","Heavy Blade"],"picked":"Shrug It Off","floor":14.0},{"not_picked":["Barricade","Bludgeon"],"picked":"Limit Break","floor":16.0},{"not_picked":["Sword Boomerang","Bloodletting"],"picked":"Power Through","floor":18.0},{"not_picked":["Armaments+1","Sentinel","Havoc"],"picked":"SKIP","floor":21.0},{"not_picked":["Carnage+1","Wild Strike+1"],"picked":"Power Through","floor":22.0},{"not_picked":["Iron Wave+1","Heavy Blade+1"],"picked":"Battle Trance","floor":23.0},{"not_picked":["Twin Strike+1","Flame Barrier"],"picked":"Feel No Pain","floor":25.0},{"not_picked":["Entrench","Dropkick+1"],"picked":"Spot Weakness","floor":27.0},{"not_picked":["Rage","Wild Strike+1","Armaments"],"picked":"SKIP","floor":31.0},{"not_picked":["Combust","Heavy Blade+1"],"picked":"Battle Trance+1","floor":34.0},{"not_picked":["Warcry","Armaments"],"picked":"Seeing Red","floor":35.0},{"not_picked":["Clothesline+1","Combust"],"picked":"Flame Barrier","floor":36.0},{"not_picked":["Blood for Blood+1","Pommel Strike+1"],"picked":"Shrug It Off","floor":37.0},{"not_picked":["Sentinel","Body Slam+1"],"picked":"Shrug It Off","floor":39.0},{"not_picked":["Iron Wave+1","Sever Soul+1"],"picked":"Warcry+1","floor":41.0}],"player_experience":1084263,"relics_obtained":[{"floor":6.0,"key":"Boot"},{"floor":8.0,"key":"Matryoshka"},{"floor":9.0,"key":"Omamori"},{"floor":9.0,"key":"Anchor"},{"floor":23.0,"key":"Letter Opener"},{"floor":26.0,"key":"Juzu Bracelet"},{"floor":26.0,"key":"Tiny Chest"},{"floor":31.0,"key":"Ancient Tea Set"},{"floor":39.0,"key":"Incense Burner"}],"event_choices":[{"event_name":"Shining Light","player_choice":"Entered Light","floor":13.0,"damage_taken":0.0},{"event_name":"Addict","player_choice":"Obtained Relic","floor":19.0,"damage_taken":0.0},{"event_name":"Match and Keep!","player_choice":"0 cards matched","floor":28.0,"damage_taken":0.0},{"event_name":"Drug Dealer","player_choice":"Got JAXXED","floor":29.0,"damage_taken":0.0},{"event_name":"Winding Halls","player_choice":"Writhe","floor":38.0,"damage_taken":0.0},{"event_name":"MindBloom","player_choice":"Fight","floor":39.0,"damage_taken":0.0}],"is_beta":true,"boss_relics":[{"not_picked":["Mark of Pain","Pandora\u0027s Box"],"picked":"Philosopher\u0027s Stone"},{"not_picked":["Orrery","Fusion Hammer"],"picked":"Tiny House"}],"items_purged_floors":[],"is_endless":false,"potions_floor_spawned":[5,6,8,12,21,22,25,31,36,39],"killed_by":"Flame Bruiser 2 Orb","ascension_level":15}