{"gold_per_floor":[14,29,29,53,53,53,96,96,96,111,111,111,96],"floor_reached":13,"playtime":381,"items_purged":[],"score":141,"play_id":"123d6cd6-3181-455a-b51f-c86fc44b13a2","local_time":"20190818221158","is_ascension_mode":true,"campfire_choices":[{"data":"Zap","floor":6,"key":"SMITH"},{"data":"Barrage","floor":8,"key":"SMITH"}],"neow_cost":"NO_GOLD","seed_source_timestamp":449143716715902,"circlet_count":0,"master_deck":["AscendersBane","Strike_B","Strike_B","Defend_B","Defend_B","Defend_B","Defend_B","Zap+1","Dualcast","Biased Cognition","Turbo","Storm","Loop","Barrage+1","Rip and Tear","Fusion"],"special_seed":0,"relics":["Cracked Core","Golden Idol","Shovel","Singing Bowl"],"potions_floor_usage":[7,10],"damage_taken":[{"damage":7,"enemies":"Jaw Worm","floor":1,"turns":3},{"damage":1,"enemies":"Cultist","floor":2,"turns":3},{"damage":0,"enemies":"2 Louse","floor":4,"turns":3},{"damage":23,"enemies":"Lagavulin","floor":7,"turns":6},{"damage":8,"enemies":"Blue Slaver","floor":10,"turns":2},{"damage":6,"enemies":"Looter","floor":13,"turns":1}],"seed_played":"-6444647853907193868","potions_obtained":[{"floor":2,"key":"Explosive Potion"},{"floor":4,"key":"EssenceOfSteel"}],"is_trial":false,"path_per_floor":["M","M","?","M","?","R","E","R","T","M","?","?","M"],"character_chosen":"DEFECT","items_purchased":[],"campfire_rested":0,"item_purchase_floors":[],"current_hp_per_floor":[57,56,56,56,56,56,33,33,33,25,18,6,0],"gold":96,"neow_bonus":"THREE_RARE_CARDS","is_prod":false,"is_daily":false,"chose_seed":false,"campfire_upgraded":2,"win_rate":0,"timestamp":1566191518,"path_taken":["M","M","?","M","?","R","E","R","T","?","?","?","M"],"build_version":"2019-07-17","purchased_purges":0,"victory":false,"max_hp_per_floor":[71,71,66,66,66,66,66,66,66,66,66,66,66],"card_choices":[{"not_picked":["Seek","Multi-Cast"],"picked":"Biased Cognition","floor":0.0},{"not_picked":["Streamline","Blizzard"],"picked":"Turbo","floor":1},{"not_picked":["Go for the Eyes","Chill"],"picked":"Storm","floor":2},{"not_picked":["Gash","Stack"],"picked":"Loop","floor":4},{"not_picked":["Consume","Chaos"],"picked":"Rip and Tear","floor":7},{"not_picked":["All For One","Streamline"],"picked":"Fusion","floor":10}],"player_experience":651484,"relics_obtained":[{"floor":7,"key":"Shovel"},{"floor":9,"key":"Singing Bowl"}],"event_choices":[{"damage_healed":0,"gold_gain":0,"player_choice":"Lose Max HP","damage_taken":0,"relics_obtained":["Golden Idol"],"max_hp_gain":0,"max_hp_loss":5,"event_name":"Golden Idol","floor":3,"gold_loss":0},{"damage_healed":0,"gold_gain":0,"cards_transformed":["Strike_B"],"player_choice":"Transformed","damage_taken":0,"max_hp_gain":0,"max_hp_loss":0,"event_name":"Transmorgrifier","floor":5,"gold_loss":0,"cards_obtained":["Barrage"]},{"cards_removed":["Strike_B"],"damage_healed":0,"gold_gain":0,"player_choice":"Card Removal","damage_taken":7,"max_hp_gain":0,"max_hp_loss":0,"event_name":"Golden Wing","floor":11,"gold_loss":0},{"damage_healed":0,"gold_gain":0,"player_choice":"Fled","damage_taken":12,"max_hp_gain":0,"max_hp_loss":0,"event_name":"Scrap Ooze","floor":12,"gold_loss":0}],"is_beta":false,"boss_relics":[],"items_purged_floors":[],"is_endless":false,"potions_floor_spawned":[2,4],"killed_by":"Looter","ascension_level":14}