{"gold_per_floor":[209,226,1,14,14,14,14,44,44,62,62,94,109,49,49,128,128,138,138,117,117,130,130,130,55,123,134,151,151,168,40,40,40],"floor_reached":33,"playtime":1339,"items_purged":["Strike_R","Strike_R"],"score":488,"play_id":"d19f6d77-a3e5-40c0-8e07-fd99a9d4ffeb","local_time":"20180830004556","is_ascension_mode":true,"campfire_choices":[{"data":"Bash","floor":6,"key":"SMITH"},{"data":"True Grit","floor":11,"key":"SMITH"},{"data":"Armaments","floor":15,"key":"SMITH"},{"floor":23,"key":"REST"},{"floor":29,"key":"REST"},{"floor":32,"key":"REST"}],"neow_cost":"NONE","seed_source_timestamp":1044920090501934,"circlet_count":0,"master_deck":["Strike_R","Strike_R","Defend_R","Defend_R","Defend_R","Defend_R","Bash+1","AscendersBane","Pommel Strike","Feel No Pain","True Grit+1","Armaments+1","Rampage","Shrug It Off","Immolate","Anger","Clothesline","Power Through+1","True Grit+1","Feel No Pain","Shrug It Off+1"],"relics":["Burning Blood","Chemical X","Question Card","Anchor","Paper Frog","Runic Dome","MutagenicStrength","Toxic Egg 2"],"potions_floor_usage":[8,16,18,28,28,30],"damage_taken":[{"damage":1,"enemies":"Cultist","floor":1,"turns":3},{"damage":6,"enemies":"Jaw Worm","floor":2,"turns":6},{"damage":3,"enemies":"2 Louse","floor":4,"turns":3},{"damage":8,"enemies":"Gremlin Nob","floor":8,"turns":3},{"damage":2,"enemies":"Looter","floor":10,"turns":3},{"damage":12,"enemies":"3 Sentries","floor":12,"turns":15},{"damage":4,"enemies":"2 Fungi Beasts","floor":13,"turns":4},{"damage":22,"enemies":"The Guardian","floor":16,"turns":12},{"damage":27,"enemies":"3 Byrds","floor":18,"turns":5},{"damage":14,"enemies":"2 Thieves","floor":20,"turns":4},{"damage":33,"enemies":"Shelled Parasite and Fungi","floor":22,"turns":7},{"damage":31,"enemies":"Cultist and Chosen","floor":27,"turns":4},{"damage":5,"enemies":"Snake Plant","floor":28,"turns":3},{"damage":31,"enemies":"Chosen and Byrds","floor":30,"turns":8},{"damage":51,"enemies":"Collector","floor":33,"turns":6}],"seed_played":"-329908531320805508","potions_obtained":[{"floor":2,"key":"Strength Potion"},{"floor":8,"key":"Regen Potion"},{"floor":12,"key":"Fire Potion"},{"floor":13,"key":"EssenceOfSteel"},{"floor":20,"key":"Fire Potion"},{"floor":22,"key":"EssenceOfSteel"},{"floor":28,"key":"GamblersBrew"}],"is_trial":false,"path_per_floor":["M","M","$","M","$","R","?","E","T","M","R","E","M","$","R","B",null,"M","?","M","?","M","R","?","$","T","M","M","R","M","$","R"],"character_chosen":"IRONCLAD","items_purchased":["Chemical X","Shrug It Off","Shrug It Off+1"],"campfire_rested":3,"item_purchase_floors":[3,14,31],"current_hp_per_floor":[73,73,73,75,75,75,75,73,73,75,75,69,71,71,71,55,70,49,49,41,41,14,36,36,36,36,11,12,34,9,9,31,0],"gold":40,"neow_bonus":"HUNDRED_GOLD","is_prod":false,"is_daily":false,"chose_seed":false,"campfire_upgraded":3,"win_rate":0,"timestamp":1535586356,"path_taken":["M","M","$","M","$","R","?","E","T","M","R","E","?","$","R","BOSS","M","?","M","?","?","R","?","$","T","M","?","R","M","$","R","BOSS"],"build_version":"2018-08-28","purchased_purges":2,"victory":false,"max_hp_per_floor":[75,75,75,75,75,75,75,75,75,75,75,75,75,75,75,75,75,75,75,75,75,75,75,75,75,75,75,75,75,75,75,75,75],"card_choices":[{"not_picked":["Sword Boomerang","Infernal Blade"],"picked":"Pommel Strike","floor":1},{"not_picked":["Body Slam","Clash","Sentinel"],"picked":"SKIP","floor":2},{"not_picked":["Warcry","Pommel Strike"],"picked":"Feel No Pain","floor":4},{"not_picked":["Shrug It Off","Shockwave"],"picked":"True Grit","floor":8},{"not_picked":["Thunderclap","Warcry","Headbutt"],"picked":"Armaments","floor":10},{"not_picked":["Armaments","Rupture","Headbutt"],"picked":"Rampage","floor":12},{"not_picked":["Sword Boomerang","Armaments","Sentinel","Warcry"],"picked":"SKIP","floor":13},{"not_picked":["Feed","Impervious","Brutality"],"picked":"Immolate","floor":16},{"not_picked":["Cleave","Wild Strike","Feel No Pain"],"picked":"Anger","floor":18},{"not_picked":["Seeing Red","Body Slam","Cleave","Fire Breathing+1"],"picked":"SKIP","floor":20},{"not_picked":["Combust","Searing Blow","Shrug It Off+1"],"picked":"Clothesline","floor":22},{"not_picked":["Reckless Charge","Bloodletting+1","Intimidate+1"],"picked":"Power Through+1","floor":27},{"not_picked":["Shockwave+1","Metallicize","Berserk"],"picked":"True Grit+1","floor":28},{"not_picked":["Thunderclap","Reckless Charge","Corruption"],"picked":"Feel No Pain","floor":30}],"player_experience":1211941,"relics_obtained":[{"floor":8,"key":"Question Card"},{"floor":9,"key":"Anchor"},{"floor":12,"key":"Paper Frog"},{"floor":26,"key":"Toxic Egg 2"}],"event_choices":[{"event_name":"Purifier","player_choice":"One Purge","floor":7,"damage_taken":0},{"event_name":"Vampires","player_choice":"Ignored","floor":19,"damage_taken":0},{"event_name":"The Mausoleum","player_choice":"No","floor":21,"damage_taken":0},{"event_name":"Drug Dealer","player_choice":"Inject Mutagens","floor":24,"damage_taken":0}],"is_beta":true,"boss_relics":[{"not_picked":["Astrolabe","Mark of Pain"],"picked":"Runic Dome"}],"items_purged_floors":[25,31],"is_endless":false,"potions_floor_spawned":[2,8,12,13,20,22,28],"killed_by":"Collector","ascension_level":18}