{"gold_per_floor":[117,137,9,24,38,38,70,70,70,70,102,166,166,194,194,268,268,288,317,367,367,383,383,418,418,418,444,16,16,51,65,65,65],"floor_reached":33,"playtime":1513,"items_purged":["Strike_G","Doubt"],"score":638,"play_id":"bbf0789c-2494-4b22-9f4b-92e93965bc8f","local_time":"20190301232453","is_ascension_mode":true,"campfire_choices":[{"data":"Poisoned Stab","floor":6.0,"key":"SMITH"},{"data":"Predator","floor":8.0,"key":"SMITH"},{"floor":10.0,"key":"REST"},{"floor":13.0,"key":"REST"},{"data":"Caltrops","floor":15,"key":"SMITH"},{"data":"Dash","floor":23,"key":"SMITH"},{"floor":25,"key":"REST"},{"floor":32,"key":"REST"}],"neow_cost":"NONE","seed_source_timestamp":966286944452646,"circlet_count":0,"master_deck":["AscendersBane","Defend_G","Defend_G","Defend_G","Defend_G","Defend_G","Strike_G","Strike_G","Strike_G","Strike_G","Survivor","Neutralize+1","Predator+1","Caltrops+1","PiercingWail","Poisoned Stab+1","Catalyst","Dash+1","Adrenaline","Blur","PiercingWail","Footwork+1","Crippling Poison","Wraith Form v2","Deadly Poison"],"special_seed":0,"relics":["Ring of the Snake","Ornamental Fan","Matryoshka","Oddly Smooth Stone","Cursed Key","Red Mask","Bag of Preparation","Prayer Wheel","Bag of Marbles","Blood Vial","Anchor","Bottled Flame"],"potions_floor_usage":[14,19,27,27,30],"damage_taken":[{"damage":0.0,"enemies":"Cultist","floor":1.0,"turns":4.0},{"damage":4.0,"enemies":"Jaw Worm","floor":2.0,"turns":4.0},{"damage":1.0,"enemies":"2 Louse","floor":4.0,"turns":3.0},{"damage":3.0,"enemies":"Looter","floor":5.0,"turns":4.0},{"damage":30.0,"enemies":"Gremlin Nob","floor":7.0,"turns":4.0},{"damage":21.0,"enemies":"Lagavulin","floor":11.0,"turns":8.0},{"damage":17,"enemies":"3 Sentries","floor":14,"turns":6},{"damage":5,"enemies":"Hexaghost","floor":16,"turns":9},{"damage":10,"enemies":"Spheric Guardian","floor":18,"turns":4},{"damage":2,"enemies":"Masked Bandits","floor":19,"turns":5},{"damage":0,"enemies":"3 Byrds","floor":22,"turns":3},{"damage":24,"enemies":"Gremlin Leader","floor":24,"turns":12},{"damage":18,"enemies":"Slavers","floor":27,"turns":7},{"damage":13,"enemies":"Gremlin Leader","floor":30,"turns":10},{"damage":0,"enemies":"Centurion and Healer","floor":31,"turns":8},{"damage":32,"enemies":"Champ","floor":33,"turns":11}],"seed_played":"-165225492727014018","potions_obtained":[{"floor":7.0,"key":"SteroidPotion"},{"floor":11.0,"key":"Strength Potion"},{"floor":14,"key":"Fire Potion"},{"floor":18,"key":"Strength Potion"},{"floor":19,"key":"Ancient Potion"},{"floor":24,"key":"Swift Potion"}],"is_trial":false,"path_per_floor":["M","M","$","M","M","R","E","R","T","R","E","?","R","E","R","B",null,"M","?","?","?","M","R","E","R","T","E","$","?","E","M","R","B"],"character_chosen":"THE_SILENT","items_purchased":["Fire Potion","Anchor","Crippling Poison","GamblersBrew"],"campfire_rested":4,"item_purchase_floors":[3,28,28,28],"current_hp_per_floor":[59,55,55,54,51,51,21,21,21,40,19,19,38,21,21,16,54,44,42,42,42,42,42,18,37,37,19,19,19,8,10,29,0],"gold":65,"neow_bonus":"UPGRADE_CARD","is_prod":false,"is_daily":false,"chose_seed":false,"campfire_upgraded":4,"win_rate":0,"timestamp":1551482693,"path_taken":["M","M","$","M","?","R","E","R","T","R","E","?","R","E","R","BOSS","M","?","?","?","M","R","E","R","T","E","$","?","E","M","R","BOSS"],"build_version":"2019-02-06","purchased_purges":2,"victory":false,"max_hp_per_floor":[66,66,66,66,66,66,66,66,66,66,66,66,66,66,66,66,66,66,66,66,66,66,66,66,66,66,66,66,66,66,66,66,66],"card_choices":[{"not_picked":["Poisoned Stab","Bane"],"picked":"Predator","floor":1.0},{"not_picked":["Flying Knee","PiercingWail"],"picked":"Caltrops","floor":2.0},{"not_picked":["Distraction","Deflect"],"picked":"PiercingWail","floor":4.0},{"not_picked":["Underhanded Strike","Deflect"],"picked":"Poisoned Stab","floor":5.0},{"not_picked":["Poisoned Stab","Masterful Stab"],"picked":"Catalyst","floor":7.0},{"not_picked":["Flechettes","All Out Attack","Flying Knee"],"picked":"SKIP","floor":11.0},{"not_picked":["Acrobatics","Deflect"],"picked":"Dash","floor":14},{"not_picked":["Envenom","Glass Knife"],"picked":"Adrenaline","floor":16},{"not_picked":["Cloak And Dagger","Quick Slash"],"picked":"Blur","floor":18},{"not_picked":["Quick Slash","Dash"],"picked":"PiercingWail","floor":22},{"not_picked":["Deflect","Underhanded Strike"],"picked":"Footwork","floor":24},{"not_picked":["Flechettes","Predator","Riddle With Holes"],"picked":"SKIP","floor":27},{"not_picked":["Underhanded Strike","All Out Attack"],"picked":"Wraith Form v2","floor":30},{"not_picked":["Dash","Backflip"],"picked":"Deadly Poison","floor":31},{"not_picked":["Riddle With Holes","Acrobatics","Dagger Throw"],"picked":"SKIP","floor":31}],"player_experience":1875604,"relics_obtained":[{"floor":7.0,"key":"Ornamental Fan"},{"floor":11.0,"key":"Matryoshka"},{"floor":14,"key":"Oddly Smooth Stone"},{"floor":19,"key":"Red Mask"},{"floor":24,"key":"Bag of Preparation"},{"floor":26,"key":"Prayer Wheel"},{"floor":26,"key":"Bag of Marbles"},{"floor":27,"key":"Blood Vial"},{"floor":30,"key":"Bottled Flame"}],"event_choices":[{"damage_healed":0.0,"max_hp_gain":0.0,"max_hp_loss":0.0,"gold_gain":64.0,"event_name":"Golden Wing","player_choice":"Gained Gold","floor":12.0,"gold_loss":0.0,"damage_taken":0.0},{"damage_healed":0,"gold_gain":0,"player_choice":"Fought Bandits","damage_taken":0,"max_hp_gain":0,"max_hp_loss":0,"event_name":"Masked Bandits","floor":19,"gold_loss":0},{"damage_healed":0,"gold_gain":50,"player_choice":"Stole From Cult","damage_taken":0,"max_hp_gain":0,"max_hp_loss":0,"event_name":"Nest","floor":20,"gold_loss":0},{"damage_healed":0,"gold_gain":0,"player_choice":"Ignored","damage_taken":0,"max_hp_gain":0,"max_hp_loss":0,"event_name":"Vampires","floor":21,"gold_loss":0},{"damage_healed":0,"gold_gain":0,"player_choice":"Forge","damage_taken":0,"max_hp_gain":0,"max_hp_loss":0,"event_name":"Accursed Blacksmith","floor":29,"gold_loss":0,"cards_upgraded":["Footwork"]}],"is_beta":true,"boss_relics":[{"not_picked":["White Beast Statue","Calling Bell"],"picked":"Cursed Key"}],"items_purged_floors":[3,28],"is_endless":false,"potions_floor_spawned":[7,11,14,16,18,19,24],"killed_by":"Champ","ascension_level":20}