{"gold_per_floor":[117,136,136,151,36,36,51,80,104,136,136,171,9,36,36,112,112,124,144,13,23,23,23,40,50,50,50],"floor_reached":27,"playtime":961,"items_purged":["Strike_B"],"score":536,"play_id":"d8c6652e-3d34-4501-8af0-50eb94276162","local_time":"20181031171939","is_ascension_mode":true,"campfire_choices":[{"data":"Zap","floor":6.0,"key":"SMITH"},{"floor":11.0,"key":"REST"},{"floor":15.0,"key":"REST"},{"floor":23,"key":"REST"}],"neow_cost":"NONE","seed_source_timestamp":9450373839308,"circlet_count":0,"master_deck":["Strike_B","Strike_B","Strike_B","Defend_B","Defend_B","Defend_B","Defend_B","Zap+1","Dualcast","AscendersBane","Go for the Eyes","Ball Lightning","Doom and Gloom","Ball Lightning","Static Discharge","Leap","Coolheaded","Capacitor","Biased Cognition","Cold Snap","Steam+1","Defragment","Sweeping Beam+1","Hologram"],"special_seed":0,"relics":["Cracked Core","PreservedInsect","Bag of Marbles","Art of War","Matryoshka","Lantern","Fusion Hammer","Molten Egg 2","Omamori","Toxic Egg 2"],"potions_floor_usage":[16,21,27,27],"damage_taken":[{"damage":6.0,"enemies":"2 Louse","floor":1.0,"turns":3.0},{"damage":3.0,"enemies":"Cultist","floor":2.0,"turns":4.0},{"damage":9.0,"enemies":"Jaw Worm","floor":4.0,"turns":2.0},{"damage":22.0,"enemies":"Gremlin Gang","floor":7.0,"turns":2.0},{"damage":20.0,"enemies":"Lagavulin","floor":8.0,"turns":6.0},{"damage":0.0,"enemies":"3 Sentries","floor":10.0,"turns":3.0},{"damage":16.0,"enemies":"Lagavulin","floor":12.0,"turns":5.0},{"damage":8.0,"enemies":"3 Sentries","floor":14.0,"turns":4.0},{"damage":17,"enemies":"Slime Boss","floor":16,"turns":8},{"damage":24,"enemies":"2 Thieves","floor":18,"turns":3},{"damage":13,"enemies":"Chosen","floor":19,"turns":4},{"damage":16,"enemies":"Sentry and Sphere","floor":21,"turns":4},{"damage":21,"enemies":"Centurion and Healer","floor":24,"turns":7},{"damage":11,"enemies":"Snake Plant","floor":25,"turns":4},{"damage":6,"enemies":"Book of Stabbing","floor":27,"turns":2}],"seed_played":"477285385031812821","potions_obtained":[{"floor":2.0,"key":"LiquidBronze"},{"floor":7.0,"key":"Fire Potion"},{"floor":8.0,"key":"FocusPotion"},{"floor":16,"key":"FocusPotion"},{"floor":25,"key":"SkillPotion"}],"is_trial":false,"path_per_floor":["M","M","?","M","$","R","M","E","T","E","R","E","$","E","R","B",null,"M","M","$","M","?","R","M","M","T","E"],"character_chosen":"DEFECT","items_purchased":["Static Discharge","Coolheaded","Sweeping Beam","Block Potion","Defragment","Block Potion"],"campfire_rested":3,"item_purchase_floors":[5,13,13,13,20,20],"current_hp_per_floor":[65,62,62,53,53,53,31,11,11,11,34,18,18,10,33,16,63,39,26,26,10,10,33,12,1,1,0],"gold":50,"neow_bonus":"TEN_PERCENT_HP_BONUS","is_prod":false,"is_daily":false,"chose_seed":false,"campfire_upgraded":1,"win_rate":0,"timestamp":1541006379,"path_taken":["M","M","?","?","$","R","M","E","T","E","R","E","$","E","R","BOSS","M","M","$","M","?","R","M","M","T","E"],"build_version":"2018-10-30","purchased_purges":1,"victory":false,"max_hp_per_floor":[78,78,78,78,78,78,78,78,78,78,78,78,78,78,78,78,78,78,78,78,78,78,78,78,78,78,78],"card_choices":[{"not_picked":["Redo","Beam Cell"],"picked":"Go for the Eyes","floor":1.0},{"not_picked":["Conserve Battery","Self Repair"],"picked":"Ball Lightning","floor":2.0},{"not_picked":["Leap","Streamline"],"picked":"Ball Lightning","floor":4.0},{"not_picked":["Force Field","Go for the Eyes"],"picked":"Leap","floor":7.0},{"not_picked":["Reboot","Ball Lightning","Sunder"],"picked":"SKIP","floor":8.0},{"not_picked":["Barrage","Doom and Gloom","Lockon"],"picked":"SKIP","floor":10.0},{"not_picked":["Streamline","Recycle","Redo"],"picked":"SKIP","floor":12.0},{"not_picked":["Coolheaded","Conserve Battery"],"picked":"Capacitor","floor":14.0},{"not_picked":["Meteor Strike","Core Surge"],"picked":"Biased Cognition","floor":16},{"not_picked":["Steam","Reprogram"],"picked":"Cold Snap","floor":18},{"not_picked":["Storm","Fusion"],"picked":"Steam+1","floor":19},{"not_picked":["Tempest","Steam","Lockon"],"picked":"SKIP","floor":21},{"not_picked":["Stack","Compile Driver+1"],"picked":"Sweeping Beam+1","floor":24},{"not_picked":["Scrape+1","Stack"],"picked":"Hologram","floor":25}],"player_experience":1589308,"relics_obtained":[{"floor":8.0,"key":"PreservedInsect"},{"floor":9.0,"key":"Bag of Marbles"},{"floor":10.0,"key":"Art of War"},{"floor":12.0,"key":"Matryoshka"},{"floor":14.0,"key":"Lantern"},{"floor":26,"key":"Omamori"},{"floor":26,"key":"Toxic Egg 2"}],"event_choices":[{"damage_healed":0.0,"max_hp_gain":0.0,"max_hp_loss":0.0,"gold_gain":0.0,"event_name":"Match and Keep!","player_choice":"1 cards matched","floor":3.0,"gold_loss":0.0,"damage_taken":0.0,"cards_obtained":["Doom and Gloom"]},{"cards_removed":["Sweeping Beam"],"damage_healed":0,"gold_gain":0,"player_choice":"Gave Card","damage_taken":0,"relics_obtained":["Molten Egg 2"],"max_hp_gain":0,"max_hp_loss":0,"event_name":"WeMeetAgain","floor":22,"gold_loss":0}],"is_beta":true,"boss_relics":[{"not_picked":["Coffee Dripper","Eternal Feather"],"picked":"Fusion Hammer"}],"items_purged_floors":[5],"is_endless":false,"potions_floor_spawned":[2,7,8,16,25],"killed_by":"Book of Stabbing","ascension_level":20}