{"gold_per_floor":[14,33,44,60,60,60,95,95,95,115,115,115,115,127,127,229,229,239,256,256,267,283,283,6,25,52,70,98,98,98,113,113,113],"floor_reached":33,"playtime":2294,"items_purged":[],"score":420,"play_id":"5c0f9c21-98c0-4f75-8fb2-b58c54235957","local_time":"20190814195654","is_ascension_mode":true,"campfire_choices":[{"data":"Crippling Poison","floor":6.0,"key":"SMITH"},{"data":"Bane","floor":8.0,"key":"SMITH"},{"data":"Neutralize","floor":11.0,"key":"SMITH"},{"data":"Flying Knee","floor":13.0,"key":"SMITH"},{"data":"Dagger Spray","floor":15.0,"key":"SMITH"},{"floor":23.0,"key":"REST"},{"floor":29,"key":"REST"},{"floor":32,"key":"REST"}],"neow_cost":"NO_GOLD","seed_source_timestamp":91571692287542,"circlet_count":0,"master_deck":["AscendersBane","Strike_G+1","Strike_G","Defend_G","Defend_G","Defend_G","Defend_G","Defend_G","Survivor","Neutralize+1","Unload+1","Flying Knee+1","Crippling Poison+1","Heel Hook","Bane+1","Crippling Poison","PiercingWail","Deadly Poison","Dagger Spray+1","Envenom","Cloak And Dagger","Acrobatics+1","Deflect","Cloak And Dagger","Dodge and Roll","Escape Plan","Backflip","Corpse Explosion","Bouncing Flask"],"special_seed":0,"relics":["Ring of the Snake","Bottled Lightning","Du-Vu Doll","Lizard Tail","Snake Skull","Boot","Ginger"],"potions_floor_usage":[25,28],"damage_taken":[{"damage":0.0,"enemies":"2 Louse","floor":1.0,"turns":3.0},{"damage":0.0,"enemies":"Cultist","floor":2.0,"turns":4.0},{"damage":0.0,"enemies":"Small Slimes","floor":3.0,"turns":2.0},{"damage":9.0,"enemies":"3 Louse","floor":4.0,"turns":3.0},{"damage":5.0,"enemies":"Lagavulin","floor":7.0,"turns":7.0},{"damage":0.0,"enemies":"Lots of Slimes","floor":10.0,"turns":2.0},{"damage":0.0,"enemies":"Looter","floor":14.0,"turns":3.0},{"damage":4.0,"enemies":"Slime Boss","floor":16.0,"turns":10.0},{"damage":0.0,"enemies":"3 Byrds","floor":18.0,"turns":3.0},{"damage":22.0,"enemies":"2 Thieves","floor":19.0,"turns":3.0},{"damage":56.0,"enemies":"Sentry and Sphere","floor":21.0,"turns":7.0},{"damage":3.0,"enemies":"Centurion and Healer","floor":22.0,"turns":4.0},{"damage":11,"enemies":"3 Cultists","floor":25,"turns":4},{"damage":17,"enemies":"Snake Plant","floor":27,"turns":4},{"damage":39,"enemies":"Book of Stabbing","floor":28,"turns":8},{"damage":10,"enemies":"Snecko","floor":31,"turns":5},{"damage":59,"enemies":"Champ","floor":33,"turns":9}],"seed_played":"-2282286142230204884","potions_obtained":[{"floor":1.0,"key":"SpeedPotion"},{"floor":3.0,"key":"LiquidBronze"},{"floor":4.0,"key":"SteroidPotion"},{"floor":21.0,"key":"GhostInAJar"},{"floor":22.0,"key":"GhostInAJar"}],"is_trial":false,"path_per_floor":["M","M","M","M","?","R","E","R","T","M","R","?","R","M","R","B",null,"M","M","?","M","M","R","$","M","T","M","E","R","?","M","R","B"],"character_chosen":"THE_SILENT","items_purchased":["Snake Skull","Regen Potion","Dodge and Roll"],"campfire_rested":3,"item_purchase_floors":[24,24,24],"current_hp_per_floor":[63,63,63,54,54,54,49,49,49,49,49,35,35,35,35,31,60,60,38,61,5,2,23,23,26,26,9,6,27,27,17,38,0],"gold":113,"neow_bonus":"TRANSFORM_TWO_CARDS","is_prod":false,"is_daily":false,"chose_seed":false,"campfire_upgraded":5,"win_rate":0,"timestamp":1565837814,"path_taken":["M","M","M","M","?","R","E","R","T","?","R","?","R","M","R","BOSS","M","M","?","M","M","R","$","M","T","M","E","R","?","?","R","BOSS"],"build_version":"2019-07-17","purchased_purges":0,"victory":false,"max_hp_per_floor":[70,70,70,70,70,70,70,70,70,70,70,70,70,70,70,70,70,70,70,70,70,70,70,70,70,70,70,70,70,70,70,70,70],"card_choices":[{"not_picked":["Endless Agony","Accuracy"],"picked":"Crippling Poison","floor":1.0},{"not_picked":["Quick Slash","Deflect"],"picked":"Heel Hook","floor":2.0},{"not_picked":["Choke","Acrobatics"],"picked":"Bane","floor":3.0},{"not_picked":["Predator","Tactician"],"picked":"Crippling Poison","floor":4.0},{"not_picked":["Masterful Stab","Sucker Punch"],"picked":"PiercingWail","floor":7.0},{"not_picked":["Backstab","Dodge and Roll"],"picked":"Deadly Poison","floor":10.0},{"not_picked":["Dodge and Roll","Distraction"],"picked":"Dagger Spray","floor":14.0},{"not_picked":["Burst","Bullet Time"],"picked":"Envenom","floor":16.0},{"not_picked":["Slice","Sucker Punch"],"picked":"Cloak And Dagger","floor":18.0},{"not_picked":["Infinite Blades+1","Backstab"],"picked":"Acrobatics+1","floor":19.0},{"not_picked":["Flying Knee","Dagger Spray"],"picked":"Deflect","floor":21.0},{"not_picked":["Masterful Stab","Slice"],"picked":"Cloak And Dagger","floor":22.0},{"not_picked":["Finisher","Bullet Time"],"picked":"Escape Plan","floor":25},{"not_picked":["PiercingWail+1","Terror+1"],"picked":"Backflip","floor":27},{"not_picked":["Infinite Blades","Choke"],"picked":"Corpse Explosion","floor":28},{"not_picked":["Acrobatics+1","Cloak And Dagger","Expertise"],"picked":"SKIP","floor":31}],"player_experience":598781,"relics_obtained":[{"floor":7.0,"key":"Bottled Lightning"},{"floor":9.0,"key":"Du-Vu Doll"},{"floor":26,"key":"Boot"},{"floor":28,"key":"Ginger"}],"event_choices":[{"damage_healed":0.0,"max_hp_gain":0.0,"max_hp_loss":0.0,"gold_gain":0.0,"event_name":"Lab","player_choice":"Got Potions","floor":5.0,"gold_loss":0.0,"damage_taken":0.0},{"damage_healed":0.0,"max_hp_gain":0.0,"max_hp_loss":0.0,"gold_gain":0.0,"event_name":"Shining Light","player_choice":"Entered Light","floor":12.0,"gold_loss":0.0,"damage_taken":14.0,"cards_upgraded":["Strike_G","Unload"]},{"damage_healed":23.0,"max_hp_gain":0.0,"max_hp_loss":0.0,"gold_gain":0.0,"event_name":"The Library","player_choice":"Heal","floor":20.0,"gold_loss":0.0,"damage_taken":0.0},{"damage_healed":0,"gold_gain":0,"cards_transformed":["Strike_G"],"player_choice":"Transformed","damage_taken":0,"max_hp_gain":0,"max_hp_loss":0,"event_name":"Transmorgrifier","floor":30,"gold_loss":0,"cards_obtained":["Bouncing Flask"]}],"is_beta":false,"boss_relics":[{"not_picked":["Snecko Eye","Velvet Choker"],"picked":"Lizard Tail"}],"items_purged_floors":[],"is_endless":false,"potions_floor_spawned":[1,3,4,14,21,22],"killed_by":"Champ","ascension_level":11}