{"gold_per_floor":[112,112,89,109,60,60,76,104,104,122,147,147,165,188,188,286,286,301,148,165,81,6,38,38,38],"floor_reached":25,"playtime":1038,"items_purged":["Hello World+1"],"score":240,"play_id":"a15d76d6-e65d-479b-8a5f-c6489428b1f5","local_time":"20190702065628","is_ascension_mode":true,"campfire_choices":[{"floor":6,"key":"DIG"},{"data":"Hello World","floor":15,"key":"SMITH"},{"floor":24,"key":"DIG"}],"neow_cost":"TEN_PERCENT_HP_LOSS","seed_source_timestamp":507767084632300,"circlet_count":0,"master_deck":["Strike_B","Strike_B","Strike_B","Defend_B","Defend_B","Defend_B","Zap","Dualcast","Genetic Algorithm+1","Gash","Ball Lightning","Gash","Self Repair","Self Repair","Echo Form","All For One","Self Repair","Go for the Eyes","Chill"],"relics":["Cracked Core","Shovel","Matryoshka","Bird Faced Urn","Dream Catcher","PreservedInsect","Singing Bowl","Odd Mushroom","Black Star","Bag of Marbles","Anchor","Boot"],"potions_floor_usage":[8,14,18,23,25],"damage_taken":[{"damage":5,"enemies":"Small Slimes","floor":1,"turns":4},{"damage":1,"enemies":"Cultist","floor":4,"turns":3},{"damage":8,"enemies":"2 Louse","floor":7,"turns":2},{"damage":19,"enemies":"3 Sentries","floor":8,"turns":5},{"damage":4,"enemies":"Gremlin Gang","floor":10,"turns":4},{"damage":13,"enemies":"Lagavulin","floor":11,"turns":6},{"damage":19,"enemies":"Blue Slaver","floor":13,"turns":3},{"damage":9,"enemies":"The Mushroom Lair","floor":14,"turns":4},{"damage":43,"enemies":"Slime Boss","floor":16,"turns":10},{"damage":20,"enemies":"Chosen","floor":18,"turns":6},{"damage":41,"enemies":"2 Thieves","floor":20,"turns":4},{"damage":35,"enemies":"Book of Stabbing","floor":23,"turns":6},{"damage":51,"enemies":"Slavers","floor":25,"turns":4}],"seed_played":"-4891242376317288682","potions_obtained":[{"floor":1,"key":"Explosive Potion"},{"floor":4,"key":"Weak Potion"},{"floor":11,"key":"Weak Potion"},{"floor":13,"key":"AttackPotion"},{"floor":16,"key":"FearPotion"},{"floor":18,"key":"EssenceOfSteel"}],"is_trial":false,"path_per_floor":["M","?","$","M","$","R","M","E","T","M","E","?","M","?","R","B",null,"M","$","M","$","?","E","R","E"],"character_chosen":"DEFECT","items_purchased":["Gash","Gash","All For One","Self Repair","Go for the Eyes"],"campfire_rested":0,"item_purchase_floors":[3,5,19,21,21],"current_hp_per_floor":[63,63,63,62,62,62,54,42,42,47,54,54,55,64,64,32,72,70,70,49,49,49,43,43,0],"gold":38,"neow_bonus":"ONE_RARE_RELIC","is_prod":false,"is_daily":false,"chose_seed":false,"campfire_upgraded":1,"win_rate":0,"timestamp":1562018188,"path_taken":["M","?","?","M","$","R","M","E","T","M","E","?","?","?","R","BOSS","M","$","M","$","?","E","R","E"],"build_version":"2019-07-01","purchased_purges":1,"victory":false,"max_hp_per_floor":[68,68,68,68,68,68,68,68,68,68,70,70,72,72,72,72,72,74,74,76,76,76,76,76,76],"card_choices":[{"not_picked":["Rebound","Reinforced Body"],"picked":"Genetic Algorithm","floor":1},{"not_picked":["Redo","Melter"],"picked":"Ball Lightning","floor":4},{"not_picked":["Sweeping Beam","Blizzard"],"picked":"Self Repair","floor":7},{"not_picked":["Recycle","Redo"],"picked":"Self Repair","floor":8},{"not_picked":["Stack","Sweeping Beam","Rebound"],"picked":"SKIP","floor":10},{"not_picked":["Static Discharge","Lockon","Turbo"],"picked":"Singing Bowl","floor":11},{"not_picked":["Rebound","Cold Snap","Stack"],"picked":"Singing Bowl","floor":13},{"not_picked":["Steam","Double Energy"],"picked":"Hello World","floor":14},{"not_picked":["Machine Learning","Electrodynamics"],"picked":"Echo Form","floor":16},{"not_picked":["Aggregate","Stack","Sweeping Beam+1"],"picked":"Singing Bowl","floor":18},{"not_picked":["Leap+1","Glacier+1","Auto Shields"],"picked":"Singing Bowl","floor":20},{"not_picked":["Auto Shields","Blizzard"],"picked":"Chill","floor":23}],"player_experience":94823,"relics_obtained":[{"floor":6,"key":"Matryoshka"},{"floor":8,"key":"Bird Faced Urn"},{"floor":9,"key":"Dream Catcher"},{"floor":9,"key":"PreservedInsect"},{"floor":11,"key":"Singing Bowl"},{"floor":14,"key":"Odd Mushroom"},{"floor":23,"key":"Bag of Marbles"},{"floor":23,"key":"Anchor"},{"floor":24,"key":"Boot"}],"event_choices":[{"damage_healed":0,"gold_gain":0,"player_choice":"Upgraded","damage_taken":0,"max_hp_gain":0,"max_hp_loss":0,"event_name":"Upgrade Shrine","floor":2,"gold_loss":0,"cards_upgraded":["Genetic Algorithm"]},{"cards_removed":["Defend_B"],"damage_healed":0,"gold_gain":0,"player_choice":"Offered Basic","damage_taken":0,"max_hp_gain":0,"max_hp_loss":0,"event_name":"Bonfire Elementals","floor":12,"gold_loss":0},{"damage_healed":0,"gold_gain":0,"player_choice":"Fought Mushrooms","damage_taken":0,"max_hp_gain":0,"max_hp_loss":0,"event_name":"Mushrooms","floor":14,"gold_loss":0},{"cards_removed":["Strike_B"],"damage_healed":0,"gold_gain":0,"player_choice":"Gave Gold","damage_taken":0,"max_hp_gain":0,"max_hp_loss":0,"event_name":"Beggar","floor":22,"gold_loss":75}],"is_beta":false,"boss_relics":[{"not_picked":["Fusion Hammer","Snecko Eye"],"picked":"Black Star"}],"items_purged_floors":[19],"is_endless":false,"potions_floor_spawned":[1,4,11,13,16,18],"killed_by":"Slavers","ascension_level":1}