{"gold_per_floor":[115,132,132,149,199,229,229,257,257,257,273,300,318,328,328,406,406,416,427,274,290,340,340,374,374,454,11,11,11,43,143,143,221,221,234,234,253,353,11,11,41,41,64,90,90,109,124,135,135,135,135,135,135,58,83,83],"floor_reached":57,"playtime":3520,"items_purged":["Expertise","Dagger Throw"],"score":2886,"play_id":"77cdc732-f1bd-48d6-be45-f70462c0f627","local_time":"20190623021136","is_ascension_mode":true,"campfire_choices":[{"floor":7,"key":"REST"},{"data":"Crippling Poison","floor":10,"key":"SMITH"},{"floor":15,"key":"REST"},{"data":"Neutralize","floor":23,"key":"SMITH"},{"data":"Adrenaline","floor":28,"key":"SMITH"},{"data":"Deadly Poison","floor":32,"key":"SMITH"},{"data":"Catalyst","floor":40,"key":"SMITH"},{"floor":42,"key":"RECALL"},{"data":"Dodge and Roll","floor":45,"key":"SMITH"},{"data":"PiercingWail","floor":49,"key":"SMITH"},{"data":"Backflip","floor":53,"key":"SMITH"}],"neow_cost":"TEN_PERCENT_HP_LOSS","seed_source_timestamp":458527965302628,"circlet_count":0,"master_deck":["AscendersBane","Survivor","Neutralize+1","PiercingWail+1","Crippling Poison+1","Infinite Blades","Backstab","Deadly Poison+1","Dodge and Roll+1","Adrenaline+1","Bane","Noxious Fumes+1","Deflect","After Image+1","Skewer","Accuracy+1","Masterful Stab","Backflip","Caltrops+1","Noxious Fumes+1","After Image+1","Cloak And Dagger","Well Laid Plans+1","Catalyst+1","Backflip+1","Footwork+1","Backflip","Footwork+1","Malaise"],"relics":["Ring of the Snake","Gambling Chip","Regal Pillow","Frozen Egg 2","Vajra","PreservedInsect","Pandora\u0027s Box","Pear","Bag of Marbles","Pantograph","Happy Flower","Anchor","Unceasing Top","Meat on the Bone","Philosopher\u0027s Stone","Nunchaku","Snake Skull","Potion Belt","Paper Crane","Dodecahedron","Blood Vial"],"potions_floor_usage":[6,8,13,24,24,38,55,56,56,56],"damage_taken":[{"damage":1,"enemies":"Jaw Worm","floor":1,"turns":4},{"damage":3,"enemies":"Small Slimes","floor":2,"turns":4},{"damage":3,"enemies":"Cultist","floor":4,"turns":4},{"damage":23,"enemies":"3 Sentries","floor":6,"turns":9},{"damage":26,"enemies":"Gremlin Nob","floor":8,"turns":4},{"damage":3,"enemies":"Looter","floor":11,"turns":3},{"damage":15,"enemies":"Lagavulin","floor":12,"turns":5},{"damage":10,"enemies":"Exordium Thugs","floor":13,"turns":5},{"damage":0,"enemies":"Exordium Wildlife","floor":14,"turns":3},{"damage":21,"enemies":"The Guardian","floor":16,"turns":13},{"damage":1,"enemies":"Spheric Guardian","floor":18,"turns":4},{"damage":7,"enemies":"Shell Parasite","floor":19,"turns":5},{"damage":13,"enemies":"Snake Plant","floor":21,"turns":4},{"damage":3,"enemies":"Book of Stabbing","floor":24,"turns":4},{"damage":0,"enemies":"Slavers","floor":30,"turns":5},{"damage":0,"enemies":"Colosseum Slavers","floor":31,"turns":5},{"damage":0,"enemies":"Colosseum Nobs","floor":31,"turns":2},{"damage":39,"enemies":"Collector","floor":33,"turns":8},{"damage":0,"enemies":"Orb Walker","floor":35,"turns":4},{"damage":0,"enemies":"3 Shapes","floor":37,"turns":6},{"damage":0,"enemies":"Mind Bloom Boss Battle","floor":38,"turns":5},{"damage":23,"enemies":"Nemesis","floor":41,"turns":5},{"damage":0,"enemies":"Giant Head","floor":44,"turns":5},{"damage":0,"enemies":"3 Darklings","floor":46,"turns":4},{"damage":0,"enemies":"Writhing Mass","floor":47,"turns":6},{"damage":0,"enemies":"4 Shapes","floor":48,"turns":4},{"damage":11,"enemies":"Time Eater","floor":50,"turns":9},{"damage":4,"enemies":"Donu and Deca","floor":51,"turns":8},{"damage":0,"enemies":"Shield and Spear","floor":55,"turns":6},{"damage":36,"enemies":"The Heart","floor":56,"turns":10}],"seed_played":"-6730494299157566164","potions_obtained":[{"floor":1,"key":"SkillPotion"},{"floor":4,"key":"Strength Potion"},{"floor":8,"key":"Energy Potion"},{"floor":14,"key":"Ancient Potion"},{"floor":16,"key":"Energy Potion"},{"floor":19,"key":"EssenceOfSteel"},{"floor":21,"key":"AttackPotion"},{"floor":24,"key":"SpeedPotion"},{"floor":37,"key":"Fruit Juice"},{"floor":38,"key":"Dexterity Potion"},{"floor":44,"key":"Dexterity Potion"},{"floor":46,"key":"SkillPotion"},{"floor":55,"key":"AttackPotion"}],"is_trial":false,"path_per_floor":["M","M","?","M","?","E","R","E","T","R","M","E","M","M","R","B",null,"M","M","$","M","?","R","E","T","T","$","R","$","E","?","R","B",null,"M","?","M","?","$","R","E","R","T","E","R","M","M","M","R","B","B",null,"R","$","E","B",null],"character_chosen":"THE_SILENT","items_purchased":["Noxious Fumes+1","Happy Flower","After Image+1","Snake Skull","Potion Belt","Footwork+1"],"campfire_rested":2,"item_purchase_floors":[20,27,27,39,39,54],"current_hp_per_floor":[58,55,48,45,45,22,55,29,29,29,26,11,1,1,34,13,48,47,40,40,27,27,27,34,34,34,34,34,34,34,34,34,32,61,61,51,51,75,75,75,52,52,52,52,52,52,52,52,52,64,71,74,74,74,74,39],"gold":83,"neow_bonus":"ONE_RARE_RELIC","is_prod":false,"is_daily":false,"chose_seed":false,"campfire_upgraded":8,"win_rate":0,"timestamp":1561252296,"path_taken":["M","M","?","M","?","E","R","E","T","R","?","E","M","M","R","BOSS","M","M","$","M","?","R","E","?","T","$","R","?","E","?","R","BOSS","M","?","M","?","?","R","E","R","T","E","R","M","M","M","R","BOSS","BOSS","R","$","E","BOSS"],"build_version":"2019-06-21","purchased_purges":2,"victory":true,"max_hp_per_floor":[60,60,60,60,60,60,60,60,60,60,60,60,60,60,60,60,60,60,60,60,60,60,60,70,70,70,70,70,70,70,70,70,70,70,70,70,70,75,75,75,75,75,75,75,75,75,75,75,75,75,75,75,75,75,75,75],"card_choices":[{"not_picked":["Blur","Deflect"],"picked":"PiercingWail","floor":1},{"not_picked":["Acrobatics","Reflex"],"picked":"Crippling Poison","floor":2},{"not_picked":["Tactician","Deflect"],"picked":"Infinite Blades","floor":4},{"not_picked":["Endless Agony","Slice"],"picked":"Backstab","floor":6},{"not_picked":["Bane","Sucker Punch","Accuracy"],"picked":"SKIP","floor":8},{"not_picked":["Distraction","Slice"],"picked":"Deadly Poison","floor":11},{"not_picked":["Bullet Time","Skewer","Predator"],"picked":"SKIP","floor":12},{"not_picked":["Terror","Cloak And Dagger"],"picked":"Dodge and Roll","floor":13},{"not_picked":["Flying Knee","Distraction","Setup"],"picked":"SKIP","floor":14},{"not_picked":["Glass Knife","Tools of the Trade+1"],"picked":"Adrenaline","floor":16},{"not_picked":["Dagger Throw","Poisoned Stab"],"picked":"Backflip","floor":18},{"not_picked":["Blade Dance","Concentrate"],"picked":"Caltrops+1","floor":19},{"not_picked":["Expertise+1","Riddle With Holes","Unload"],"picked":"SKIP","floor":21},{"not_picked":["Prepared","Sucker Punch","Storm of Steel"],"picked":"SKIP","floor":24},{"not_picked":["Sucker Punch","Quick Slash"],"picked":"Cloak And Dagger","floor":30},{"not_picked":["Tactician+1","Backflip"],"picked":"Well Laid Plans+1","floor":31},{"not_picked":["Blade Dance","Concentrate","Cloak And Dagger"],"picked":"SKIP","floor":35},{"not_picked":["Outmaneuver+1","Dodge and Roll"],"picked":"Catalyst","floor":37},{"not_picked":["Sucker Punch","Endless Agony"],"picked":"Backflip","floor":38},{"not_picked":["Flying Knee+1","Finisher","Dagger Spray+1"],"picked":"SKIP","floor":41},{"not_picked":["Infinite Blades+1","Endless Agony","Reflex"],"picked":"SKIP","floor":44},{"not_picked":["Die Die Die","Blade Dance+1"],"picked":"Footwork+1","floor":46},{"not_picked":["Bane+1","Poisoned Stab"],"picked":"Backflip","floor":47},{"not_picked":["Backflip","Underhanded Strike","Escape Plan"],"picked":"SKIP","floor":48},{"not_picked":["Escape Plan","Poisoned Stab"],"picked":"Malaise","floor":55}],"player_experience":2139698,"relics_obtained":[{"floor":6,"key":"Regal Pillow"},{"floor":8,"key":"Frozen Egg 2"},{"floor":9,"key":"Vajra"},{"floor":12,"key":"PreservedInsect"},{"floor":24,"key":"Pear"},{"floor":25,"key":"Bag of Marbles"},{"floor":26,"key":"Pantograph"},{"floor":30,"key":"Anchor"},{"floor":31,"key":"Unceasing Top"},{"floor":31,"key":"Meat on the Bone"},{"floor":38,"key":"Nunchaku"},{"floor":41,"key":"Paper Crane"},{"floor":44,"key":"Dodecahedron"},{"floor":55,"key":"Blood Vial"}],"event_choices":[{"cards_removed":["Defend_G"],"damage_healed":0,"gold_gain":0,"player_choice":"Card Removal","damage_taken":7,"max_hp_gain":0,"max_hp_loss":0,"event_name":"Golden Wing","floor":3,"gold_loss":0},{"damage_healed":0,"gold_gain":50,"player_choice":"Pray","damage_taken":0,"max_hp_gain":0,"max_hp_loss":0,"event_name":"Golden Shrine","floor":5,"gold_loss":0},{"damage_healed":0,"gold_gain":50,"player_choice":"Stole From Cult","damage_taken":0,"max_hp_gain":0,"max_hp_loss":0,"event_name":"Nest","floor":22,"gold_loss":0},{"damage_healed":0,"gold_gain":0,"player_choice":"Fight","damage_taken":0,"max_hp_gain":0,"max_hp_loss":0,"event_name":"Colosseum","floor":31,"gold_loss":0},{"damage_healed":0,"gold_gain":0,"player_choice":"Fought Nobs","damage_taken":0,"max_hp_gain":0,"max_hp_loss":0,"event_name":"Colosseum","floor":31,"gold_loss":0},{"damage_healed":0,"gold_gain":0,"player_choice":"Memory 3","damage_taken":10,"max_hp_gain":0,"max_hp_loss":0,"event_name":"SensoryStone","floor":36,"gold_loss":0},{"damage_healed":0,"gold_gain":0,"player_choice":"Fight","damage_taken":0,"max_hp_gain":0,"max_hp_loss":0,"event_name":"MindBloom","floor":38,"gold_loss":0}],"is_beta":true,"boss_relics":[{"not_picked":["White Beast Statue","HoveringKite"],"picked":"Pandora\u0027s Box"},{"not_picked":["Black Star","Fusion Hammer"],"picked":"Philosopher\u0027s Stone"}],"items_purged_floors":[20,27],"is_endless":false,"potions_floor_spawned":[1,4,8,14,16,19,21,24,37,38,44,46,48,55],"ascension_level":20}