{"gold_per_floor":[109,120,120,120,130,130,150,161,161,175,175,175,203,49,49,126,126,99,117,136,136,136,136,167,167,193,210,210,210,24,53,53,127,127,145,20,20,36,36,36,51,51,77,105,105,122,122,134,134,134,134],"floor_reached":52,"playtime":2446,"items_purged":["Strike_R","Strike_R","Strike_R"],"score":1790,"play_id":"4dfb365a-9e5f-4326-b17f-02176a7e4ad2","local_time":"20180920000934","is_ascension_mode":true,"campfire_choices":[{"data":"Shockwave","floor":6,"key":"SMITH"},{"data":"Anger","floor":12,"key":"SMITH"},{"data":"Disarm","floor":15,"key":"SMITH"},{"data":"Whirlwind","floor":23,"key":"SMITH"},{"data":"Sword Boomerang","floor":28,"key":"SMITH"},{"data":"Metallicize","floor":32,"key":"SMITH"},{"data":"Shrug It Off","floor":40,"key":"SMITH"},{"data":"Offering","floor":42,"key":"SMITH"},{"floor":49,"key":"DIG"}],"neow_cost":"NONE","seed_source_timestamp":180868793940317,"circlet_count":0,"master_deck":["Strike_R","Defend_R","Defend_R+1","Defend_R+1","Defend_R","AscendersBane","Shockwave+1","Anger+1","Shrug It Off","Demon Form+1","Metallicize+1","Reaper","Disarm+1","Reaper","Flame Barrier+1","Whirlwind+1","Sword Boomerang+1","Pummel","Disarm+1","Immolate","Shrug It Off+1","Offering+1","Mayhem","Writhe","Shrug It Off"],"relics":["Burning Blood","Dream Catcher","Meat on the Bone","Blue Candle","Coffee Dripper","Ornamental Fan","Bronze Scales","War Paint","Pear","Velvet Choker","Pen Nib","Shovel","Shuriken"],"potions_floor_usage":[8,13,16,18,24,27,31,44,50,51],"damage_taken":[{"damage":19,"enemies":"Jaw Worm","floor":1,"turns":5},{"damage":7,"enemies":"2 Louse","floor":2,"turns":4},{"damage":3,"enemies":"Cultist","floor":5,"turns":4},{"damage":20,"enemies":"Large Slime","floor":7,"turns":6},{"damage":34,"enemies":"Gremlin Gang","floor":8,"turns":6},{"damage":4,"enemies":"Looter","floor":10,"turns":5},{"damage":9,"enemies":"Lagavulin","floor":13,"turns":6},{"damage":16,"enemies":"The Guardian","floor":16,"turns":10},{"damage":14,"enemies":"2 Thieves","floor":18,"turns":4},{"damage":4,"enemies":"3 Byrds","floor":19,"turns":5},{"damage":3,"enemies":"Snake Plant","floor":20,"turns":5},{"damage":26,"enemies":"Book of Stabbing","floor":24,"turns":5},{"damage":12,"enemies":"Chosen and Byrds","floor":27,"turns":10},{"damage":16,"enemies":"Gremlin Leader","floor":31,"turns":6},{"damage":92,"enemies":"Collector","floor":33,"turns":10},{"damage":23,"enemies":"Orb Walker","floor":35,"turns":4},{"damage":20,"enemies":"3 Darklings","floor":38,"turns":3},{"damage":27,"enemies":"4 Shapes","floor":41,"turns":12},{"damage":47,"enemies":"2 Orb Walkers","floor":44,"turns":4},{"damage":18,"enemies":"Sphere and 2 Shapes","floor":46,"turns":5},{"damage":14,"enemies":"Maw","floor":48,"turns":7},{"damage":36,"enemies":"Time Eater","floor":50,"turns":9},{"damage":68,"enemies":"Donu and Deca","floor":51,"turns":8}],"seed_played":"-2256140289392765007","potions_obtained":[{"floor":2,"key":"Block Potion"},{"floor":8,"key":"EssenceOfSteel"},{"floor":10,"key":"Energy Potion"},{"floor":13,"key":"Swift Potion"},{"floor":18,"key":"Ancient Potion"},{"floor":20,"key":"Poison Potion"},{"floor":24,"key":"Energy Potion"},{"floor":41,"key":"BloodPotion"},{"floor":44,"key":"SkillPotion"}],"is_trial":false,"path_per_floor":["M","M","?","?","M","R","M","M","T","M","?","R","E","$","R","B",null,"M","M","M","?","?","R","E","?","T","M","R","T","$","E","R","B",null,"M","$","?","M","?","R","M","R","T","E","?","M","?","M","R","B","B"],"character_chosen":"IRONCLAD","items_purchased":["Disarm","Shrug It Off","Strength Potion"],"campfire_rested":0,"item_purchase_floors":[14,30,30],"current_hp_per_floor":[55,54,54,54,57,57,43,15,15,29,29,29,38,38,38,70,74,75,75,75,75,75,75,55,55,55,72,72,72,72,85,85,85,85,75,75,65,51,68,68,57,57,57,60,60,65,65,85,85,85,51],"gold":134,"neow_bonus":"RANDOM_COMMON_RELIC","is_prod":false,"is_daily":false,"chose_seed":false,"campfire_upgraded":8,"win_rate":0,"timestamp":1537398574,"path_taken":["M","M","?","?","M","R","M","?","T","M","?","R","E","$","R","BOSS","M","M","M","?","?","R","E","?","T","?","R","?","$","E","R","BOSS","M","$","?","M","?","R","?","R","T","E","?","M","?","M","R","BOSS","BOSS"],"build_version":"2018-09-18v3","purchased_purges":3,"victory":true,"max_hp_per_floor":[75,75,75,75,75,75,75,75,75,75,75,75,75,75,75,75,75,75,75,75,75,75,75,75,75,75,75,75,75,75,85,85,85,85,85,85,85,85,85,85,85,85,85,85,85,85,85,85,85,85,85],"card_choices":[{"not_picked":["Wild Strike","Pommel Strike"],"picked":"Shockwave","floor":1},{"not_picked":["Rupture","Iron Wave"],"picked":"Anger","floor":2},{"not_picked":["Flex","Armaments"],"picked":"Shrug It Off","floor":5},{"not_picked":["Iron Wave","Thunderclap"],"picked":"Demon Form","floor":7},{"not_picked":["Fire Breathing","Thunderclap"],"picked":"Metallicize","floor":8},{"not_picked":["Wild Strike","Carnage","Heavy Blade"],"picked":"SKIP","floor":10},{"not_picked":["Intimidate","Seeing Red"],"picked":"Reaper","floor":13},{"not_picked":["Demon Form","Barricade"],"picked":"Reaper","floor":16},{"not_picked":["Shrug It Off","Feel No Pain+1"],"picked":"Flame Barrier+1","floor":18},{"not_picked":["Iron Wave","Perfected Strike"],"picked":"Whirlwind","floor":19},{"not_picked":["Perfected Strike","Seeing Red"],"picked":"Sword Boomerang","floor":20},{"not_picked":["Armaments","Warcry"],"picked":"Pummel","floor":24},{"not_picked":["Shockwave","Clothesline"],"picked":"Immolate","floor":27},{"not_picked":["Juggernaut","Anger","Sever Soul"],"picked":"SKIP","floor":31},{"not_picked":["Brutality","Dark Embrace"],"picked":"Offering","floor":33},{"not_picked":["Wild Strike+1","Intimidate+1","Clash"],"picked":"SKIP","floor":35},{"not_picked":["Madness","PanicButton"],"picked":"Mayhem","floor":37},{"not_picked":["Sword Boomerang+1","Twin Strike+1","Headbutt+1"],"picked":"SKIP","floor":38},{"not_picked":["Body Slam","Dropkick"],"picked":"Shrug It Off","floor":41},{"not_picked":["Hemokinesis+1","Thunderclap","Rampage+1"],"picked":"SKIP","floor":44},{"not_picked":["Shockwave","Wild Strike+1","Bloodletting"],"picked":"SKIP","floor":46},{"not_picked":["Feel No Pain","Dual Wield","Second Wind"],"picked":"SKIP","floor":48}],"player_experience":1326822,"relics_obtained":[{"floor":9,"key":"Meat on the Bone"},{"floor":13,"key":"Blue Candle"},{"floor":24,"key":"Ornamental Fan"},{"floor":26,"key":"Bronze Scales"},{"floor":29,"key":"War Paint"},{"floor":31,"key":"Pear"},{"floor":43,"key":"Pen Nib"},{"floor":44,"key":"Shovel"},{"floor":49,"key":"Shuriken"}],"event_choices":[{"event_name":"Living Wall","player_choice":"Grow","floor":3,"damage_taken":0},{"event_name":"Liars Game","player_choice":"disagreed","floor":4,"damage_taken":0},{"event_name":"Accursed Blacksmith","player_choice":"Forge","floor":11,"damage_taken":0},{"event_name":"Ghosts","player_choice":"Ignored","floor":21,"damage_taken":0},{"event_name":"Bonfire Elementals","player_choice":"BASIC","floor":22,"damage_taken":0},{"event_name":"Duplicator","player_choice":"One dupe","floor":25,"damage_taken":0},{"event_name":"SensoryStone","player_choice":"Memory 3","floor":37,"damage_taken":0},{"event_name":"Winding Halls","player_choice":"Writhe","floor":39,"damage_taken":0},{"event_name":"The Lab","player_choice":"Got Potions","floor":45,"damage_taken":0},{"event_name":"Falling","player_choice":"Removed Attack","floor":47,"damage_taken":0}],"is_beta":true,"boss_relics":[{"not_picked":["Cursed Key","White Beast Statue"],"picked":"Coffee Dripper"},{"not_picked":["Runic Dome","Mark of Pain"],"picked":"Velvet Choker"}],"items_purged_floors":[14,30,36],"is_endless":false,"potions_floor_spawned":[2,8,10,13,18,20,24,41,44,46],"ascension_level":20}