{"gold_per_floor":[110,110,120,120,134,164,164,174,174,185,185,203,213,226,226,226],"floor_reached":16,"playtime":913,"items_purged":[],"score":106,"play_id":"4929d662-8236-4dd4-8854-38577dc7aeb3","local_time":"20190804031832","is_ascension_mode":false,"campfire_choices":[{"data":"MasterSpark","floor":7,"key":"SMITH"},{"data":"UltimateShortwave","floor":11,"key":"SMITH"},{"floor":15,"key":"REST"}],"neow_cost":"NONE","seed_source_timestamp":81042822523000,"circlet_count":0,"master_deck":["Strike_MRS","Strike_MRS","Strike_MRS","Strike_MRS","Defend_MRS","Defend_MRS","Defend_MRS","Defend_MRS","MasterSpark+1","UpSweep","SprinkleStarSeal","TreasureHunter","UltimateShortwave+1"],"relics":["MiniHakkero","NeowsBlessing","Orichalcum","Du-Vu Doll","The Courier"],"potions_floor_usage":[14,16],"damage_taken":[{"damage":0,"enemies":"Small Slimes","floor":1,"turns":1},{"damage":0,"enemies":"Cultist","floor":3,"turns":1},{"damage":0,"enemies":"Jaw Worm","floor":5,"turns":1},{"damage":34,"enemies":"Lagavulin","floor":6,"turns":8},{"damage":21,"enemies":"Lots of Slimes","floor":8,"turns":5},{"damage":0,"enemies":"2 Fungi Beasts","floor":10,"turns":4},{"damage":11,"enemies":"Large Slime","floor":12,"turns":8},{"damage":7,"enemies":"3 Louse","floor":13,"turns":3},{"damage":0,"enemies":"Looter","floor":14,"turns":2},{"damage":26,"enemies":"Slime Boss","floor":16,"turns":6}],"seed_played":"-6592255284766556505","potions_obtained":[{"floor":1,"key":"ShroomBrew"},{"floor":6,"key":"SpeedPotion"},{"floor":13,"key":"Block Potion"},{"floor":14,"key":"SpeedPotion"}],"is_trial":false,"path_per_floor":["M","?","M","?","M","E","R","M","T","M","R","M","M","M","R","B"],"character_chosen":"MARISA","items_purchased":[],"campfire_rested":1,"item_purchase_floors":[],"current_hp_per_floor":[75,75,75,75,75,41,41,20,20,20,20,9,2,2,24,0],"gold":226,"neow_bonus":"THREE_ENEMY_KILL","is_prod":false,"is_daily":false,"chose_seed":false,"campfire_upgraded":2,"win_rate":0.0,"timestamp":1564856312,"path_taken":["M","?","?","?","?","E","R","M","T","M","R","M","M","M","R","BOSS"],"build_version":"2019-07-17","purchased_purges":0,"victory":false,"max_hp_per_floor":[75,75,75,75,75,75,75,75,75,75,75,75,75,75,75,75],"card_choices":[{"not_picked":["MachineGunSpark","WitchOfGreed"],"picked":"SprinkleStarSeal","floor":1},{"not_picked":["MagicChant","PowerUp","StarBarrage"],"picked":"SKIP","floor":3},{"not_picked":["GalacticHalo","SporeBomb","DarkSpark"],"picked":"SKIP","floor":5},{"not_picked":["DragonMeteor","GasGiant","SprinkleStarSeal"],"picked":"SKIP","floor":6},{"not_picked":["PowerUp","MagicChant","GrandCross"],"picked":"SKIP","floor":8},{"not_picked":["AsteroidBelt","DC"],"picked":"UltimateShortwave","floor":10},{"not_picked":["EarthLightRay","AsteroidBelt","UnstableBomb"],"picked":"SKIP","floor":12},{"not_picked":["WitchOfGreed","6A","ManaConvection"],"picked":"SKIP","floor":13},{"not_picked":["WitchLeyline","TreasureHunter","ShootingEcho"],"picked":"SKIP","floor":14}],"player_experience":133162,"relics_obtained":[{"floor":6,"key":"Orichalcum"},{"floor":6,"key":"Du-Vu Doll"},{"floor":9,"key":"The Courier"}],"event_choices":[{"damage_healed":0,"gold_gain":0,"player_choice":"1 cards matched","damage_taken":0,"max_hp_gain":0,"max_hp_loss":0,"event_name":"Match and Keep!","floor":2,"gold_loss":0,"cards_obtained":["TreasureHunter"]},{"damage_healed":0,"gold_gain":0,"player_choice":"Bought 0 Potions","damage_taken":0,"max_hp_gain":0,"max_hp_loss":0,"event_name":"The Woman in Blue","floor":4,"gold_loss":0}],"is_beta":false,"boss_relics":[],"items_purged_floors":[],"is_endless":false,"potions_floor_spawned":[1,6,13,14],"killed_by":"Slime Boss","ascension_level":0}