{"gold_per_floor":[116,116,116,132,149,149,180,199,199,233,246,35,35,63,63,140,140,150,100,120,154,164,193,193,222,222,251,251,251,263,297,297,372,372,387,397,416,36,46,79,97,97,124,135,165,165,183,210,210,210,210,210,210,43,72,72],"floor_reached":57,"playtime":5428,"items_purged":["Strike_B"],"score":3284,"play_id":"a1df19ef-3b1e-4f33-9359-6c570dfa98c2","local_time":"20190812001614","is_ascension_mode":true,"campfire_choices":[{"floor":6.0,"key":"REST"},{"data":"Ball Lightning","floor":13.0,"key":"SMITH"},{"data":"Go for the Eyes","floor":15.0,"key":"SMITH"},{"data":"Fission","floor":24.0,"key":"SMITH"},{"floor":29.0,"key":"REST"},{"data":"Self Repair","floor":32.0,"key":"SMITH"},{"floor":42.0,"key":"RECALL"},{"data":"Biased Cognition","floor":46.0,"key":"SMITH"},{"data":"Defragment","floor":49.0,"key":"SMITH"},{"data":"Fission","floor":53,"key":"SMITH"}],"neow_cost":"NONE","seed_source_timestamp":0,"circlet_count":0,"master_deck":["AscendersBane","Strike_B","Strike_B","Defend_B","Defend_B","Defend_B","Defend_B","Zap+1","Dualcast","Compile Driver","Ball Lightning+1","Go for the Eyes+1","Gash","Gash","Genetic Algorithm","Echo Form","Cold Snap","BootSequence","Undo","Self Repair+1","Fission+1","Coolheaded","Echo Form","Leap+1","Chill","Core Surge","Compile Driver","Hologram","Fission+1","Steam+1","Biased Cognition+1","Defragment+1","Double Energy"],"special_seed":0,"relics":["Cracked Core","Smiling Mask","Symbiotic Virus","StoneCalendar","Pocketwatch","Lee\u0027s Waffle","Dead Branch","Nuclear Battery","Red Mask","Girya","Dodecahedron","FossilizedHelix","Mercury Hourglass","Question Card","Coffee Dripper","Bag of Preparation","OrangePellets","Pear","Lantern","Du-Vu Doll","Bronze Scales","Bottled Tornado"],"potions_floor_usage":[50,50,50,56],"damage_taken":[{"damage":14.0,"enemies":"Jaw Worm","floor":1.0,"turns":4.0},{"damage":8.0,"enemies":"Small Slimes","floor":4.0,"turns":3.0},{"damage":6.0,"enemies":"Cultist","floor":5.0,"turns":3.0},{"damage":27.0,"enemies":"Lagavulin","floor":7.0,"turns":6.0},{"damage":0.0,"enemies":"Large Slime","floor":8.0,"turns":3.0},{"damage":15.0,"enemies":"3 Sentries","floor":10.0,"turns":5.0},{"damage":5.0,"enemies":"Red Slaver","floor":11.0,"turns":3.0},{"damage":6.0,"enemies":"Gremlin Nob","floor":14.0,"turns":3.0},{"damage":28.0,"enemies":"Slime Boss","floor":16.0,"turns":7.0},{"damage":15.0,"enemies":"Shell Parasite","floor":18.0,"turns":4.0},{"damage":12.0,"enemies":"2 Thieves","floor":20.0,"turns":3.0},{"damage":20.0,"enemies":"Masked Bandits","floor":21.0,"turns":4.0},{"damage":0.0,"enemies":"3 Cultists","floor":22.0,"turns":5.0},{"damage":6.0,"enemies":"Book of Stabbing","floor":23.0,"turns":5.0},{"damage":20.0,"enemies":"Slavers","floor":25.0,"turns":5.0},{"damage":0.0,"enemies":"Book of Stabbing","floor":27.0,"turns":5.0},{"damage":0.0,"enemies":"Sentry and Sphere","floor":30.0,"turns":7.0},{"damage":8.0,"enemies":"Slavers","floor":31.0,"turns":4.0},{"damage":0.0,"enemies":"Collector","floor":33.0,"turns":9.0},{"damage":0.0,"enemies":"3 Darklings","floor":35.0,"turns":4.0},{"damage":0.0,"enemies":"3 Shapes","floor":36.0,"turns":2.0},{"damage":0.0,"enemies":"Transient","floor":37.0,"turns":6.0},{"damage":0.0,"enemies":"Spire Growth","floor":39.0,"turns":5.0},{"damage":0.0,"enemies":"Nemesis","floor":40.0,"turns":7.0},{"damage":0.0,"enemies":"Jaw Worm Horde","floor":41.0,"turns":5.0},{"damage":0.0,"enemies":"Writhing Mass","floor":44.0,"turns":6.0},{"damage":9.0,"enemies":"Reptomancer","floor":45.0,"turns":6.0},{"damage":0.0,"enemies":"Maw","floor":47.0,"turns":6.0},{"damage":0.0,"enemies":"Nemesis","floor":48.0,"turns":9.0},{"damage":24,"enemies":"Time Eater","floor":50,"turns":10},{"damage":0,"enemies":"Donu and Deca","floor":51,"turns":11},{"damage":0,"enemies":"Shield and Spear","floor":55,"turns":5},{"damage":83,"enemies":"The Heart","floor":56,"turns":11}],"seed_played":"36113432764839597","potions_obtained":[{"floor":7.0,"key":"Weak Potion"},{"floor":14.0,"key":"SkillPotion"},{"floor":16.0,"key":"LiquidBronze"},{"floor":23.0,"key":"SteroidPotion"},{"floor":27.0,"key":"GamblersBrew"},{"floor":31.0,"key":"EntropicBrew"},{"floor":40.0,"key":"LiquidBronze"},{"floor":45.0,"key":"EntropicBrew"}],"is_trial":false,"path_per_floor":["M","?","?","M","M","R","E","M","T","E","M","$","R","E","R","B",null,"M","$","M","?","M","E","R","E","T","E","?","R","M","E","R","B",null,"M","M","M","$","M","E","M","R","T","M","E","R","M","E","R","B","B",null,"R","$","E","B",null],"character_chosen":"DEFECT","items_purchased":["Lee\u0027s Waffle","Bag of Preparation","OrangePellets","Bronze Scales"],"campfire_rested":2,"item_purchase_floors":[12,38,38,54],"current_hp_per_floor":[50,50,43,35,29,50,23,23,23,8,3,78,78,72,72,44,70,55,55,43,23,23,24,24,18,18,25,25,48,62,61,61,78,78,78,78,78,78,78,88,88,88,88,88,88,88,88,88,88,74,88,88,88,88,88,5],"gold":72,"neow_bonus":"RANDOM_COMMON_RELIC","is_prod":false,"is_daily":false,"chose_seed":false,"campfire_upgraded":7,"win_rate":0,"timestamp":1565565374,"path_taken":["M","?","?","M","M","R","E","M","T","E","M","$","R","E","R","BOSS","M","$","M","?","M","E","R","E","T","E","?","R","M","E","R","BOSS","M","M","M","$","M","E","M","R","T","M","E","R","?","E","R","BOSS","BOSS","R","$","E","BOSS"],"build_version":"2019-07-18","purchased_purges":1,"victory":true,"max_hp_per_floor":[71,71,71,71,71,71,71,71,71,71,71,78,78,78,78,78,78,78,78,78,78,78,78,78,78,78,78,78,78,78,78,78,78,78,78,78,78,78,78,88,88,88,88,88,88,88,88,88,88,88,88,88,88,88,88,88],"card_choices":[{"not_picked":["Leap","Coolheaded"],"picked":"Compile Driver","floor":1.0},{"not_picked":["Cold Snap","Leap"],"picked":"Ball Lightning","floor":4.0},{"not_picked":["Hologram","Leap"],"picked":"Go for the Eyes","floor":5.0},{"not_picked":["Melter","Hologram"],"picked":"Gash","floor":7.0},{"not_picked":["Melter","Recycle"],"picked":"Gash","floor":8.0},{"not_picked":["Conserve Battery","Streamline"],"picked":"Genetic Algorithm","floor":10.0},{"not_picked":["Beam Cell","Rip and Tear","Compile Driver"],"picked":"SKIP","floor":11.0},{"not_picked":["Steam Power","Go for the Eyes","Ball Lightning"],"picked":"SKIP","floor":14.0},{"not_picked":["Biased Cognition","Thunder Strike"],"picked":"Echo Form","floor":16.0},{"not_picked":["Sweeping Beam","Stack"],"picked":"Cold Snap","floor":18.0},{"not_picked":["Leap","Hologram"],"picked":"BootSequence","floor":20.0},{"not_picked":["Scrape","Stack"],"picked":"Undo","floor":21.0},{"not_picked":["Rebound","Ball Lightning"],"picked":"Self Repair","floor":22.0},{"not_picked":["BootSequence","Conserve Battery"],"picked":"Fission","floor":23.0},{"not_picked":["Redo+1","Fission"],"picked":"Coolheaded","floor":25.0},{"not_picked":["Rip and Tear","Steam","Turbo"],"picked":"SKIP","floor":27.0},{"not_picked":["Conserve Battery","Ball Lightning"],"picked":"Leap+1","floor":30.0},{"not_picked":["Leap+1","Multi-Cast"],"picked":"Chill","floor":31.0},{"not_picked":["Seek","Rainbow","Reboot"],"picked":"Core Surge","floor":33.0},{"not_picked":["Gash","Compile Driver","Rebound","Redo"],"picked":"SKIP","floor":35.0},{"not_picked":["Ball Lightning","Lockon","Stack","Leap"],"picked":"SKIP","floor":36.0},{"not_picked":["Fusion","Conserve Battery","Tempest+1"],"picked":"Compile Driver","floor":37.0},{"not_picked":["Conserve Battery+1","Chill","Stack"],"picked":"Hologram","floor":39.0},{"not_picked":["Machine Learning","Conserve Battery+1","Sweeping Beam"],"picked":"Fission","floor":40.0},{"not_picked":["Conserve Battery","Gash","Cold Snap"],"picked":"Steam+1","floor":41.0},{"not_picked":["Blizzard","Redo","Fission","Conserve Battery"],"picked":"SKIP","floor":44.0},{"not_picked":["Hyperbeam","Double Energy","Cold Snap"],"picked":"Biased Cognition","floor":45.0},{"not_picked":["Ball Lightning","Cold Snap","Sunder+1"],"picked":"Defragment","floor":47.0},{"not_picked":["Meteor Strike","Skim+1","Ball Lightning"],"picked":"Double Energy","floor":48.0},{"not_picked":["Rip and Tear","Compile Driver","Gash","Streamline"],"picked":"SKIP","floor":55}],"player_experience":2306403,"relics_obtained":[{"floor":7.0,"key":"Symbiotic Virus"},{"floor":9.0,"key":"StoneCalendar"},{"floor":10.0,"key":"Pocketwatch"},{"floor":14.0,"key":"Dead Branch"},{"floor":21.0,"key":"Red Mask"},{"floor":23.0,"key":"Girya"},{"floor":25.0,"key":"Dodecahedron"},{"floor":26.0,"key":"FossilizedHelix"},{"floor":27.0,"key":"Mercury Hourglass"},{"floor":31.0,"key":"Question Card"},{"floor":40.0,"key":"Pear"},{"floor":45.0,"key":"Lantern"},{"floor":48.0,"key":"Du-Vu Doll"},{"floor":55,"key":"Bottled Tornado"}],"event_choices":[{"damage_healed":0.0,"max_hp_gain":0.0,"max_hp_loss":0.0,"gold_gain":0.0,"event_name":"Living Wall","player_choice":"Grow","floor":2.0,"gold_loss":0.0,"damage_taken":0.0,"cards_upgraded":["Zap"]},{"cards_removed":["Strike_B"],"damage_healed":0.0,"max_hp_gain":0.0,"max_hp_loss":0.0,"gold_gain":0.0,"event_name":"Golden Wing","player_choice":"Card Removal","floor":3.0,"gold_loss":0.0,"damage_taken":7.0},{"damage_healed":0.0,"max_hp_gain":0.0,"max_hp_loss":0.0,"gold_gain":0.0,"event_name":"Masked Bandits","player_choice":"Fought Bandits","floor":21.0,"gold_loss":0.0,"damage_taken":0.0},{"damage_healed":0.0,"max_hp_gain":0.0,"max_hp_loss":0.0,"gold_gain":0.0,"event_name":"Duplicator","player_choice":"Copied","floor":28.0,"gold_loss":0.0,"damage_taken":0.0,"cards_obtained":["Echo Form"]}],"is_beta":true,"boss_relics":[{"not_picked":["Calling Bell","Tiny House"],"picked":"Nuclear Battery"},{"not_picked":["Inserter","Cursed Key"],"picked":"Coffee Dripper"}],"items_purged_floors":[19],"is_endless":false,"potions_floor_spawned":[7,14,16,23,27,30,31,39,40,45,47,48],"ascension_level":20}