{"gold_per_floor":[367,384,397,410,29,29,7,39,39,62,90,151,177,195,195,274,274,284,384,30,40,51,110,35,60,72,84,110,148,160],"floor_reached":30,"playtime":1142,"items_purged":["Strike_R"],"score":616,"play_id":"31ac4e0d-82a3-4070-83fd-6d64453c7a76","local_time":"20190620132117","is_ascension_mode":true,"campfire_choices":[{"data":"Armaments","floor":6.0,"key":"SMITH"},{"data":"Inflame","floor":15.0,"key":"SMITH"},{"data":"True Grit","floor":27,"key":"SMITH"}],"neow_cost":"TEN_PERCENT_HP_LOSS","seed_source_timestamp":241794483717340,"circlet_count":0,"master_deck":["AscendersBane","Strike_R","Strike_R","Strike_R","Defend_R","Defend_R","Defend_R","Defend_R","Bash","Whirlwind","Combust","Armaments+1","Twin Strike","Inflame+1","Battle Trance","Sword Boomerang+1","Immolate+1","Rupture","Exhume","Pommel Strike+1","True Grit+1","Metallicize+1","Shrug It Off","Clothesline+1","Thunderclap+1"],"special_seed":0,"relics":["Burning Blood","Membership Card","Red Skull","Bag of Preparation","Molten Egg 2","Bird Faced Urn","Bag of Marbles","Magic Flower","Smiling Mask","Omamori","Philosopher\u0027s Stone","Mango","Sundial","Frozen Egg 2","Matryoshka","Tiny Chest","MawBank","The Courier","Bottled Tornado","Blue Candle"],"potions_floor_usage":[29,30],"damage_taken":[{"damage":2.0,"enemies":"Cultist","floor":1.0,"turns":4.0},{"damage":16.0,"enemies":"Jaw Worm","floor":2.0,"turns":6.0},{"damage":8.0,"enemies":"2 Louse","floor":3.0,"turns":3.0},{"damage":30.0,"enemies":"Exordium Wildlife","floor":4.0,"turns":5.0},{"damage":18.0,"enemies":"3 Sentries","floor":8.0,"turns":4.0},{"damage":8.0,"enemies":"Gremlin Nob","floor":11.0,"turns":3.0},{"damage":8.0,"enemies":"Gremlin Nob","floor":12.0,"turns":3.0},{"damage":23.0,"enemies":"Lagavulin","floor":13.0,"turns":6.0},{"damage":0.0,"enemies":"Large Slime","floor":14.0,"turns":1.0},{"damage":33.0,"enemies":"Slime Boss","floor":16.0,"turns":6.0},{"damage":1.0,"enemies":"Chosen","floor":18.0,"turns":3.0},{"damage":21.0,"enemies":"Colosseum Slavers","floor":19.0,"turns":4.0},{"damage":33.0,"enemies":"Colosseum Nobs","floor":19.0,"turns":4.0},{"damage":0.0,"enemies":"2 Thieves","floor":21.0,"turns":1.0},{"damage":30.0,"enemies":"Snake Plant","floor":22.0,"turns":4.0},{"damage":37.0,"enemies":"Slavers","floor":23.0,"turns":2.0},{"damage":20,"enemies":"Gremlin Leader","floor":25,"turns":4},{"damage":3,"enemies":"Snecko","floor":28,"turns":3},{"damage":33,"enemies":"Book of Stabbing","floor":29,"turns":4},{"damage":29,"enemies":"Shelled Parasite and Fungi","floor":30,"turns":2}],"seed_played":"3938635496815740269","potions_obtained":[{"floor":3.0,"key":"Regen Potion"},{"floor":4.0,"key":"Weak Potion"},{"floor":11.0,"key":"Explosive Potion"},{"floor":18.0,"key":"Weak Potion"},{"floor":28,"key":"Energy Potion"}],"is_trial":false,"path_per_floor":["M","M","M","M","$","R","$","E","T","T","E","?","E","M","R","B",null,"M","?","$","M","M","E","?","E","T","R","M","E","M"],"character_chosen":"IRONCLAD","items_purchased":["Membership Card","Red Skull","Bag of Preparation","Inflame","Frozen Egg 2","Matryoshka","SkillPotion"],"campfire_rested":0,"item_purchase_floors":[5,5,5,7,20,20,20],"current_hp_per_floor":[68,58,56,32,32,32,32,32,32,32,32,36,28,37,37,22,57,68,58,58,67,55,27,27,25,25,25,34,22,0],"gold":160,"neow_bonus":"TWO_FIFTY_GOLD","is_prod":false,"is_daily":false,"chose_seed":false,"campfire_upgraded":3,"win_rate":0,"timestamp":1561033277,"path_taken":["M","M","?","M","$","R","?","E","T","?","E","?","E","?","R","BOSS","M","?","$","M","M","E","?","E","T","R","M","E","M"],"build_version":"2019-06-19","purchased_purges":1,"victory":false,"max_hp_per_floor":[68,68,68,68,68,68,68,68,68,68,68,68,68,68,68,68,68,68,82,82,82,82,82,82,82,82,82,82,82,82],"card_choices":[{"not_picked":["Flex","Warcry"],"picked":"Whirlwind","floor":1.0},{"not_picked":["Wild Strike","Dual Wield"],"picked":"Combust","floor":2.0},{"not_picked":["Rage","Bloodletting"],"picked":"Armaments","floor":3.0},{"not_picked":["Perfected Strike","Infernal Blade"],"picked":"Twin Strike","floor":4.0},{"not_picked":["Sever Soul","Carnage"],"picked":"Battle Trance","floor":8.0},{"not_picked":["Fire Breathing","Rampage+1"],"picked":"Sword Boomerang+1","floor":11.0},{"not_picked":["Flex","Wild Strike+1"],"picked":"Immolate+1","floor":13.0},{"not_picked":["True Grit","Headbutt+1"],"picked":"Rupture","floor":14.0},{"not_picked":["Barricade","Double Tap"],"picked":"Exhume","floor":16.0},{"not_picked":["Seeing Red+1","Perfected Strike+1"],"picked":"Pommel Strike+1","floor":18.0},{"not_picked":["Pommel Strike+1","Clash+1"],"picked":"True Grit","floor":19.0},{"not_picked":["Perfected Strike+1","Reckless Charge+1","Warcry"],"picked":"SKIP","floor":21.0},{"not_picked":["Sword Boomerang+1","Perfected Strike+1"],"picked":"Metallicize+1","floor":22.0},{"not_picked":["Bludgeon+1","Infernal Blade"],"picked":"Shrug It Off","floor":23.0},{"not_picked":["Havoc","Anger+1"],"picked":"Clothesline+1","floor":25},{"not_picked":["Clothesline+1","Twin Strike+1","Bloodletting"],"picked":"SKIP","floor":28},{"not_picked":["Searing Blow+1","Armaments+1"],"picked":"Thunderclap+1","floor":29}],"player_experience":2125404,"relics_obtained":[{"floor":8.0,"key":"Molten Egg 2"},{"floor":9.0,"key":"Bird Faced Urn"},{"floor":10.0,"key":"Bag of Marbles"},{"floor":11.0,"key":"Magic Flower"},{"floor":13.0,"key":"Omamori"},{"floor":19.0,"key":"Mango"},{"floor":19.0,"key":"Sundial"},{"floor":23.0,"key":"Tiny Chest"},{"floor":25,"key":"MawBank"},{"floor":26,"key":"The Courier"},{"floor":26,"key":"Bottled Tornado"},{"floor":29,"key":"Blue Candle"}],"event_choices":[{"damage_healed":0.0,"max_hp_gain":0.0,"max_hp_loss":0.0,"gold_gain":0.0,"event_name":"Dead Adventurer","player_choice":"Searched \u00272\u0027 times","floor":12.0,"gold_loss":0.0,"damage_taken":0.0,"relics_obtained":["Smiling Mask"]},{"damage_healed":0.0,"max_hp_gain":0.0,"max_hp_loss":0.0,"gold_gain":0.0,"event_name":"Colosseum","player_choice":"Fight","floor":19.0,"gold_loss":0.0,"damage_taken":0.0},{"damage_healed":0.0,"max_hp_gain":0.0,"max_hp_loss":0.0,"gold_gain":0.0,"event_name":"Colosseum","player_choice":"Fought Nobs","floor":19.0,"gold_loss":0.0,"damage_taken":0.0},{"cards_removed":["Strike_R"],"damage_healed":0.0,"max_hp_gain":0.0,"max_hp_loss":0.0,"gold_gain":0.0,"event_name":"Beggar","player_choice":"Gave Gold","floor":24.0,"gold_loss":75.0,"damage_taken":0.0}],"is_beta":true,"boss_relics":[{"not_picked":["Busted Crown","Ectoplasm"],"picked":"Philosopher\u0027s Stone"}],"items_purged_floors":[20],"is_endless":false,"potions_floor_spawned":[3,4,11,18,19,21,28],"killed_by":"Shelled Parasite and Fungi","ascension_level":20}