{"gold_per_floor":[111,129,129,129,148,183,183,219,219,219,274,290,304,304,304,403,403,427,427,443,443,458,458,16,16,16,16,50,50,70,113,113,209,209,225,225,246,261,282,282,282],"floor_reached":41,"playtime":1947,"items_purged":[],"score":882,"play_id":"4bdb25de-48cc-4673-8bec-3c7bea7b6cc3","local_time":"20190103143048","is_ascension_mode":true,"campfire_choices":[{"floor":7,"key":"REST"},{"floor":10,"key":"REST"},{"data":"Go for the Eyes","floor":15,"key":"SMITH"},{"floor":23,"key":"REST"},{"data":"Defragment","floor":25,"key":"SMITH"},{"floor":29,"key":"REST"},{"floor":32,"key":"REST"},{"data":"Capacitor","floor":40,"key":"SMITH"}],"neow_cost":"NONE","seed_source_timestamp":668653145623707,"circlet_count":0,"master_deck":["AscendersBane","Strike_B+1","Defend_B+1","Defend_B+1","Defend_B+1","Defend_B+1","Zap+1","Dualcast","Reinforced Body","Melter+1","Sweeping Beam","Ball Lightning","Go for the Eyes+1","Gash","Steam","Hyperbeam","Go for the Eyes+1","Turbo+1","Doom and Gloom+1","Sweeping Beam+1","Compile Driver","BootSequence","Hologram","Coolheaded+1","Defragment+1","Capacitor+1","Steam Power+1","Conserve Battery+1","Core Surge","Defragment+1","Coolheaded+1"],"relics":["Cracked Core","Oddly Smooth Stone","Golden Idol","Dream Catcher","Cables","Pen Nib","Lantern","The Courier","Astrolabe","Bronze Scales","Toxic Egg 2","Bottled Lightning","Potion Belt","Strawberry","Busted Crown"],"potions_floor_usage":[6,16,16,22,28,28,28,31,32,41],"damage_taken":[{"damage":12,"enemies":"Jaw Worm","floor":1,"turns":2},{"damage":0,"enemies":"2 Louse","floor":2,"turns":3},{"damage":0,"enemies":"Cultist","floor":5,"turns":3},{"damage":16,"enemies":"3 Sentries","floor":6,"turns":8},{"damage":17,"enemies":"Lagavulin","floor":8,"turns":6},{"damage":6,"enemies":"Exordium Wildlife","floor":12,"turns":3},{"damage":9,"enemies":"Exordium Thugs","floor":13,"turns":3},{"damage":6,"enemies":"Hexaghost","floor":16,"turns":7},{"damage":9,"enemies":"3 Byrds","floor":18,"turns":3},{"damage":14,"enemies":"Shell Parasite","floor":20,"turns":5},{"damage":22,"enemies":"Shelled Parasite and Fungi","floor":22,"turns":4},{"damage":10,"enemies":"Book of Stabbing","floor":28,"turns":5},{"damage":8,"enemies":"Centurion and Healer","floor":30,"turns":6},{"damage":6,"enemies":"Slavers","floor":31,"turns":3},{"damage":17,"enemies":"Collector","floor":33,"turns":8},{"damage":0,"enemies":"3 Shapes","floor":35,"turns":4},{"damage":6,"enemies":"3 Darklings","floor":37,"turns":3},{"damage":18,"enemies":"Writhing Mass","floor":38,"turns":6},{"damage":0,"enemies":"4 Shapes","floor":39,"turns":5},{"damage":43,"enemies":"Reptomancer","floor":41,"turns":5}],"seed_played":"421881332628833504","potions_obtained":[{"floor":1,"key":"Strength Potion"},{"floor":6,"key":"Strength Potion"},{"floor":8,"key":"Swift Potion"},{"floor":12,"key":"FocusPotion"},{"floor":19,"key":"Weak Potion"},{"floor":19,"key":"EntropicBrew"},{"floor":22,"key":"Energy Potion"},{"floor":28,"key":"LiquidBronze"},{"floor":30,"key":"Fruit Juice"},{"floor":33,"key":"PowerPotion"},{"floor":35,"key":"SpeedPotion"},{"floor":39,"key":"SpeedPotion"}],"is_trial":false,"path_per_floor":["M","M","?","?","M","E","R","E","T","R","T","M","M","?","R","B",null,"M","?","M","?","M","R","$","R","T","$","E","R","M","E","R","B",null,"M","?","M","M","M","R","E"],"character_chosen":"DEFECT","items_purchased":["Bronze Scales","Toxic Egg 2","Coolheaded+1","Defragment"],"campfire_rested":5,"item_purchase_floors":[24,24,24,24],"current_hp_per_floor":[52,52,52,33,33,17,36,19,19,38,38,32,23,12,12,6,50,41,41,27,27,5,24,24,24,24,24,14,33,25,26,53,36,66,66,66,60,42,42,42,0],"gold":282,"neow_bonus":"RANDOM_COMMON_RELIC","is_prod":false,"is_daily":false,"chose_seed":false,"campfire_upgraded":3,"win_rate":0,"timestamp":1546525848,"path_taken":["M","M","?","?","M","E","R","E","T","R","?","?","M","?","R","BOSS","M","?","?","?","M","R","?","R","T","$","E","R","M","E","R","BOSS","M","?","M","M","?","R","E"],"build_version":"2019-01-02","purchased_purges":0,"victory":false,"max_hp_per_floor":[71,71,64,64,64,64,64,64,64,64,64,64,64,64,64,64,64,64,64,64,64,64,64,64,64,64,64,64,64,64,71,76,76,76,76,76,76,76,76,76,76],"card_choices":[{"not_picked":["Steam","Beam Cell"],"picked":"Reinforced Body","floor":1},{"not_picked":["Undo","Darkness"],"picked":"Melter","floor":2},{"not_picked":["Turbo","White Noise"],"picked":"Sweeping Beam","floor":5},{"not_picked":["White Noise","Reboot"],"picked":"Ball Lightning","floor":6},{"not_picked":["Compile Driver","Leap"],"picked":"Go for the Eyes","floor":7},{"not_picked":["Go for the Eyes","Storm","Barrage"],"picked":"SKIP","floor":8},{"not_picked":["Sweeping Beam","Go for the Eyes"],"picked":"Gash","floor":10},{"not_picked":["Double Energy","Lockon","Reinforced Body"],"picked":"SKIP","floor":12},{"not_picked":["Stack","Rip and Tear"],"picked":"Steam","floor":13},{"not_picked":["Amplify","Creative AI"],"picked":"Hyperbeam","floor":16},{"not_picked":["Stack","FTL"],"picked":"Sweeping Beam+1","floor":18},{"not_picked":["Ball Lightning","Hologram"],"picked":"Compile Driver","floor":20},{"not_picked":["Stack","Beam Cell"],"picked":"BootSequence","floor":22},{"not_picked":["Go for the Eyes","Steam"],"picked":"Hologram","floor":23},{"not_picked":["Streamline","Go for the Eyes"],"picked":"Capacitor","floor":28},{"not_picked":["Auto Shields+1","Melter"],"picked":"Steam Power+1","floor":29},{"not_picked":["Auto Shields+1","Chaos+1"],"picked":"Conserve Battery+1","floor":30},{"not_picked":["Aggregate+1","White Noise+1"],"picked":"Core Surge","floor":31},{"not_picked":["Redo+1"],"picked":"SKIP","floor":35},{"not_picked":["BootSequence+1"],"picked":"SKIP","floor":37},{"not_picked":[],"picked":"Coolheaded+1","floor":38},{"not_picked":["Conserve Battery+1"],"picked":"SKIP","floor":39}],"player_experience":1726735,"relics_obtained":[{"floor":6,"key":"Dream Catcher"},{"floor":8,"key":"Cables"},{"floor":9,"key":"Pen Nib"},{"floor":11,"key":"Lantern"},{"floor":26,"key":"Bottled Lightning"},{"floor":28,"key":"Potion Belt"},{"floor":31,"key":"Strawberry"}],"event_choices":[{"damage_healed":0,"gold_gain":0,"player_choice":"Lose Max HP","damage_taken":0,"relics_obtained":["Golden Idol"],"max_hp_gain":0,"max_hp_loss":7,"event_name":"Golden Idol","floor":3,"gold_loss":0},{"damage_healed":0,"gold_gain":0,"player_choice":"Entered Light","damage_taken":19,"max_hp_gain":0,"max_hp_loss":0,"event_name":"Shining Light","floor":4,"gold_loss":0,"cards_upgraded":["Melter","Zap"]},{"damage_healed":0,"gold_gain":0,"player_choice":"Success","damage_taken":11,"relics_obtained":["The Courier"],"max_hp_gain":0,"max_hp_loss":0,"event_name":"Scrap Ooze","floor":14,"gold_loss":0},{"damage_healed":0,"gold_gain":0,"player_choice":"Got Potions","damage_taken":0,"max_hp_gain":0,"max_hp_loss":0,"event_name":"Lab","floor":19,"gold_loss":0},{"damage_healed":0,"gold_gain":0,"player_choice":"Simplicity","damage_taken":0,"max_hp_gain":0,"max_hp_loss":0,"event_name":"Back to Basics","floor":21,"gold_loss":0,"cards_upgraded":["Strike_B","Defend_B","Defend_B","Defend_B","Defend_B"]},{"damage_healed":0,"gold_gain":0,"player_choice":"Copied","damage_taken":0,"max_hp_gain":0,"max_hp_loss":0,"event_name":"Duplicator","floor":36,"gold_loss":0,"cards_obtained":["Defragment"]}],"is_beta":true,"boss_relics":[{"not_picked":["White Beast Statue","Eternal Feather"],"picked":"Astrolabe"},{"not_picked":["Pandora\u0027s Box","Snecko Eye"],"picked":"Busted Crown"}],"items_purged_floors":[],"is_endless":false,"potions_floor_spawned":[1,6,8,12,13,22,28,30,33,35,39],"killed_by":"Reptomancer","ascension_level":20}