{"gold_per_floor":[363,383,3,3,3,3,17,47,47,78,90,90,90,110,110,187,187,199,74,94,19,38,38,25,58,85,85],"floor_reached":27,"playtime":941,"items_purged":["Strike_B"],"score":482,"play_id":"f9ffeb48-6b20-482b-97d7-0350563b8f63","local_time":"20181020023711","is_ascension_mode":true,"campfire_choices":[{"data":"Sweeping Beam","floor":6.0,"key":"SMITH"},{"data":"Defragment","floor":15.0,"key":"SMITH"},{"floor":23.0,"key":"REST"}],"neow_cost":"TEN_PERCENT_HP_LOSS","seed_source_timestamp":0,"circlet_count":0,"master_deck":["Defend_B","Defend_B+1","Defend_B","Defend_B","Zap+1","Dualcast+1","AscendersBane","Cold Snap","Sweeping Beam+1","FTL","Streamline+1","Go for the Eyes+1","Defragment+1","Biased Cognition","Double Energy+1","Amplify+1","Electrodynamics","Leap"],"special_seed":0,"relics":["Cracked Core","Membership Card","Pantograph","Nunchaku","Singing Bowl","Strawberry","Astrolabe","Bag of Marbles","Whetstone"],"potions_floor_usage":[25,25,27],"damage_taken":[{"damage":16.0,"enemies":"Small Slimes","floor":1.0,"turns":4.0},{"damage":5.0,"enemies":"Jaw Worm","floor":2.0,"turns":4.0},{"damage":4.0,"enemies":"2 Louse","floor":7.0,"turns":3.0},{"damage":3.0,"enemies":"3 Sentries","floor":8.0,"turns":5.0},{"damage":13.0,"enemies":"Lagavulin","floor":10.0,"turns":6.0},{"damage":4.0,"enemies":"Looter","floor":11.0,"turns":2.0},{"damage":0.0,"enemies":"Large Slime","floor":14.0,"turns":4.0},{"damage":11.0,"enemies":"The Guardian","floor":16.0,"turns":12.0},{"damage":23.0,"enemies":"Chosen","floor":18.0,"turns":4.0},{"damage":8.0,"enemies":"Spheric Guardian","floor":20.0,"turns":4.0},{"damage":24.0,"enemies":"Snake Plant","floor":22.0,"turns":4.0},{"damage":33,"enemies":"Book of Stabbing","floor":25,"turns":4},{"damage":11,"enemies":"Gremlin Leader","floor":27,"turns":2}],"seed_played":"-4976452620542954504","potions_obtained":[{"floor":2.0,"key":"Strength Potion"},{"floor":7.0,"key":"Strength Potion"},{"floor":8.0,"key":"FocusPotion"},{"floor":12.0,"key":"EntropicBrew"},{"floor":20.0,"key":"Dexterity Potion"},{"floor":25,"key":"LiquidBronze"}],"is_trial":false,"path_per_floor":["M","M","$","?","?","R","M","E","T","E","M","?","?","M","R","B",null,"M","$","M","?","M","R","$","E","T"],"character_chosen":"DEFECT","items_purchased":["Membership Card","Pantograph","Sweeping Beam","Electrodynamics","Leap"],"campfire_rested":1,"item_purchase_floors":[3,3,3,19,24],"current_hp_per_floor":[48,43,43,43,24,24,20,17,17,11,9,9,14,14,14,28,66,45,45,39,39,17,42,42,11,11,0],"gold":85,"neow_bonus":"TWO_FIFTY_GOLD","is_prod":false,"is_daily":false,"chose_seed":false,"campfire_upgraded":2,"win_rate":0,"timestamp":1539999431,"path_taken":["M","M","$","?","?","R","M","E","T","E","?","?","?","M","R","BOSS","M","$","M","?","M","R","?","E","T","E"],"build_version":"2018-10-18","purchased_purges":1,"victory":false,"max_hp_per_floor":[64,64,64,64,64,64,64,64,64,71,73,73,78,78,78,78,78,80,80,82,82,84,84,84,86,86,86],"card_choices":[{"not_picked":["Static Discharge","Sweeping Beam"],"picked":"Cold Snap","floor":1.0},{"not_picked":["Barrage","Storm","Blizzard"],"picked":"SKIP","floor":2.0},{"not_picked":["Genetic Algorithm","Compile Driver"],"picked":"FTL","floor":7.0},{"not_picked":["Heatsinks","Turbo"],"picked":"Streamline","floor":8.0},{"not_picked":["Barrage","Turbo"],"picked":"Go for the Eyes","floor":10.0},{"not_picked":["Scrape","Amplify","Hologram"],"picked":"Singing Bowl","floor":11.0},{"not_picked":["Double Energy","Hello World"],"picked":"Defragment","floor":14.0},{"not_picked":["Machine Learning","Fission"],"picked":"Biased Cognition","floor":16.0},{"not_picked":["Beam Cell","Compile Driver","Stack"],"picked":"Singing Bowl","floor":18.0},{"not_picked":["Tempest","Turbo","Ball Lightning"],"picked":"Singing Bowl","floor":20.0},{"not_picked":["Ball Lightning","Sweeping Beam","Streamline+1"],"picked":"Singing Bowl","floor":22.0},{"not_picked":["Loop","Aggregate","Reprogram"],"picked":"Singing Bowl","floor":25}],"player_experience":1507823,"relics_obtained":[{"floor":8.0,"key":"Nunchaku"},{"floor":9.0,"key":"Singing Bowl"},{"floor":10.0,"key":"Strawberry"},{"floor":25,"key":"Bag of Marbles"},{"floor":26,"key":"Whetstone"}],"event_choices":[{"damage_healed":0.0,"max_hp_gain":0.0,"max_hp_loss":0.0,"gold_gain":0.0,"event_name":"Living Wall","player_choice":"Grow","floor":4.0,"gold_loss":0.0,"damage_taken":0.0,"cards_upgraded":["Zap"]},{"damage_healed":0.0,"max_hp_gain":0.0,"max_hp_loss":0.0,"gold_gain":0.0,"event_name":"Shining Light","player_choice":"Entered Light","floor":5.0,"gold_loss":0.0,"damage_taken":19.0,"cards_upgraded":["Defend_B","Dualcast"]},{"damage_healed":0.0,"max_hp_gain":0.0,"max_hp_loss":0.0,"gold_gain":0.0,"event_name":"The Lab","player_choice":"Got Potions","floor":12.0,"gold_loss":0.0,"damage_taken":0.0},{"damage_healed":0.0,"max_hp_gain":5.0,"max_hp_loss":0.0,"gold_gain":0.0,"event_name":"Big Fish","player_choice":"Donut","floor":13.0,"gold_loss":0.0,"damage_taken":0.0},{"cards_removed":["Aggregate"],"damage_healed":0.0,"max_hp_gain":0.0,"max_hp_loss":0.0,"gold_gain":0.0,"event_name":"Beggar","player_choice":"Gave Gold","floor":21.0,"gold_loss":75.0,"damage_taken":0.0}],"is_beta":true,"boss_relics":[{"not_picked":["Calling Bell","Lizard Tail"],"picked":"Astrolabe"}],"items_purged_floors":[19],"is_endless":false,"potions_floor_spawned":[2,7,8,16,20,25],"killed_by":"Gremlin Leader","ascension_level":20}