{"gold_per_floor":[213,1,18,31,41,41,75,75,75,102,114,126,156,188,200,311,323,349,361,373,408,33,33,51,70,70,89,127,150,193,108,108,207,207,226,226,97,121,146,186,0,44,71,114,135,468,484,47,47,47,47,47,47,47,82,82],"floor_reached":56,"playtime":3950,"items_purged":["Pain"],"score":2153,"play_id":"afa0bc49-ff02-4061-a0a8-46e8923ba0cc","local_time":"20190722215222","is_ascension_mode":true,"campfire_choices":[{"data":"Glass Knife","floor":6.0,"key":"SMITH"},{"data":"Footwork","floor":8.0,"key":"SMITH"},{"floor":15.0,"key":"REST"},{"data":"A Thousand Cuts","floor":23.0,"key":"SMITH"},{"data":"Neutralize","floor":32.0,"key":"SMITH"},{"floor":49.0,"key":"RECALL"},{"data":"After Image","floor":53.0,"key":"SMITH"}],"neow_cost":"NONE","seed_source_timestamp":0,"circlet_count":0,"master_deck":["AscendersBane","Strike_G","Strike_G","Strike_G+1","Strike_G","Strike_G","Defend_G","Defend_G","Defend_G","Defend_G","Defend_G+1","Survivor","Neutralize+1","Crippling Poison","Glass Knife+1","Footwork+1","PiercingWail","A Thousand Cuts+1","Dagger Spray","Dodge and Roll","Adrenaline","Dodge and Roll","PiercingWail","Bouncing Flask+1","PiercingWail","Acrobatics","Deflect+1","Calculated Gamble+1","Wraith Form v2","Deadly Poison","Catalyst","After Image+1","Footwork","PiercingWail","Bullet Time","Caltrops","Catalyst","Dodge and Roll","After Image"],"special_seed":0,"relics":["Ring of the Snake","Bottled Tornado","Gremlin Horn","MawBank","Coffee Dripper","Unceasing Top","Medical Kit","Bag of Marbles","Thread and Needle","Mummified Hand","Boot","Lantern","Runic Pyramid","WarpedTongs","Juzu Bracelet","Red Mask","Dream Catcher","Oddly Smooth Stone","TwistedFunnel","Du-Vu Doll"],"potions_floor_usage":[56,56],"damage_taken":[{"damage":0.0,"enemies":"Small Slimes","floor":1.0,"turns":4.0},{"damage":0.0,"enemies":"2 Louse","floor":3.0,"turns":3.0},{"damage":0.0,"enemies":"Jaw Worm","floor":4.0,"turns":4.0},{"damage":8.0,"enemies":"Blue Slaver","floor":5.0,"turns":5.0},{"damage":24.0,"enemies":"Gremlin Nob","floor":7.0,"turns":4.0},{"damage":6.0,"enemies":"3 Sentries","floor":10.0,"turns":10.0},{"damage":0.0,"enemies":"Lots of Slimes","floor":13.0,"turns":3.0},{"damage":0.0,"enemies":"Exordium Wildlife","floor":14.0,"turns":3.0},{"damage":18.0,"enemies":"Hexaghost","floor":16.0,"turns":12.0},{"damage":0.0,"enemies":"Chosen","floor":18.0,"turns":5.0},{"damage":0.0,"enemies":"Shell Parasite","floor":21.0,"turns":8.0},{"damage":2.0,"enemies":"Snake Plant","floor":24.0,"turns":7.0},{"damage":4.0,"enemies":"Snecko","floor":25.0,"turns":5.0},{"damage":0.0,"enemies":"3 Cultists","floor":27.0,"turns":4.0},{"damage":10.0,"enemies":"Book of Stabbing","floor":28.0,"turns":7.0},{"damage":1.0,"enemies":"Shelled Parasite and Fungi","floor":29.0,"turns":6.0},{"damage":18.0,"enemies":"Slavers","floor":30.0,"turns":6.0},{"damage":6.0,"enemies":"Automaton","floor":33.0,"turns":11.0},{"damage":0.0,"enemies":"3 Darklings","floor":35.0,"turns":5.0},{"damage":0.0,"enemies":"3 Shapes","floor":38.0,"turns":5.0},{"damage":4.0,"enemies":"Writhing Mass","floor":39.0,"turns":6.0},{"damage":0.0,"enemies":"Nemesis","floor":40.0,"turns":9.0},{"damage":12.0,"enemies":"Reptomancer","floor":42.0,"turns":6.0},{"damage":0.0,"enemies":"Giant Head","floor":44.0,"turns":10.0},{"damage":0.0,"enemies":"Transient","floor":45.0,"turns":6.0},{"damage":0.0,"enemies":"3 Darklings","floor":47.0,"turns":8.0},{"damage":16.0,"enemies":"Donu and Deca","floor":50.0,"turns":13.0},{"damage":16.0,"enemies":"Awakened One","floor":51.0,"turns":21.0},{"damage":24.0,"enemies":"Shield and Spear","floor":55.0,"turns":8.0},{"damage":22,"enemies":"The Heart","floor":56,"turns":2}],"seed_played":"-431674538987786720","potions_obtained":[{"floor":4.0,"key":"Swift Potion"},{"floor":7.0,"key":"AttackPotion"},{"floor":13.0,"key":"Ancient Potion"},{"floor":14.0,"key":"LiquidBronze"},{"floor":21.0,"key":"Regen Potion"},{"floor":24.0,"key":"Explosive Potion"},{"floor":28.0,"key":"Dexterity Potion"},{"floor":33.0,"key":"Strength Potion"},{"floor":44.0,"key":"PowerPotion"},{"floor":47.0,"key":"Dexterity Potion"}],"is_trial":false,"path_per_floor":["M","$","M","M","M","R","E","R","T","E","?","?","M","M","R","B",null,"M","?","?","M","$","R","M","M","T","M","E","M","E","?","R","B",null,"M","?","$","M","M","E","?","E","T","E","M","?","M","$","R","B","B",null,"R","$","E","B"],"character_chosen":"THE_SILENT","items_purchased":["Glass Knife","Footwork","AttackPotion","Medical Kit","Bag of Marbles","Deadly Poison","TwistedFunnel","Caltrops","Catalyst","Dodge and Roll"],"campfire_rested":1,"item_purchase_floors":[2,2,2,22,22,37,48,48,48,48],"current_hp_per_floor":[59,59,59,59,51,51,27,27,27,21,21,3,3,3,21,3,46,46,46,46,46,46,46,44,40,40,40,30,29,26,26,26,20,50,50,50,50,50,46,46,46,34,34,34,34,34,34,34,34,18,2,46,46,46,22,0],"gold":82,"neow_bonus":"HUNDRED_GOLD","is_prod":false,"is_daily":false,"chose_seed":false,"campfire_upgraded":5,"win_rate":0,"timestamp":1563828742,"path_taken":["M","$","M","M","M","R","E","R","T","E","?","?","M","M","R","BOSS","M","?","?","?","$","R","M","M","T","M","E","M","E","?","R","BOSS","M","?","$","M","M","E","?","E","T","E","M","?","M","$","R","BOSS","BOSS","R","$","E","BOSS"],"build_version":"2019-07-18","purchased_purges":1,"victory":false,"max_hp_per_floor":[66,66,66,66,66,66,66,66,66,66,60,60,60,60,60,60,60,60,60,60,60,60,60,60,60,60,60,60,60,60,60,60,60,60,60,60,60,60,60,60,60,60,60,60,60,60,60,60,60,60,60,60,60,60,60,60],"card_choices":[{"not_picked":["Outmaneuver","Dagger Spray"],"picked":"Crippling Poison","floor":1.0},{"not_picked":["Dodge and Roll","Deflect","Underhanded Strike"],"picked":"SKIP","floor":3.0},{"not_picked":["Bane","Quick Slash"],"picked":"PiercingWail","floor":4.0},{"not_picked":["Deflect","Sucker Punch","Setup"],"picked":"SKIP","floor":5.0},{"not_picked":["Venomology","PiercingWail"],"picked":"Dash","floor":7.0},{"not_picked":["Sucker Punch","Infinite Blades"],"picked":"A Thousand Cuts","floor":10.0},{"not_picked":["Blade Dance","Flying Knee"],"picked":"Dagger Spray","floor":13.0},{"not_picked":["Acrobatics","Riddle With Holes"],"picked":"Dodge and Roll","floor":14.0},{"not_picked":["Envenom","Phantasmal Killer"],"picked":"Adrenaline","floor":16.0},{"not_picked":["Outmaneuver","Dagger Throw"],"picked":"Dodge and Roll","floor":18.0},{"not_picked":["Eviscerate","Dagger Spray+1"],"picked":"PiercingWail","floor":21.0},{"not_picked":["Dash+1","Bane"],"picked":"Bouncing Flask+1","floor":24.0},{"not_picked":["Masterful Stab","Quick Slash"],"picked":"PiercingWail","floor":25.0},{"not_picked":["Deflect","Underhanded Strike"],"picked":"Acrobatics","floor":27.0},{"not_picked":["Poisoned Stab","Bullet Time"],"picked":"Deflect+1","floor":28.0},{"not_picked":["Dagger Spray","Flechettes"],"picked":"Calculated Gamble+1","floor":29.0},{"not_picked":["Flying Knee","Acrobatics","Dagger Spray"],"picked":"SKIP","floor":30.0},{"not_picked":["Glass Knife","Doppelganger"],"picked":"Wraith Form v2","floor":33.0},{"not_picked":["Slice","Setup","Flying Knee+1"],"picked":"SKIP","floor":35.0},{"not_picked":["Poisoned Stab","Setup"],"picked":"Catalyst","floor":38.0},{"not_picked":["Finisher","Underhanded Strike","Sucker Punch"],"picked":"SKIP","floor":39.0},{"not_picked":["Dagger Throw+1","Dagger Spray"],"picked":"After Image","floor":40.0},{"not_picked":["Terror+1","Concentrate+1"],"picked":"Footwork","floor":42.0},{"not_picked":["Underhanded Strike","Dagger Throw+1"],"picked":"PiercingWail","floor":44.0},{"not_picked":["Slice","Cloak And Dagger","Underhanded Strike"],"picked":"SKIP","floor":45.0},{"not_picked":["Blade Dance","Prepared"],"picked":"Bullet Time","floor":47.0},{"not_picked":["Dodge and Roll","Backstab"],"picked":"After Image","floor":55.0}],"player_experience":2232405,"relics_obtained":[{"floor":7.0,"key":"Bottled Tornado"},{"floor":9.0,"key":"Gremlin Horn"},{"floor":10.0,"key":"MawBank"},{"floor":26.0,"key":"Thread and Needle"},{"floor":28.0,"key":"Mummified Hand"},{"floor":30.0,"key":"Boot"},{"floor":40.0,"key":"Juzu Bracelet"},{"floor":42.0,"key":"Dream Catcher"},{"floor":44.0,"key":"Oddly Smooth Stone"},{"floor":55.0,"key":"Du-Vu Doll"}],"event_choices":[{"damage_healed":0.0,"max_hp_gain":0.0,"max_hp_loss":6.0,"gold_gain":0.0,"event_name":"Golden Idol","player_choice":"Lose Max HP","floor":11.0,"gold_loss":0.0,"damage_taken":0.0,"relics_obtained":["Golden Idol"]},{"damage_healed":0.0,"max_hp_gain":0.0,"max_hp_loss":0.0,"gold_gain":0.0,"event_name":"Shining Light","player_choice":"Entered Light","floor":12.0,"gold_loss":0.0,"damage_taken":18.0,"cards_upgraded":["Strike_G","Defend_G"]},{"damage_healed":0.0,"max_hp_gain":0.0,"max_hp_loss":0.0,"gold_gain":0.0,"event_name":"The Mausoleum","player_choice":"Ignored","floor":19.0,"gold_loss":0.0,"damage_taken":0.0},{"cards_removed":["Dash"],"damage_healed":0.0,"max_hp_gain":0.0,"max_hp_loss":0.0,"gold_gain":0.0,"event_name":"WeMeetAgain","player_choice":"Gave Card","floor":20.0,"gold_loss":0.0,"damage_taken":0.0,"relics_obtained":["Unceasing Top"]},{"damage_healed":0.0,"max_hp_gain":0.0,"max_hp_loss":0.0,"gold_gain":0.0,"event_name":"Addict","player_choice":"Obtained Relic","floor":31.0,"gold_loss":85.0,"damage_taken":0.0,"relics_obtained":["Lantern"]},{"damage_healed":0.0,"max_hp_gain":0.0,"max_hp_loss":0.0,"gold_gain":0.0,"event_name":"Accursed Blacksmith","player_choice":"Rummage","floor":36.0,"gold_loss":0.0,"damage_taken":0.0,"relics_obtained":["WarpedTongs"],"cards_obtained":["Pain"]},{"damage_healed":0.0,"max_hp_gain":0.0,"max_hp_loss":0.0,"gold_gain":0.0,"event_name":"Tomb of Lord Red Mask","player_choice":"Paid","floor":41.0,"gold_loss":186.0,"damage_taken":0.0,"relics_obtained":["Red Mask"]},{"damage_healed":0.0,"max_hp_gain":0.0,"max_hp_loss":0.0,"gold_gain":333.0,"event_name":"The Moai Head","player_choice":"Gave Idol","floor":46.0,"relics_lost":["Golden Idol"],"gold_loss":0.0,"damage_taken":0.0}],"is_beta":true,"boss_relics":[{"not_picked":["Ectoplasm","Ring of the Serpent"],"picked":"Coffee Dripper"},{"not_picked":["Calling Bell","Empty Cage"],"picked":"Runic Pyramid"}],"items_purged_floors":[37],"is_endless":false,"potions_floor_spawned":[4,5,7,13,14,21,24,27,28,33,44,45,47],"killed_by":"The Heart","ascension_level":20}