{"gold_per_floor":[118,118,129,145,155,155,187,187,234,265,276,276,276,301,301,399,399,424,424,45,65,81,81,101,132,158,204,252,289,301,327,339,445,457,483,495,528,317,317,382,403,403,457,495,508,551,575,353,353,353,353,353,353,82,118,118],"floor_reached":57,"playtime":3551,"items_purged":["Strike_R","Strike_R"],"score":2884,"play_id":"f28e2927-7931-4d5e-8401-064fb821c7f8","local_time":"20190813225911","is_ascension_mode":true,"campfire_choices":[{"data":"Carnage","floor":6.0,"key":"SMITH"},{"data":"Inflame","floor":8.0,"key":"SMITH"},{"data":"Fiend Fire","floor":15.0,"key":"SMITH"},{"data":"True Grit","floor":23.0,"key":"SMITH"},{"data":"Sword Boomerang","floor":30.0,"key":"SMITH"},{"floor":32.0,"key":"REST"},{"floor":42.0,"key":"RECALL"},{"data":"Feel No Pain","floor":49.0,"key":"SMITH"},{"data":"Feel No Pain","floor":53.0,"key":"SMITH"}],"neow_cost":"NONE","seed_source_timestamp":0,"circlet_count":0,"master_deck":["AscendersBane","Strike_R+1","Defend_R","Defend_R","Defend_R","Defend_R","Bash+1","Feel No Pain+1","Sword Boomerang+1","Carnage+1","Fiend Fire+1","Inflame+1","Thunderclap","Disarm+1","Armaments","Feed","Feel No Pain+1","True Grit+1","Shrug It Off","Feel No Pain+1","Power Through+1","Warcry+1","Disarm+1","Combust+1","Dark Embrace+1","Corruption+1","Feel No Pain+1","Burning Pact+1","Impervious+1","Battle Trance+1","True Grit+1","Dual Wield+1","Fire Breathing+1","Pommel Strike+1"],"special_seed":0,"relics":["Burning Blood","Regal Pillow","Mummified Hand","Whetstone","Bag of Preparation","Golden Idol","Empty Cage","Bag of Marbles","Toxic Egg 2","MawBank","Red Mask","Frozen Egg 2","Snecko Eye","Pen Nib","Tiny Chest","Gremlin Horn","Incense Burner","Orichalcum","Bronze Scales","Medical Kit","Lantern"],"potions_floor_usage":[55,56,56],"damage_taken":[{"damage":9.0,"enemies":"Jaw Worm","floor":1.0,"turns":4.0},{"damage":2.0,"enemies":"Cultist","floor":3.0,"turns":4.0},{"damage":4.0,"enemies":"2 Louse","floor":4.0,"turns":3.0},{"damage":6.0,"enemies":"2 Fungi Beasts","floor":5.0,"turns":4.0},{"damage":20.0,"enemies":"Lagavulin","floor":7.0,"turns":7.0},{"damage":15.0,"enemies":"3 Sentries","floor":10.0,"turns":6.0},{"damage":5.0,"enemies":"Blue Slaver","floor":11.0,"turns":3.0},{"damage":4.0,"enemies":"Looter","floor":14.0,"turns":3.0},{"damage":10.0,"enemies":"Hexaghost","floor":16.0,"turns":8.0},{"damage":0.0,"enemies":"Chosen","floor":18.0,"turns":3.0},{"damage":11.0,"enemies":"2 Thieves","floor":21.0,"turns":3.0},{"damage":0.0,"enemies":"Sentry and Sphere","floor":22.0,"turns":7.0},{"damage":0.0,"enemies":"Snecko","floor":24.0,"turns":3.0},{"damage":36.0,"enemies":"Book of Stabbing","floor":25.0,"turns":5.0},{"damage":0.0,"enemies":"Masked Bandits","floor":27.0,"turns":3.0},{"damage":34.0,"enemies":"Slavers","floor":28.0,"turns":8.0},{"damage":3.0,"enemies":"Snake Plant","floor":29.0,"turns":7.0},{"damage":0.0,"enemies":"Centurion and Healer","floor":31.0,"turns":10.0},{"damage":68.0,"enemies":"Automaton","floor":33.0,"turns":11.0},{"damage":2.0,"enemies":"Orb Walker","floor":35.0,"turns":5.0},{"damage":0.0,"enemies":"3 Darklings","floor":37.0,"turns":5.0},{"damage":5.0,"enemies":"Giant Head","floor":40.0,"turns":6.0},{"damage":0.0,"enemies":"Spire Growth","floor":41.0,"turns":4.0},{"damage":10.0,"enemies":"Reptomancer","floor":44.0,"turns":7.0},{"damage":5.0,"enemies":"Transient","floor":45.0,"turns":6.0},{"damage":2.0,"enemies":"Nemesis","floor":46.0,"turns":7.0},{"damage":5.0,"enemies":"Time Eater","floor":50.0,"turns":20.0},{"damage":56.0,"enemies":"Awakened One","floor":51.0,"turns":12.0},{"damage":2,"enemies":"Shield and Spear","floor":55,"turns":3},{"damage":4,"enemies":"The Heart","floor":56,"turns":6}],"seed_played":"-1540168438269518072","potions_obtained":[{"floor":1.0,"key":"Energy Potion"},{"floor":2.0,"key":"GamblersBrew"},{"floor":4.0,"key":"BloodPotion"},{"floor":7.0,"key":"PowerPotion"},{"floor":16.0,"key":"SkillPotion"},{"floor":24.0,"key":"Fruit Juice"},{"floor":28.0,"key":"Swift Potion"},{"floor":35.0,"key":"BloodPotion"},{"floor":41.0,"key":"Strength Potion"},{"floor":44.0,"key":"Regen Potion"},{"floor":55,"key":"EssenceOfSteel"}],"is_trial":false,"path_per_floor":["M","?","M","M","M","R","E","R","T","E","M","?","?","M","R","B",null,"M","?","$","M","M","R","M","E","T","?","E","M","R","M","R","B",null,"M","?","M","$","?","E","M","R","T","E","M","E","T","$","R","B","B",null,"R","$","E","B",null],"character_chosen":"IRONCLAD","items_purchased":["Feel No Pain","Bag of Marbles","True Grit","Feel No Pain+1","Burning Pact+1","Bronze Scales","PowerPotion","Medical Kit","Fire Breathing+1"],"campfire_rested":1,"item_purchase_floors":[20,20,20,38,38,48,48,54,54],"current_hp_per_floor":[65,65,69,71,71,71,57,57,57,48,49,49,49,51,51,47,63,68,68,68,63,71,71,74,44,44,50,25,32,32,38,83,21,70,78,90,93,93,93,93,96,96,96,96,97,100,100,100,100,100,53,91,91,91,95,97],"gold":118,"neow_bonus":"RANDOM_COMMON_RELIC","is_prod":false,"is_daily":false,"chose_seed":false,"campfire_upgraded":7,"win_rate":0,"timestamp":1565733551,"path_taken":["M","?","M","?","M","R","E","R","T","E","M","?","?","M","R","BOSS","M","?","$","M","M","R","M","E","T","?","E","M","R","M","R","BOSS","M","?","M","?","?","E","?","R","T","E","M","E","?","$","R","BOSS","BOSS","R","$","E","BOSS"],"build_version":"2019-07-18","purchased_purges":2,"victory":true,"max_hp_per_floor":[75,75,75,75,75,75,75,75,75,75,75,75,68,68,68,68,68,68,68,68,68,71,71,74,74,74,74,77,81,81,81,86,86,86,90,90,93,93,93,93,96,96,96,100,100,100,100,100,100,100,103,103,103,103,103,103],"card_choices":[{"not_picked":["Flex","Flame Barrier"],"picked":"Feel No Pain","floor":1.0},{"not_picked":["Iron Wave","Flex"],"picked":"Sword Boomerang","floor":3.0},{"not_picked":["Havoc","Rage"],"picked":"Carnage","floor":4.0},{"not_picked":["Headbutt","Rupture"],"picked":"Fiend Fire","floor":5.0},{"not_picked":["Power Through","Reckless Charge"],"picked":"Inflame","floor":7.0},{"not_picked":["Warcry","Dropkick"],"picked":"Thunderclap","floor":10.0},{"not_picked":["Clash","Flex"],"picked":"Disarm","floor":11.0},{"not_picked":["Body Slam","Fire Breathing"],"picked":"Armaments","floor":14.0},{"not_picked":["Immolate","Fiend Fire"],"picked":"Feed","floor":16.0},{"not_picked":["Thunderclap","Clash","Wild Strike"],"picked":"SKIP","floor":18.0},{"not_picked":["Rupture","Clash","Twin Strike"],"picked":"SKIP","floor":21.0},{"not_picked":["Ghostly Armor","Wild Strike+1"],"picked":"Shrug It Off","floor":22.0},{"not_picked":["Ghostly Armor","Dropkick+1"],"picked":"Feel No Pain+1","floor":24.0},{"not_picked":["Thunderclap","Armaments"],"picked":"Power Through","floor":25.0},{"not_picked":["Sever Soul","Second Wind+1"],"picked":"Warcry+1","floor":27.0},{"not_picked":["Shockwave+1","Immolate"],"picked":"Disarm+1","floor":28.0},{"not_picked":["Heavy Blade","Anger","Thunderclap"],"picked":"SKIP","floor":29.0},{"not_picked":["Bloodletting+1","Feel No Pain+1"],"picked":"Combust+1","floor":31.0},{"not_picked":["Feed","Berserk+1"],"picked":"Dark Embrace+1","floor":33.0},{"not_picked":["True Grit+1","Havoc+1"],"picked":"Corruption+1","floor":35.0},{"not_picked":["Iron Wave","Havoc+1","Searing Blow"],"picked":"SKIP","floor":37.0},{"not_picked":["Havoc+1","Evolve+1"],"picked":"Impervious+1","floor":40.0},{"not_picked":["Infernal Blade+1","Havoc+1","Warcry+1"],"picked":"SKIP","floor":41.0},{"not_picked":["Headbutt","Entrench+1"],"picked":"Battle Trance+1","floor":44.0},{"not_picked":["Burning Pact+1","Twin Strike+1"],"picked":"True Grit+1","floor":45.0},{"not_picked":["Bludgeon","Clothesline"],"picked":"Dual Wield+1","floor":46.0},{"not_picked":["Flex+1","Clothesline"],"picked":"Pommel Strike+1","floor":55}],"player_experience":2314540,"relics_obtained":[{"floor":7.0,"key":"Mummified Hand"},{"floor":9.0,"key":"Whetstone"},{"floor":10.0,"key":"Bag of Preparation"},{"floor":25.0,"key":"Toxic Egg 2"},{"floor":26.0,"key":"MawBank"},{"floor":27.0,"key":"Red Mask"},{"floor":28.0,"key":"Frozen Egg 2"},{"floor":40.0,"key":"Tiny Chest"},{"floor":44.0,"key":"Gremlin Horn"},{"floor":46.0,"key":"Incense Burner"},{"floor":47.0,"key":"Orichalcum"},{"floor":55,"key":"Lantern"}],"event_choices":[{"damage_healed":0.0,"max_hp_gain":0.0,"max_hp_loss":0.0,"gold_gain":0.0,"event_name":"Lab","player_choice":"Got Potions","floor":2.0,"gold_loss":0.0,"damage_taken":0.0},{"damage_healed":0.0,"max_hp_gain":0.0,"max_hp_loss":0.0,"gold_gain":0.0,"event_name":"Living Wall","player_choice":"Grow","floor":12.0,"gold_loss":0.0,"damage_taken":0.0,"cards_upgraded":["Disarm"]},{"damage_healed":0.0,"max_hp_gain":0.0,"max_hp_loss":7.0,"gold_gain":0.0,"event_name":"Golden Idol","player_choice":"Lose Max HP","floor":13.0,"gold_loss":0.0,"damage_taken":0.0,"relics_obtained":["Golden Idol"]},{"damage_healed":0.0,"max_hp_gain":0.0,"max_hp_loss":0.0,"gold_gain":0.0,"event_name":"The Mausoleum","player_choice":"Ignored","floor":19.0,"gold_loss":0.0,"damage_taken":0.0},{"damage_healed":0.0,"max_hp_gain":0.0,"max_hp_loss":0.0,"gold_gain":0.0,"event_name":"Masked Bandits","player_choice":"Fought Bandits","floor":27.0,"gold_loss":0.0,"damage_taken":0.0},{"damage_healed":12.0,"max_hp_gain":0.0,"max_hp_loss":0.0,"gold_gain":0.0,"event_name":"Wheel of Change","player_choice":"Full Heal","floor":36.0,"gold_loss":0.0,"damage_taken":0.0},{"damage_healed":0.0,"max_hp_gain":0.0,"max_hp_loss":0.0,"gold_gain":0.0,"event_name":"WeMeetAgain","player_choice":"Gave Potion","floor":39.0,"gold_loss":0.0,"damage_taken":0.0,"relics_obtained":["Pen Nib"]}],"is_beta":true,"boss_relics":[{"not_picked":["Runic Cube","Tiny House"],"picked":"Empty Cage"},{"not_picked":["Pandora\u0027s Box","Lizard Tail"],"picked":"Snecko Eye"}],"items_purged_floors":[20,38],"is_endless":false,"potions_floor_spawned":[1,4,7,10,16,21,22,24,28,35,41,44,55],"ascension_level":20}