{"gold_per_floor":[17,17,35,50,71,115,193,193],"floor_reached":8,"playtime":745,"items_purged":[],"score":58,"play_id":"2735ff20-b784-4a00-993e-6c2900931334","local_time":"20190813195846","is_ascension_mode":false,"campfire_choices":[],"neow_cost":"NO_GOLD","seed_source_timestamp":16340528241270,"circlet_count":0,"master_deck":["Strike_G","Strike_G","Strike_G","Strike_G","Strike_G","Defend_G","Defend_G","Defend_G","Defend_G","Defend_G","Survivor","Neutralize","Panache","Madness","Underhanded Strike","Dagger Spray","Blur","Dagger Throw"],"relics":["Ring of the Snake","Golden Idol","Boot"],"potions_floor_usage":[5,5],"damage_taken":[{"damage":0,"enemies":"Cultist","floor":1,"turns":3},{"damage":7,"enemies":"Small Slimes","floor":3,"turns":5},{"damage":0,"enemies":"2 Louse","floor":4,"turns":3},{"damage":0,"enemies":"Lots of Slimes","floor":5,"turns":2},{"damage":30,"enemies":"Lagavulin","floor":6,"turns":9},{"damage":22,"enemies":"Gremlin Nob","floor":8,"turns":3}],"seed_played":"-1985236698467916447","potions_obtained":[{"floor":1,"key":"Swift Potion"},{"floor":4,"key":"Strength Potion"}],"is_trial":false,"path_per_floor":["M","?","M","M","M","E","?","E"],"character_chosen":"THE_SILENT","items_purchased":[],"campfire_rested":0,"item_purchase_floors":[],"current_hp_per_floor":[70,53,46,46,46,16,16,0],"gold":193,"neow_bonus":"RANDOM_COLORLESS_2","is_prod":false,"is_daily":false,"chose_seed":false,"campfire_upgraded":0,"win_rate":0.0,"timestamp":1565751526,"path_taken":["M","?","M","M","M","E","?","E"],"build_version":"2019-07-17","purchased_purges":0,"victory":false,"max_hp_per_floor":[70,70,70,70,70,70,70,70],"card_choices":[{"not_picked":["Backflip","Caltrops","Acrobatics"],"picked":"SKIP","floor":1},{"not_picked":["Backflip","Noxious Fumes"],"picked":"Underhanded Strike","floor":3},{"not_picked":["Masterful Stab","Prepared"],"picked":"Dagger Spray","floor":4},{"not_picked":["Sucker Punch","Bane"],"picked":"Blur","floor":5},{"not_picked":["Quick Slash","Well Laid Plans"],"picked":"Dagger Throw","floor":6}],"player_experience":91040,"relics_obtained":[{"floor":6,"key":"Boot"}],"event_choices":[{"damage_healed":0,"gold_gain":0,"player_choice":"Take Damage","damage_taken":17,"relics_obtained":["Golden Idol"],"max_hp_gain":0,"max_hp_loss":0,"event_name":"Golden Idol","floor":2,"gold_loss":0},{"damage_healed":0,"gold_gain":78,"player_choice":"Gained Gold","damage_taken":0,"max_hp_gain":0,"max_hp_loss":0,"event_name":"Golden Wing","floor":7,"gold_loss":0}],"is_beta":false,"boss_relics":[],"items_purged_floors":[],"is_endless":false,"potions_floor_spawned":[1,4],"killed_by":"Gremlin Nob","ascension_level":0}