{"gold_per_floor":[114,134,144,69,69,97,97,128,151,170,202,212,230,240,240,345,345,358,358,78,0,0,0,0,20,70,70,87,87,101,101,101,199,199,218,18,29,0,10,110,110,110,110,130,130,130,45,57,57,57],"floor_reached":50,"playtime":4942,"items_purged":["Strike_G","Strike_G","Defend_G"],"score":559,"play_id":"1570e469-c0e9-44b9-a161-ca390138e07a","local_time":"20190813020054","is_ascension_mode":false,"campfire_choices":[{"floor":15,"key":"REST"},{"floor":23,"key":"REST"},{"floor":29,"key":"REST"},{"floor":32,"key":"REST"},{"floor":42,"key":"REST"},{"floor":46,"key":"REST"},{"floor":49,"key":"REST"}],"neow_cost":"NONE","seed_source_timestamp":49545516564209,"circlet_count":0,"master_deck":["Strike_G","Strike_G","Strike_G","Defend_G","Defend_G","Defend_G","Defend_G","Survivor","Neutralize","Flying Knee","Finisher","Dagger Spray","Venomology","Acrobatics","Burst+1","Noxious Fumes","Predator","Bouncing Flask+1","Corpse Explosion+1","Crippling Poison+1","Malaise+1","Poisoned Stab","Master of Strategy+1","Flash of Steel","Purity+1","Blind+1","Outmaneuver+1","Deadly Poison+1","Doppelganger+1","Catalyst+1","Night Terror+1","Discovery+1","Outmaneuver+1"],"relics":["Fusion Hammer","PreservedInsect","Snake Skull","Oddly Smooth Stone","Potion Belt","Toxic Egg 2","Orrery","Enchiridion","Pen Nib","Ginger","White Beast Statue","Red Mask","StoneCalendar","Blue Candle"],"potions_floor_usage":[8,11,11,12,12,13,16,16,16,22,22,25,27,28,28,33,33,33,33,33,37,40,40,40,40,44,48,50,50,50,50],"damage_taken":[{"damage":0,"enemies":"2 Louse","floor":1,"turns":3},{"damage":0,"enemies":"Cultist","floor":2,"turns":4},{"damage":0,"enemies":"Small Slimes","floor":3,"turns":1},{"damage":29,"enemies":"Lagavulin","floor":6,"turns":6},{"damage":5,"enemies":"3 Sentries","floor":8,"turns":5},{"damage":7,"enemies":"2 Fungi Beasts","floor":10,"turns":4},{"damage":1,"enemies":"Gremlin Nob","floor":11,"turns":3},{"damage":5,"enemies":"Large Slime","floor":12,"turns":8},{"damage":1,"enemies":"Exordium Thugs","floor":13,"turns":4},{"damage":0,"enemies":"Exordium Wildlife","floor":14,"turns":4},{"damage":0,"enemies":"The Guardian","floor":16,"turns":6},{"damage":0,"enemies":"Shell Parasite","floor":18,"turns":6},{"damage":0,"enemies":"3 Byrds","floor":22,"turns":1},{"damage":13,"enemies":"Centurion and Healer","floor":25,"turns":4},{"damage":0,"enemies":"Book of Stabbing","floor":27,"turns":2},{"damage":9,"enemies":"Snake Plant","floor":28,"turns":3},{"damage":4,"enemies":"Snecko","floor":30,"turns":4},{"damage":22,"enemies":"Automaton","floor":33,"turns":6},{"damage":18,"enemies":"3 Darklings","floor":35,"turns":3},{"damage":12,"enemies":"Orb Walker","floor":37,"turns":3},{"damage":17,"enemies":"Jaw Worm Horde","floor":39,"turns":2},{"damage":27,"enemies":"Mind Bloom Boss Battle","floor":40,"turns":5},{"damage":7,"enemies":"3 Darklings","floor":44,"turns":4},{"damage":11,"enemies":"Maw","floor":48,"turns":5},{"damage":73,"enemies":"Time Eater","floor":50,"turns":6}],"seed_played":"-9159986905925642116","potions_obtained":[{"floor":6,"key":"GhostInAJar"},{"floor":10,"key":"Fire Potion"},{"floor":12,"key":"SteroidPotion"},{"floor":13,"key":"SteroidPotion"},{"floor":18,"key":"Fruit Juice"},{"floor":25,"key":"Ancient Potion"},{"floor":30,"key":"AttackPotion"},{"floor":35,"key":"Weak Potion"},{"floor":37,"key":"Weak Potion"},{"floor":39,"key":"Swift Potion"},{"floor":40,"key":"Poison Potion"},{"floor":44,"key":"PowerPotion"},{"floor":48,"key":"Dexterity Potion"}],"is_trial":false,"path_per_floor":["M","M","M","$","?","E","$","E","T","M","E","M","M","M","R","B",null,"M","?","$","?","M","R","?","M","T","E","M","R","M","T","R","B",null,"M","$","M","?","M","?","?","R","T","M","$","R","$","M","R","B"],"character_chosen":"THE_SILENT","items_purchased":["Master of Strategy+1","Catalyst+1","Discovery+1"],"campfire_rested":7,"item_purchase_floors":[20,36,47],"current_hp_per_floor":[70,70,70,70,70,41,41,36,36,29,37,32,31,31,52,52,70,70,54,54,54,59,75,47,34,34,34,25,47,43,43,65,43,75,57,57,45,45,28,1,66,66,66,59,59,66,66,55,66,0],"gold":57,"neow_bonus":"BOSS_RELIC","is_prod":false,"is_daily":false,"chose_seed":false,"campfire_upgraded":0,"win_rate":0.0,"timestamp":1565686854,"path_taken":["M","M","M","$","?","E","$","E","T","M","E","M","?","M","R","BOSS","M","?","$","?","M","R","?","M","T","E","?","R","M","?","R","BOSS","M","$","?","?","M","?","?","R","T","M","?","R","$","M","R","BOSS"],"build_version":"2019-07-17","purchased_purges":3,"victory":false,"max_hp_per_floor":[70,70,70,70,70,70,70,70,70,70,70,70,70,70,70,70,70,70,70,70,70,75,75,75,75,75,75,75,75,75,75,75,75,75,75,75,75,75,75,75,66,66,66,66,66,66,66,66,66,66],"card_choices":[{"not_picked":["Blade Dance","Poisoned Stab"],"picked":"Flying Knee","floor":1},{"not_picked":["Prepared","Dodge and Roll"],"picked":"Finisher","floor":2},{"not_picked":["PiercingWail","Underhanded Strike"],"picked":"Dagger Spray","floor":3},{"not_picked":["Underhanded Strike","Choke"],"picked":"Venomology","floor":6},{"not_picked":["Dodge and Roll","Backflip"],"picked":"Acrobatics","floor":8},{"not_picked":["Acrobatics","Outmaneuver","Infinite Blades"],"picked":"SKIP","floor":10},{"not_picked":["Poisoned Stab","Prepared"],"picked":"Burst","floor":11},{"not_picked":["Dagger Spray","Acrobatics+1"],"picked":"Noxious Fumes","floor":12},{"not_picked":["Skewer","Outmaneuver+1"],"picked":"Predator","floor":13},{"not_picked":["Riddle With Holes","Dagger Throw"],"picked":"Bouncing Flask+1","floor":14},{"not_picked":["Phantasmal Killer+1","Wraith Form v2"],"picked":"Corpse Explosion+1","floor":16},{"not_picked":["Riddle With Holes","Choke"],"picked":"Crippling Poison+1","floor":17},{"not_picked":["Leg Sweep+1","Outmaneuver+1"],"picked":"Malaise+1","floor":17},{"not_picked":["Quick Slash","Bane"],"picked":"Poisoned Stab","floor":18},{"not_picked":["Quick Slash+1","Prepared+1"],"picked":"Outmaneuver+1","floor":25},{"not_picked":["Escape Plan+1","Dagger Spray+1","Terror+1"],"picked":"SKIP","floor":28},{"not_picked":["Bane","Heel Hook"],"picked":"Deadly Poison+1","floor":30},{"not_picked":["Wraith Form v2","A Thousand Cuts"],"picked":"Doppelganger+1","floor":33},{"not_picked":["Dagger Spray+1","Caltrops","Prepared+1"],"picked":"SKIP","floor":35},{"not_picked":["Dagger Throw","Deadly Poison+1","Poisoned Stab"],"picked":"SKIP","floor":37},{"not_picked":["Dagger Spray","Dodge and Roll+1"],"picked":"Night Terror+1","floor":39},{"not_picked":["Flying Knee","Blade Dance+1","Sucker Punch"],"picked":"SKIP","floor":44},{"not_picked":["Dagger Throw","Dodge and Roll+1"],"picked":"Outmaneuver+1","floor":48}],"player_experience":86098,"relics_obtained":[{"floor":5,"key":"PreservedInsect"},{"floor":6,"key":"Snake Skull"},{"floor":8,"key":"Oddly Smooth Stone"},{"floor":9,"key":"Potion Belt"},{"floor":11,"key":"Toxic Egg 2"},{"floor":19,"key":"Enchiridion"},{"floor":26,"key":"Pen Nib"},{"floor":31,"key":"Ginger"},{"floor":40,"key":"StoneCalendar"},{"floor":43,"key":"Blue Candle"}],"event_choices":[{"damage_healed":0,"gold_gain":0,"player_choice":"Relic","damage_taken":0,"max_hp_gain":0,"max_hp_loss":0,"event_name":"Wheel of Change","floor":5,"gold_loss":0},{"damage_healed":0,"gold_gain":0,"player_choice":"Obtained Book","damage_taken":16,"max_hp_gain":0,"max_hp_loss":0,"event_name":"Cursed Tome","floor":19,"gold_loss":0},{"damage_healed":0,"gold_gain":0,"player_choice":"Paid Fearfully","damage_taken":0,"max_hp_gain":0,"max_hp_loss":0,"event_name":"Masked Bandits","floor":21,"gold_loss":78},{"damage_healed":0,"gold_gain":0,"player_choice":"CARD CARD CARD ","damage_taken":28,"max_hp_gain":0,"max_hp_loss":0,"event_name":"Knowing Skull","floor":24,"potions_obtained":[],"gold_loss":0,"cards_obtained":["Flash of Steel","Purity","Blind"]},{"damage_healed":0,"gold_gain":0,"player_choice":"Paid","damage_taken":0,"relics_obtained":["Red Mask"],"max_hp_gain":0,"max_hp_loss":0,"event_name":"Tomb of Lord Red Mask","floor":38,"gold_loss":29},{"damage_healed":0,"gold_gain":0,"player_choice":"Fight","damage_taken":0,"max_hp_gain":0,"max_hp_loss":0,"event_name":"MindBloom","floor":40,"gold_loss":0},{"damage_healed":66,"gold_gain":0,"player_choice":"Heal","damage_taken":0,"max_hp_gain":0,"max_hp_loss":9,"event_name":"The Moai Head","floor":41,"gold_loss":0}],"is_beta":false,"boss_relics":[{"not_picked":["WristBlade","Tiny House"],"picked":"Orrery"},{"not_picked":["Black Star","Velvet Choker"],"picked":"White Beast Statue"}],"items_purged_floors":[4,20,36],"is_endless":false,"potions_floor_spawned":[6,10,12,13,18,25,30,35,37,39,40,44,48],"killed_by":"Time Eater","ascension_level":0}