{"gold_per_floor":[112,127,127,139,154,180,180,215,215,233,233,243,256,58,58,158,158,171,198,216,216,234,234,260,272,348,348,348,380,399,26,26,123,123,133,145,145,164,181,181,213,213,213,231,231],"floor_reached":45,"playtime":5581,"items_purged":["Strike_G","Strike_G"],"score":837,"play_id":"f76c08a5-1899-42b9-b41e-68084e170e24","local_time":"20190814225951","is_ascension_mode":true,"campfire_choices":[{"data":"Storm of Steel","floor":7,"key":"SMITH"},{"floor":11,"key":"REST"},{"data":"Tools of the Trade","floor":15,"key":"SMITH"},{"data":"Footwork","floor":23,"key":"SMITH"},{"data":"Backflip","floor":27,"key":"SMITH"},{"data":"Burst","floor":32,"key":"SMITH"},{"data":"Phantasmal Killer","floor":40,"key":"SMITH"},{"data":"Leg Sweep","floor":42,"key":"SMITH"}],"neow_cost":"TEN_PERCENT_HP_LOSS","seed_source_timestamp":101247370022133,"circlet_count":0,"master_deck":["AscendersBane","Strike_G","Strike_G","Strike_G","Defend_G","Defend_G","Defend_G","Defend_G","Defend_G","Survivor","Neutralize+1","Flying Knee","Backstab","Storm of Steel+1","Cloak And Dagger","Footwork+1","Terror","Distraction","Underhanded Strike","Tools of the Trade+1","Dagger Spray","Deflect","Caltrops+1","Adrenaline","Dagger Throw","Dagger Throw","Acrobatics","Heel Hook+1","Accuracy+1","Leg Sweep+1","Blur+1","Backflip+1","Writhe","Dodge and Roll","Burst+1","Caltrops","Phantasmal Killer+1","Dodge and Roll+1","Parasite","Backflip+1","Skewer+1","Underhanded Strike","Injury","PiercingWail+1","Blur"],"special_seed":0,"relics":["Ring of the Snake","Tough Bandages","WingedGreaves","Prayer Wheel","Pear","Cursed Key","Red Mask","Bottled Lightning","Art of War","Bag of Marbles","Eternal Feather","Strawberry","Darkstone Periapt"],"potions_floor_usage":[6,16,18,19,24,24,30,33,33,38],"damage_taken":[{"damage":0,"enemies":"Small Slimes","floor":1,"turns":4},{"damage":0,"enemies":"Cultist","floor":2,"turns":3},{"damage":2,"enemies":"Jaw Worm","floor":4,"turns":4},{"damage":0,"enemies":"Red Slaver","floor":5,"turns":3},{"damage":11,"enemies":"3 Sentries","floor":6,"turns":11},{"damage":26,"enemies":"Lagavulin","floor":8,"turns":7},{"damage":9,"enemies":"3 Louse","floor":10,"turns":4},{"damage":2,"enemies":"Exordium Thugs","floor":12,"turns":5},{"damage":0,"enemies":"Red Slaver","floor":13,"turns":3},{"damage":4,"enemies":"The Guardian","floor":16,"turns":9},{"damage":0,"enemies":"Chosen","floor":18,"turns":4},{"damage":0,"enemies":"Masked Bandits","floor":19,"turns":2},{"damage":0,"enemies":"3 Byrds","floor":20,"turns":3},{"damage":5,"enemies":"3 Cultists","floor":22,"turns":5},{"damage":12,"enemies":"Gremlin Leader","floor":24,"turns":6},{"damage":0,"enemies":"Shelled Parasite and Fungi","floor":25,"turns":4},{"damage":0,"enemies":"Book of Stabbing","floor":29,"turns":6},{"damage":0,"enemies":"Centurion and Healer","floor":30,"turns":6},{"damage":42,"enemies":"Automaton","floor":33,"turns":10},{"damage":11,"enemies":"Orb Walker","floor":35,"turns":3},{"damage":3,"enemies":"3 Shapes","floor":36,"turns":4},{"damage":4,"enemies":"Writhing Mass","floor":38,"turns":5},{"damage":11,"enemies":"Maw","floor":39,"turns":9},{"damage":19,"enemies":"Nemesis","floor":41,"turns":7},{"damage":51,"enemies":"Transient","floor":44,"turns":5},{"damage":15,"enemies":"Giant Head","floor":45,"turns":11}],"seed_played":"-8444082387067567939","potions_obtained":[{"floor":2,"key":"SpeedPotion"},{"floor":10,"key":"FearPotion"},{"floor":16,"key":"Strength Potion"},{"floor":20,"key":"GamblersBrew"},{"floor":22,"key":"Explosive Potion"},{"floor":25,"key":"SteroidPotion"},{"floor":29,"key":"Strength Potion"},{"floor":36,"key":"GamblersBrew"}],"is_trial":false,"path_per_floor":["M","M","?","M","M","E","R","E","T","M","R","M","M","$","R","B",null,"M","?","M","?","M","R","E","M","T","R","?","E","M","$","R","B",null,"M","M","?","M","M","R","E","R","T","M","E"],"character_chosen":"THE_SILENT","items_purchased":["Caltrops","PowerPotion","Caltrops","Bag of Marbles","AttackPotion"],"campfire_rested":1,"item_purchase_floors":[14,14,31,31,31],"current_hp_per_floor":[63,63,63,61,61,50,50,24,34,25,46,44,44,44,44,40,65,65,65,65,65,60,60,48,48,48,48,48,48,48,48,48,6,56,45,42,42,38,27,51,39,63,63,12,0],"gold":231,"neow_bonus":"ONE_RARE_RELIC","is_prod":false,"is_daily":false,"chose_seed":false,"campfire_upgraded":7,"win_rate":0,"timestamp":1565848791,"path_taken":["M","M","?","M","M","E","R","E","T","M","R","?","?","$","R","BOSS","M","?","M","?","M","R","E","?","T","R","?","E","M","$","R","BOSS","M","M","?","M","?","R","E","R","T","M","E"],"build_version":"2019-07-17","purchased_purges":2,"victory":false,"max_hp_per_floor":[63,63,63,63,63,63,63,63,73,73,73,73,73,73,73,73,73,73,73,73,73,73,73,73,73,73,73,73,73,73,73,73,73,73,73,73,73,73,73,73,80,80,80,80,80],"card_choices":[{"not_picked":["Terror","Deflect"],"picked":"Flying Knee","floor":1},{"not_picked":["Backflip","Deflect"],"picked":"Backstab","floor":2},{"not_picked":["Blur","Poisoned Stab"],"picked":"Storm of Steel","floor":4},{"not_picked":["Tactician","Bane","Acrobatics"],"picked":"SKIP","floor":5},{"not_picked":["Backflip","Deadly Poison"],"picked":"Cloak And Dagger","floor":6},{"not_picked":["Flying Knee","Deadly Poison"],"picked":"Footwork","floor":8},{"not_picked":["Tactician","Bane"],"picked":"Terror","floor":10},{"not_picked":["Sucker Punch","Deadly Poison"],"picked":"Distraction","floor":10},{"not_picked":["Deflect","Flying Knee"],"picked":"Underhanded Strike","floor":12},{"not_picked":["Deadly Poison","Poisoned Stab"],"picked":"Tools of the Trade","floor":12},{"not_picked":["Flechettes","Noxious Fumes"],"picked":"Dagger Spray","floor":13},{"not_picked":["Terror","Dagger Spray"],"picked":"Deflect","floor":13},{"not_picked":["Burst","Venomology"],"picked":"Adrenaline","floor":16},{"not_picked":["Deflect","Acrobatics"],"picked":"Dagger Throw","floor":18},{"not_picked":["Slice","Quick Slash"],"picked":"Dagger Throw","floor":18},{"not_picked":["Blade Dance","Escape Plan"],"picked":"Acrobatics","floor":19},{"not_picked":["Deadly Poison+1","Riddle With Holes"],"picked":"Heel Hook+1","floor":20},{"not_picked":["Heel Hook","Bullet Time","Acrobatics"],"picked":"SKIP","floor":20},{"not_picked":["Infinite Blades","Prepared"],"picked":"Accuracy+1","floor":22},{"not_picked":["Dodge and Roll","Bouncing Flask"],"picked":"Leg Sweep","floor":22},{"not_picked":["Distraction","Cloak And Dagger+1"],"picked":"Blur+1","floor":24},{"not_picked":["Acrobatics","Terror+1"],"picked":"Backflip","floor":25},{"not_picked":["Cloak And Dagger","Setup","Backstab"],"picked":"SKIP","floor":25},{"not_picked":["Finisher","Flying Knee"],"picked":"Dodge and Roll","floor":29},{"not_picked":["Sucker Punch","Bane+1"],"picked":"Burst","floor":30},{"not_picked":["Acrobatics","Flechettes","Sucker Punch"],"picked":"SKIP","floor":30},{"not_picked":["Burst","A Thousand Cuts"],"picked":"Phantasmal Killer","floor":33},{"not_picked":["Riddle With Holes+1","Blade Dance+1","Flechettes"],"picked":"SKIP","floor":35},{"not_picked":["Noxious Fumes+1","Endless Agony","Catalyst"],"picked":"SKIP","floor":35},{"not_picked":["Dagger Throw+1","Flechettes+1"],"picked":"Dodge and Roll+1","floor":36},{"not_picked":["Dagger Throw+1","Cloak And Dagger+1","Acrobatics+1"],"picked":"SKIP","floor":36},{"not_picked":["Masterful Stab","Outmaneuver+1"],"picked":"Backflip+1","floor":38},{"not_picked":["Backflip","Dagger Spray+1","Bane+1"],"picked":"SKIP","floor":38},{"not_picked":["Acrobatics+1","Cloak And Dagger+1"],"picked":"Skewer+1","floor":39},{"not_picked":["Burst","Flying Knee","Quick Slash"],"picked":"SKIP","floor":39},{"not_picked":["Glass Knife","Corpse Explosion"],"picked":"Underhanded Strike","floor":41},{"not_picked":["Bane+1","Poisoned Stab+1"],"picked":"PiercingWail+1","floor":44},{"not_picked":["Backflip+1","Poisoned Stab+1"],"picked":"Blur","floor":44}],"player_experience":605527,"relics_obtained":[{"floor":6,"key":"WingedGreaves"},{"floor":8,"key":"Prayer Wheel"},{"floor":9,"key":"Pear"},{"floor":19,"key":"Red Mask"},{"floor":26,"key":"Bottled Lightning"},{"floor":29,"key":"Art of War"},{"floor":41,"key":"Strawberry"},{"floor":43,"key":"Darkstone Periapt"}],"event_choices":[{"damage_healed":0,"gold_gain":0,"player_choice":"Upgraded","damage_taken":0,"max_hp_gain":0,"max_hp_loss":0,"event_name":"Upgrade Shrine","floor":3,"gold_loss":0,"cards_upgraded":["Neutralize"]},{"damage_healed":0,"gold_gain":0,"player_choice":"Fought Bandits","damage_taken":0,"max_hp_gain":0,"max_hp_loss":0,"event_name":"Masked Bandits","floor":19,"gold_loss":0},{"damage_healed":0,"gold_gain":0,"player_choice":"Ignored","damage_taken":0,"max_hp_gain":0,"max_hp_loss":0,"event_name":"N\u0027loth","floor":21,"gold_loss":0},{"damage_healed":0,"gold_gain":0,"player_choice":"Upgraded","damage_taken":0,"max_hp_gain":0,"max_hp_loss":0,"event_name":"Upgrade Shrine","floor":28,"gold_loss":0,"cards_upgraded":["Caltrops"]},{"damage_healed":0,"gold_gain":0,"player_choice":"Ignored","damage_taken":0,"max_hp_gain":0,"max_hp_loss":0,"event_name":"SecretPortal","floor":37,"gold_loss":0}],"is_beta":false,"boss_relics":[{"not_picked":["Orrery","Coffee Dripper"],"picked":"Cursed Key"},{"not_picked":["HoveringKite","Empty Cage"],"picked":"Eternal Feather"}],"items_purged_floors":[14,31],"is_endless":false,"potions_floor_spawned":[2,10,16,20,22,25,29,36],"killed_by":"Giant Head","ascension_level":11}