{"gold_per_floor":[118,37,47,47,66,91,104,104,104,118,133,133],"floor_reached":12,"playtime":544,"items_purged":[],"score":82,"play_id":"8bc1af1a-5080-4dc7-a18c-99209eb47fc1","local_time":"20190629073148","is_ascension_mode":false,"campfire_choices":[],"neow_cost":"NONE","seed_source_timestamp":251181679344600,"circlet_count":0,"master_deck":["Defend_G","Defend_G","Defend_G","Defend_G","Defend_G","Strike_G","Strike_G","Strike_G","Strike_G","Survivor","Neutralize","Bouncing Flask+1","Caltrops","PiercingWail","Prepared","Leg Sweep","Envenom","Blade Dance","Blade Dance"],"relics":["Ring of the Snake","Omamori","Bottled Lightning"],"potions_floor_usage":[],"damage_taken":[{"damage":9,"enemies":"Cultist","floor":1,"turns":6},{"damage":3,"enemies":"Jaw Worm","floor":3,"turns":4},{"damage":1,"enemies":"2 Louse","floor":5,"turns":3},{"damage":21,"enemies":"Lagavulin","floor":6,"turns":6},{"damage":2,"enemies":"2 Fungi Beasts","floor":7,"turns":5},{"damage":16,"enemies":"Gremlin Gang","floor":10,"turns":6},{"damage":1,"enemies":"3 Louse","floor":11,"turns":5},{"damage":27,"enemies":"3 Sentries","floor":12,"turns":2}],"seed_played":"-4887271519547688117","potions_obtained":[{"floor":5,"key":"Ancient Potion"},{"floor":7,"key":"Block Potion"},{"floor":10,"key":"FairyPotion"}],"is_trial":false,"path_per_floor":["M","$","M","?","M","E","M","?","T","M","M","E"],"character_chosen":"THE_SILENT","items_purchased":["Caltrops"],"campfire_rested":0,"item_purchase_floors":[2],"current_hp_per_floor":[61,61,58,58,57,36,34,27,27,11,10,0],"gold":133,"neow_bonus":"RANDOM_COMMON_RELIC","is_prod":false,"is_daily":false,"chose_seed":false,"campfire_upgraded":0,"win_rate":0,"timestamp":1561761108,"path_taken":["M","?","?","?","M","E","M","?","T","M","M","E"],"build_version":"2019-01-23","purchased_purges":0,"victory":false,"max_hp_per_floor":[70,70,70,70,70,70,70,70,70,70,70,70],"card_choices":[{"not_picked":["Dagger Throw","Crippling Poison"],"picked":"Bouncing Flask","floor":1},{"not_picked":["Endless Agony","Dagger Throw"],"picked":"PiercingWail","floor":3},{"not_picked":["Acrobatics","All Out Attack"],"picked":"Prepared","floor":5},{"not_picked":["Slice","Deflect"],"picked":"Leg Sweep","floor":6},{"not_picked":["Sucker Punch","Deflect"],"picked":"Envenom","floor":7},{"not_picked":["Acrobatics","PiercingWail"],"picked":"Blade Dance","floor":10},{"not_picked":["Riddle With Holes","Poisoned Stab"],"picked":"Blade Dance","floor":11}],"player_experience":54960,"relics_obtained":[{"floor":6,"key":"Bottled Lightning"}],"event_choices":[{"damage_healed":0,"gold_gain":0,"player_choice":"Grow","damage_taken":0,"max_hp_gain":0,"max_hp_loss":0,"event_name":"Living Wall","floor":4,"gold_loss":0,"cards_upgraded":["Bouncing Flask"]},{"cards_removed":["Strike_G"],"damage_healed":0,"gold_gain":0,"player_choice":"Card Removal","damage_taken":7,"max_hp_gain":0,"max_hp_loss":0,"event_name":"Golden Wing","floor":8,"gold_loss":0}],"is_beta":false,"boss_relics":[],"items_purged_floors":[],"is_endless":false,"potions_floor_spawned":[5,7,10],"killed_by":"3 Sentries","ascension_level":0}