{"gold_per_floor":[117,134,134,201,201,234,161,175,198,219,251,251,251,268,268,369,369,388,402,501,227,242,242,270,270,322,322,353,353,367,381,381,381],"floor_reached":33,"playtime":1267,"items_purged":["Strike_R"],"score":398,"play_id":"152f3565-5220-4ffb-95b7-22542eae9b9b","local_time":"20190710214135","is_ascension_mode":true,"campfire_choices":[{"data":"Armaments","floor":12,"key":"SMITH"},{"data":"Battle Trance","floor":15,"key":"SMITH"},{"data":"Fiend Fire","floor":23,"key":"SMITH"},{"data":"Inflame","floor":25,"key":"SMITH"},{"data":"Flex","floor":27,"key":"SMITH"},{"data":"Battle Trance","floor":32,"key":"SMITH"}],"neow_cost":"NONE","seed_source_timestamp":28116591031600,"circlet_count":0,"master_deck":["Strike_R","Strike_R+1","Strike_R","Strike_R+1","Defend_R","Defend_R","Defend_R+1","Defend_R+1","Bash","Clash","Battle Trance+1","Sword Boomerang","Battle Trance+1","Armaments+1","Fiend Fire+1","Inflame+1","Dual Wield+1","Flex+1","Shrug It Off+1","Seeing Red+1","Warcry+1"],"relics":["Burning Blood","NeowsBlessing","Dodecahedron","Strawberry","Lantern","War Paint","Odd Mushroom","Whetstone","Sozu","Vajra","StoneCalendar","Happy Flower","Charon\u0027s Ashes"],"potions_floor_usage":[11,16],"damage_taken":[{"damage":0,"enemies":"Jaw Worm","floor":1,"turns":1},{"damage":0,"enemies":"Small Slimes","floor":2,"turns":2},{"damage":0,"enemies":"3 Sentries","floor":6,"turns":1},{"damage":0,"enemies":"2 Louse","floor":8,"turns":2},{"damage":20,"enemies":"The Mushroom Lair","floor":10,"turns":6},{"damage":11,"enemies":"Gremlin Nob","floor":11,"turns":5},{"damage":11,"enemies":"Large Slime","floor":14,"turns":6},{"damage":13,"enemies":"The Guardian","floor":16,"turns":12},{"damage":0,"enemies":"Spheric Guardian","floor":18,"turns":1},{"damage":14,"enemies":"2 Thieves","floor":19,"turns":4},{"damage":31,"enemies":"Centurion and Healer","floor":22,"turns":5},{"damage":11,"enemies":"Book of Stabbing","floor":24,"turns":3},{"damage":20,"enemies":"Slavers","floor":28,"turns":3},{"damage":5,"enemies":"Snecko","floor":30,"turns":4},{"damage":0,"enemies":"3 Cultists","floor":31,"turns":3},{"damage":50,"enemies":"Automaton","floor":33,"turns":6}],"seed_played":"760838786106702998","potions_obtained":[{"floor":2,"key":"Block Potion"},{"floor":11,"key":"Strength Potion"}],"is_trial":false,"path_per_floor":["M","M","?","?","T","E","$","M","T","?","E","R","?","M","R","B",null,"M","M","?","$","M","R","E","R","T","R","E","?","M","M","R","B"],"character_chosen":"IRONCLAD","items_purchased":["Battle Trance","Vajra","Flex"],"campfire_rested":0,"item_purchase_floors":[7,21,21],"current_hp_per_floor":[80,80,68,68,75,81,81,87,87,73,68,68,73,68,68,61,84,90,82,82,82,57,57,52,52,52,52,38,38,39,45,45,0],"gold":381,"neow_bonus":"THREE_ENEMY_KILL","is_prod":false,"is_daily":false,"chose_seed":false,"campfire_upgraded":6,"win_rate":0,"timestamp":1562762495,"path_taken":["M","M","?","?","?","E","$","?","T","?","E","R","?","M","R","BOSS","M","M","?","$","M","R","E","R","T","R","E","?","M","?","R","BOSS"],"build_version":"2019-07-05","purchased_purges":1,"victory":false,"max_hp_per_floor":[80,80,80,80,87,87,87,87,87,87,87,87,92,92,92,92,92,92,92,92,92,92,92,92,92,92,92,92,92,92,92,92,92],"card_choices":[{"not_picked":["Evolve","Headbutt"],"picked":"Clash","floor":1},{"not_picked":["Cleave","Feel No Pain"],"picked":"Battle Trance","floor":2},{"not_picked":["Corruption","Cleave"],"picked":"Sword Boomerang","floor":6},{"not_picked":["Thunderclap","Burning Pact"],"picked":"Armaments","floor":8},{"not_picked":["Infernal Blade","Rupture","Cleave"],"picked":"SKIP","floor":11},{"not_picked":["Metallicize","Fire Breathing","Searing Blow"],"picked":"SKIP","floor":14},{"not_picked":["Reaper","Brutality"],"picked":"Fiend Fire","floor":16},{"not_picked":["Havoc","Headbutt"],"picked":"Inflame","floor":18},{"not_picked":["Inflame","Havoc"],"picked":"Dual Wield+1","floor":19},{"not_picked":["Twin Strike","Second Wind+1"],"picked":"Shrug It Off+1","floor":22},{"not_picked":["Body Slam","Anger","Second Wind+1"],"picked":"SKIP","floor":24},{"not_picked":["Thunderclap","Exhume"],"picked":"Seeing Red","floor":28},{"not_picked":["Heavy Blade","Blood for Blood+1","Iron Wave"],"picked":"SKIP","floor":30},{"not_picked":["Fire Breathing+1","Rage"],"picked":"Warcry+1","floor":31}],"player_experience":114727,"relics_obtained":[{"floor":5,"key":"Strawberry"},{"floor":6,"key":"Lantern"},{"floor":9,"key":"War Paint"},{"floor":10,"key":"Odd Mushroom"},{"floor":11,"key":"Whetstone"},{"floor":24,"key":"StoneCalendar"},{"floor":26,"key":"Happy Flower"},{"floor":28,"key":"Charon\u0027s Ashes"}],"event_choices":[{"damage_healed":0,"gold_gain":0,"player_choice":"Success","damage_taken":12,"relics_obtained":["Dodecahedron"],"max_hp_gain":0,"max_hp_loss":0,"event_name":"Scrap Ooze","floor":3,"gold_loss":0},{"damage_healed":0,"gold_gain":67,"player_choice":"Gained Gold","damage_taken":0,"max_hp_gain":0,"max_hp_loss":0,"event_name":"Golden Wing","floor":4,"gold_loss":0},{"damage_healed":0,"gold_gain":0,"player_choice":"Fought Mushrooms","damage_taken":0,"max_hp_gain":0,"max_hp_loss":0,"event_name":"Mushrooms","floor":10,"gold_loss":0},{"damage_healed":0,"gold_gain":0,"player_choice":"Donut","damage_taken":0,"max_hp_gain":5,"max_hp_loss":0,"event_name":"Big Fish","floor":13,"gold_loss":0},{"damage_healed":0,"gold_gain":99,"player_choice":"Stole From Cult","damage_taken":0,"max_hp_gain":0,"max_hp_loss":0,"event_name":"Nest","floor":20,"gold_loss":0},{"damage_healed":0,"gold_gain":0,"player_choice":"Upgraded","damage_taken":0,"max_hp_gain":0,"max_hp_loss":0,"event_name":"Upgrade Shrine","floor":29,"gold_loss":0,"cards_upgraded":["Seeing Red"]}],"is_beta":false,"boss_relics":[{"not_picked":["Runic Dome","Cursed Key"],"picked":"Sozu"}],"items_purged_floors":[21],"is_endless":false,"potions_floor_spawned":[2,11,18,22,24],"killed_by":"Automaton","ascension_level":5}