{"gold_per_floor":[112,112,127,145,145,145,179,12,38,38,38],"floor_reached":11,"playtime":366,"items_purged":[],"score":142,"play_id":"89dea4b9-9b87-4bbb-852a-3bd026fdfda0","local_time":"20190716155920","is_ascension_mode":true,"campfire_choices":[{"data":"Uppercut","floor":6,"key":"SMITH"}],"neow_cost":"NONE","seed_source_timestamp":1013004816207,"circlet_count":0,"master_deck":["AscendersBane","Strike_R","Strike_R","Strike_R","Strike_R","Defend_R","Defend_R","Defend_R","Defend_R","Bash","Disarm","Disarm","Uppercut+1","Dropkick","Demon Form"],"relics":["Burning Blood","Golden Idol","Lantern","Blood Vial"],"potions_floor_usage":[7,11],"damage_taken":[{"damage":10,"enemies":"2 Louse","floor":1,"turns":3},{"damage":3,"enemies":"Small Slimes","floor":3,"turns":6},{"damage":11,"enemies":"Jaw Worm","floor":4,"turns":9},{"damage":34,"enemies":"Lagavulin","floor":7,"turns":8},{"damage":36,"enemies":"3 Sentries","floor":11,"turns":6}],"seed_played":"-7222837149259359099","potions_obtained":[{"floor":1,"key":"BloodPotion"},{"floor":3,"key":"SpeedPotion"}],"is_trial":false,"path_per_floor":["M","?","M","M","?","R","E","$","T","$","E"],"character_chosen":"IRONCLAD","items_purchased":["Demon Form"],"campfire_rested":0,"item_purchase_floors":[8],"current_hp_per_floor":[64,38,41,36,36,36,26,26,26,26,0],"gold":38,"neow_bonus":"REMOVE_CARD","is_prod":false,"is_daily":false,"chose_seed":false,"campfire_upgraded":1,"win_rate":0,"timestamp":1563289160,"path_taken":["M","?","M","M","?","R","E","?","T","$","E"],"build_version":"2019-07-10","purchased_purges":0,"victory":false,"max_hp_per_floor":[75,75,75,75,75,75,75,75,75,75,75],"card_choices":[{"not_picked":["Rupture","Ghostly Armor"],"picked":"Disarm","floor":1},{"not_picked":["Havoc","Shrug It Off"],"picked":"Disarm","floor":3},{"not_picked":["Heavy Blade","Spot Weakness"],"picked":"Uppercut","floor":4},{"not_picked":["Wild Strike","Dual Wield"],"picked":"Dropkick","floor":7}],"player_experience":2200078,"relics_obtained":[{"floor":7,"key":"Lantern"},{"floor":9,"key":"Blood Vial"}],"event_choices":[{"damage_healed":0,"gold_gain":0,"player_choice":"Take Damage","damage_taken":26,"relics_obtained":["Golden Idol"],"max_hp_gain":0,"max_hp_loss":0,"event_name":"Golden Idol","floor":2,"gold_loss":0},{"damage_healed":0,"gold_gain":0,"player_choice":"Ignored","damage_taken":0,"max_hp_gain":0,"max_hp_loss":0,"event_name":"Liars Game","floor":5,"gold_loss":0}],"is_beta":true,"boss_relics":[],"items_purged_floors":[],"is_endless":false,"potions_floor_spawned":[1,3],"killed_by":"3 Sentries","ascension_level":20}