{"gold_per_floor":[118,118,134,144,25,51,62,62,62,93,93,118,131,148,148,223,223,237,237,287,302,81,81,113,125,151,151,176,186,20,50,50,124,124,137,137,153,153,153,186,198,231,257,308,154,189,189,207,207,207,207,207,207,48,80,80],"floor_reached":57,"playtime":3558,"items_purged":["Strike_B"],"score":3561,"play_id":"51c43a89-a9ad-49d1-951a-d02494ed0a5b","local_time":"20190316153702","is_ascension_mode":true,"campfire_choices":[{"data":"Zap","floor":11,"key":"SMITH"},{"data":"Loop","floor":15,"key":"SMITH"},{"data":"Buffer","floor":23,"key":"SMITH"},{"data":"Defragment","floor":27,"key":"SMITH"},{"data":"Go for the Eyes","floor":32,"key":"SMITH"},{"floor":47,"key":"RECALL"},{"data":"Buffer","floor":49,"key":"SMITH"},{"data":"Defragment","floor":53,"key":"SMITH"}],"neow_cost":"NONE","seed_source_timestamp":235781990961501,"circlet_count":0,"master_deck":["AscendersBane","Defend_B","Defend_B","Zap+1","Compile Driver+1","Loop+1","Compile Driver","Glacier","Gash","Go for the Eyes+1","Steam+1","FTL+1","White Noise+1","Chill+1","Seek+1","Conserve Battery+1","Defragment+1","All For One+1","Genetic Algorithm+1","Core Surge","Buffer+1","Hologram+1","Seek+1","Doom and Gloom","Defragment+1","White Noise+1","Coolheaded+1","All For One","Buffer+1","Stack+1","Madness+1","Madness+1","Hologram+1","Static Discharge+1","Coolheaded+1","Defragment","Defragment+1","All For One"],"relics":["Cracked Core","NeowsBlessing","Toxic Egg 2","Cables","Pantograph","Prayer Wheel","Astrolabe","PreservedInsect","Orichalcum","Bag of Preparation","Whetstone","Strawberry","Potion Belt","Philosopher\u0027s Stone","Sundial","Juzu Bracelet","Calipers","Gremlin Horn","Letter Opener"],"potions_floor_usage":[10,24,39,50,56,56,56],"damage_taken":[{"damage":0,"enemies":"Jaw Worm","floor":1,"turns":1},{"damage":0,"enemies":"Cultist","floor":3,"turns":1},{"damage":0,"enemies":"Small Slimes","floor":4,"turns":1},{"damage":16,"enemies":"Lagavulin","floor":6,"turns":10},{"damage":7,"enemies":"Looter","floor":7,"turns":4},{"damage":16,"enemies":"Gremlin Nob","floor":10,"turns":4},{"damage":17,"enemies":"3 Sentries","floor":12,"turns":8},{"damage":12,"enemies":"Exordium Wildlife","floor":13,"turns":5},{"damage":9,"enemies":"Blue Slaver","floor":14,"turns":3},{"damage":14,"enemies":"The Guardian","floor":16,"turns":12},{"damage":0,"enemies":"Chosen","floor":18,"turns":4},{"damage":0,"enemies":"Spheric Guardian","floor":21,"turns":3},{"damage":28,"enemies":"Book of Stabbing","floor":24,"turns":4},{"damage":0,"enemies":"Snecko","floor":25,"turns":5},{"damage":0,"enemies":"Gremlin Leader","floor":28,"turns":6},{"damage":0,"enemies":"Snake Plant","floor":29,"turns":5},{"damage":0,"enemies":"Book of Stabbing","floor":31,"turns":4},{"damage":19,"enemies":"Collector","floor":33,"turns":10},{"damage":0,"enemies":"3 Darklings","floor":35,"turns":3},{"damage":0,"enemies":"3 Shapes","floor":37,"turns":7},{"damage":0,"enemies":"Giant Head","floor":40,"turns":6},{"damage":0,"enemies":"Writhing Mass","floor":41,"turns":6},{"damage":0,"enemies":"Reptomancer","floor":42,"turns":4},{"damage":13,"enemies":"2 Orb Walkers","floor":44,"turns":4},{"damage":1,"enemies":"Giant Head","floor":46,"turns":6},{"damage":0,"enemies":"Sphere and 2 Shapes","floor":48,"turns":4},{"damage":0,"enemies":"Donu and Deca","floor":50,"turns":7},{"damage":0,"enemies":"Awakened One","floor":51,"turns":3},{"damage":0,"enemies":"Shield and Spear","floor":55,"turns":2},{"damage":0,"enemies":"The Heart","floor":56,"turns":13}],"seed_played":"8905588462425422576","potions_obtained":[{"floor":6,"key":"LiquidBronze"},{"floor":7,"key":"PowerPotion"},{"floor":10,"key":"FearPotion"},{"floor":12,"key":"Block Potion"},{"floor":24,"key":"Weak Potion"},{"floor":33,"key":"Regen Potion"},{"floor":37,"key":"Dexterity Potion"},{"floor":39,"key":"Fruit Juice"},{"floor":39,"key":"SmokeBomb"}],"is_trial":false,"path_per_floor":["M","?","M","M","$","E","M","?","T","E","R","E","M","M","R","B",null,"M","?","?","M","$","R","E","M","T","R","E","M","$","E","R","B",null,"M","?","M","?","?","E","M","E","T","?","$","E","R","M","R","B","B",null,"R","$","E","B",null],"character_chosen":"DEFECT","items_purchased":["Self Repair","PreservedInsect","Hologram+1","Strawberry","Defragment","All For One","FocusPotion","FocusPotion"],"campfire_rested":0,"item_purchase_floors":[5,22,22,30,45,45,54,54],"current_hp_per_floor":[64,64,64,64,64,55,55,55,55,46,46,36,31,29,29,47,65,71,71,71,71,71,71,50,57,57,57,64,71,78,78,78,66,75,78,64,71,71,76,76,76,76,76,63,63,62,62,62,62,83,83,83,83,83,83,83],"gold":80,"neow_bonus":"THREE_ENEMY_KILL","is_prod":false,"is_daily":false,"chose_seed":false,"campfire_upgraded":7,"win_rate":0,"timestamp":1552750622,"path_taken":["M","?","?","M","$","E","M","?","T","E","R","E","M","?","R","BOSS","M","?","?","M","$","R","E","M","T","R","E","M","$","E","R","BOSS","M","?","M","?","?","E","M","E","T","?","$","E","R","M","R","BOSS","BOSS","R","$","E","BOSS"],"build_version":"2019-03-15","purchased_purges":1,"victory":true,"max_hp_per_floor":[71,71,71,71,71,71,71,71,71,71,71,71,71,71,71,71,71,71,71,71,71,71,71,71,71,71,71,71,71,78,78,78,78,78,78,78,78,78,83,83,83,83,83,83,83,83,83,83,83,83,83,83,83,83,83,83],"card_choices":[{"not_picked":["Turbo","Coolheaded"],"picked":"Compile Driver","floor":1},{"not_picked":["Recycle","Consume"],"picked":"Glacier","floor":3},{"not_picked":["Skim","Turbo"],"picked":"Gash","floor":4},{"not_picked":["Glacier","Force Field"],"picked":"Go for the Eyes","floor":6},{"not_picked":["Gash","Self Repair"],"picked":"Steam+1","floor":7},{"not_picked":["Force Field+1","Scrape","Multi-Cast+1"],"picked":"SKIP","floor":10},{"not_picked":["Rebound","Reprogram+1"],"picked":"White Noise+1","floor":12},{"not_picked":["Streamline","Steam+1"],"picked":"Chill+1","floor":13},{"not_picked":["Self Repair","Compile Driver","Redo+1"],"picked":"SKIP","floor":13},{"not_picked":["Turbo+1","Go for the Eyes","Beam Cell"],"picked":"SKIP","floor":14},{"not_picked":["Blizzard","Stack+1","Gash"],"picked":"SKIP","floor":14},{"not_picked":["Hyperbeam","Thunder Strike"],"picked":"Seek+1","floor":16},{"not_picked":["Turbo+1","Rebound"],"picked":"Genetic Algorithm+1","floor":18},{"not_picked":["Go for the Eyes+1","Rebound+1","Steam+1"],"picked":"SKIP","floor":18},{"not_picked":["Leap+1","Rebound","Conserve Battery+1"],"picked":"SKIP","floor":21},{"not_picked":["Rebound+1","Melter","Hello World"],"picked":"SKIP","floor":21},{"not_picked":["Compile Driver","Barrage"],"picked":"Seek+1","floor":24},{"not_picked":["Rebound","Barrage"],"picked":"Doom and Gloom","floor":25},{"not_picked":["Consume+1","Storm"],"picked":"Defragment","floor":25},{"not_picked":["Steam Power+1","Reinforced Body+1"],"picked":"White Noise+1","floor":28},{"not_picked":["Cold Snap","Stack+1"],"picked":"Coolheaded+1","floor":29},{"not_picked":["Storm","Cold Snap","Conserve Battery+1"],"picked":"SKIP","floor":29},{"not_picked":["Go for the Eyes","Doom and Gloom"],"picked":"All For One","floor":31},{"not_picked":["Multi-Cast+1","Thunder Strike"],"picked":"Buffer","floor":33},{"not_picked":["Conserve Battery+1","Go for the Eyes+1"],"picked":"Stack+1","floor":35},{"not_picked":["Hello World","Darkness+1","Gash"],"picked":"SKIP","floor":35},{"not_picked":["Fusion+1","Beam Cell"],"picked":"Hologram+1","floor":37},{"not_picked":["Darkness+1","Stack+1","Conserve Battery+1"],"picked":"SKIP","floor":37},{"not_picked":["Hologram+1","FTL"],"picked":"Static Discharge+1","floor":40},{"not_picked":["Redo+1","Go for the Eyes"],"picked":"Coolheaded+1","floor":41},{"not_picked":["Beam Cell","Conserve Battery+1","Ball Lightning"],"picked":"SKIP","floor":41},{"not_picked":["Meteor Strike","Aggregate+1"],"picked":"Defragment","floor":42},{"not_picked":["Hello World","Redo+1","Compile Driver"],"picked":"SKIP","floor":46},{"not_picked":["Reprogram+1","Go for the Eyes+1","Cold Snap"],"picked":"SKIP","floor":48},{"not_picked":["Beam Cell","Leap+1","Cold Snap+1"],"picked":"SKIP","floor":48},{"not_picked":["Conserve Battery+1","Stack+1","Static Discharge"],"picked":"SKIP","floor":55}],"player_experience":1937671,"relics_obtained":[{"floor":6,"key":"Toxic Egg 2"},{"floor":9,"key":"Cables"},{"floor":10,"key":"Pantograph"},{"floor":12,"key":"Prayer Wheel"},{"floor":24,"key":"Orichalcum"},{"floor":26,"key":"Bag of Preparation"},{"floor":28,"key":"Whetstone"},{"floor":31,"key":"Potion Belt"},{"floor":40,"key":"Sundial"},{"floor":42,"key":"Juzu Bracelet"},{"floor":44,"key":"Calipers"},{"floor":46,"key":"Gremlin Horn"},{"floor":55,"key":"Letter Opener"}],"event_choices":[{"damage_healed":0,"gold_gain":0,"player_choice":"2 cards matched","damage_taken":0,"max_hp_gain":0,"max_hp_loss":0,"event_name":"Match and Keep!","floor":2,"gold_loss":0,"cards_obtained":["Loop","Compile Driver"]},{"damage_healed":0,"gold_gain":0,"cards_transformed":["Strike_B"],"player_choice":"Transformed","damage_taken":0,"max_hp_gain":0,"max_hp_loss":0,"event_name":"Transmorgrifier","floor":8,"gold_loss":0,"cards_obtained":["FTL"]},{"damage_healed":0,"gold_gain":0,"cards_transformed":["Defend_B","Defend_B"],"player_choice":"Became Test Subject","damage_taken":0,"max_hp_gain":0,"max_hp_loss":0,"event_name":"Drug Dealer","floor":19,"gold_loss":0,"cards_obtained":["Core Surge","Buffer"]},{"damage_healed":0,"gold_gain":50,"player_choice":"Stole From Cult","damage_taken":0,"max_hp_gain":0,"max_hp_loss":0,"event_name":"Nest","floor":20,"gold_loss":0},{"damage_healed":0,"gold_gain":0,"player_choice":"Embrace Madness","damage_taken":14,"max_hp_gain":0,"max_hp_loss":0,"event_name":"Winding Halls","floor":36,"gold_loss":0,"cards_obtained":["Madness","Madness"]},{"cards_removed":["Self Repair"],"damage_healed":0,"gold_gain":0,"player_choice":"Removed Power","damage_taken":0,"max_hp_gain":0,"max_hp_loss":0,"event_name":"Falling","floor":38,"gold_loss":0},{"damage_healed":0,"gold_gain":0,"player_choice":"Got Potions","damage_taken":0,"max_hp_gain":0,"max_hp_loss":0,"event_name":"Lab","floor":39,"gold_loss":0},{"damage_healed":0,"gold_gain":0,"player_choice":"Fight","damage_taken":0,"max_hp_gain":0,"max_hp_loss":0,"event_name":"Mysterious Sphere","floor":44,"gold_loss":0}],"is_beta":true,"boss_relics":[{"not_picked":["Velvet Choker","Calling Bell"],"picked":"Astrolabe"},{"not_picked":["Black Star","Orrery"],"picked":"Philosopher\u0027s Stone"}],"items_purged_floors":[5],"is_endless":false,"potions_floor_spawned":[6,7,10,12,14,24,28,29,33,37,40,44,55],"ascension_level":20}