{"gold_per_floor":[361,379,20,95,60,85,101,101,101,129,129,145,163,36,36,36],"floor_reached":16,"playtime":634,"items_purged":["Strike_G"],"score":220,"play_id":"58666d5b-e197-4638-999a-efb67dbd748e","local_time":"20190623011013","is_ascension_mode":true,"campfire_choices":[{"data":"Glass Knife","floor":8,"key":"SMITH"},{"floor":15,"key":"REST"}],"neow_cost":"PERCENT_DAMAGE","seed_source_timestamp":457800599910144,"circlet_count":0,"master_deck":["AscendersBane","Strike_G","Strike_G","Strike_G","Strike_G","Defend_G","Defend_G","Defend_G","Defend_G","Defend_G","Survivor","Neutralize","Dagger Spray","Predator","Dash","Glass Knife+1","PiercingWail","Deflect","Dodge and Roll","Skewer","Infinite Blades"],"relics":["Ring of the Snake","Kunai","The Courier","Bronze Scales","Blue Candle"],"potions_floor_usage":[6,16],"damage_taken":[{"damage":1,"enemies":"Small Slimes","floor":1,"turns":4},{"damage":0,"enemies":"2 Louse","floor":2,"turns":3},{"damage":21,"enemies":"3 Sentries","floor":6,"turns":13},{"damage":0,"enemies":"Jaw Worm","floor":7,"turns":3},{"damage":24,"enemies":"Lagavulin","floor":10,"turns":7},{"damage":0,"enemies":"2 Fungi Beasts","floor":12,"turns":3},{"damage":0,"enemies":"Looter","floor":13,"turns":2},{"damage":22,"enemies":"Hexaghost","floor":16,"turns":9}],"seed_played":"-4209160084377553343","potions_obtained":[{"floor":2,"key":"Fire Potion"},{"floor":12,"key":"Strength Potion"},{"floor":13,"key":"Dexterity Potion"}],"is_trial":false,"path_per_floor":["M","M","$","?","?","E","M","R","T","E","?","M","M","$","R","B"],"character_chosen":"THE_SILENT","items_purchased":["Kunai","Dash","Infinite Blades"],"campfire_rested":1,"item_purchase_floors":[3,3,14],"current_hp_per_floor":[43,43,43,32,48,27,27,27,27,3,3,3,3,3,22,0],"gold":36,"neow_bonus":"TWO_FIFTY_GOLD","is_prod":false,"is_daily":false,"chose_seed":false,"campfire_upgraded":1,"win_rate":0,"timestamp":1561248613,"path_taken":["M","M","$","?","?","E","M","R","T","E","?","M","M","$","R","BOSS"],"build_version":"2019-06-21","purchased_purges":1,"victory":false,"max_hp_per_floor":[66,66,66,66,66,66,66,66,66,66,66,66,66,66,66,66],"card_choices":[{"not_picked":["Backflip","Heel Hook"],"picked":"Dagger Spray","floor":1},{"not_picked":["Quick Slash","Distraction"],"picked":"Predator","floor":2},{"not_picked":["Quick Slash","Outmaneuver"],"picked":"Glass Knife","floor":6},{"not_picked":["Prepared","Cloak And Dagger"],"picked":"PiercingWail","floor":7},{"not_picked":["Dash","Unload"],"picked":"Deflect","floor":10},{"not_picked":["Blur","Riddle With Holes"],"picked":"Dodge and Roll","floor":12},{"not_picked":["Acrobatics","Dodge and Roll"],"picked":"Skewer","floor":13}],"player_experience":2139064,"relics_obtained":[{"floor":6,"key":"The Courier"},{"floor":9,"key":"Bronze Scales"},{"floor":10,"key":"Blue Candle"}],"event_choices":[{"damage_healed":0,"gold_gain":75,"player_choice":"Gather Gold","damage_taken":11,"max_hp_gain":0,"max_hp_loss":0,"event_name":"World of Goop","floor":4,"gold_loss":0},{"damage_healed":16,"gold_gain":0,"player_choice":"Healed","damage_taken":0,"max_hp_gain":0,"max_hp_loss":0,"event_name":"The Cleric","floor":5,"gold_loss":35},{"damage_healed":0,"gold_gain":0,"player_choice":"Fled","damage_taken":0,"max_hp_gain":0,"max_hp_loss":0,"event_name":"Scrap Ooze","floor":11,"gold_loss":0}],"is_beta":true,"boss_relics":[],"items_purged_floors":[14],"is_endless":false,"potions_floor_spawned":[2,12,13],"killed_by":"Hexaghost","ascension_level":20}