{"gold_per_floor":[113,263,263,263,2,32,52,82,82,96,96,116,41,74,74,148,148,160,160,178,9,27,27],"floor_reached":23,"playtime":836,"items_purged":[],"score":468,"play_id":"41f50d2d-3be1-4207-9004-c65121acf899","local_time":"20190126211007","is_ascension_mode":true,"campfire_choices":[{"floor":11,"key":"REST"},{"data":"Caltrops","floor":15,"key":"SMITH"}],"neow_cost":"NONE","seed_source_timestamp":11194777385576,"circlet_count":0,"master_deck":["AscendersBane","Defend_G","Defend_G","Defend_G","Defend_G","Defend_G","Strike_G","Strike_G","Strike_G","Survivor","Neutralize","Masterful Stab","Leg Sweep","Caltrops+1","Dagger Spray","Flying Knee","Deadly Poison","Poisoned Stab","Dash","Adrenaline","Backflip","Noxious Fumes","Footwork","Backstab"],"relics":["Ring of the Snake","NeowsBlessing","Pen Nib","The Courier","Pantograph","Paper Crane","Vajra","Fusion Hammer"],"potions_floor_usage":[8,14,16,23,23,23,23],"damage_taken":[{"damage":0,"enemies":"Small Slimes","floor":1,"turns":1},{"damage":0,"enemies":"3 Sentries","floor":6,"turns":1},{"damage":0,"enemies":"Jaw Worm","floor":7,"turns":1},{"damage":48,"enemies":"Lagavulin","floor":8,"turns":11},{"damage":0,"enemies":"Cultist","floor":10,"turns":3},{"damage":0,"enemies":"2 Fungi Beasts","floor":12,"turns":2},{"damage":8,"enemies":"Gremlin Nob","floor":14,"turns":3},{"damage":20,"enemies":"Hexaghost","floor":16,"turns":9},{"damage":5,"enemies":"Spheric Guardian","floor":18,"turns":4},{"damage":0,"enemies":"3 Byrds","floor":20,"turns":2},{"damage":12,"enemies":"Centurion and Healer","floor":22,"turns":7},{"damage":42,"enemies":"Gremlin Leader","floor":23,"turns":5}],"seed_played":"781462004275125586","potions_obtained":[{"floor":1,"key":"GamblersBrew"},{"floor":8,"key":"GamblersBrew"},{"floor":10,"key":"FearPotion"},{"floor":18,"key":"Ancient Potion"},{"floor":22,"key":"EntropicBrew"}],"is_trial":false,"path_per_floor":["M","?","?","?","$","E","M","E","T","M","R","M","?","E","R","B",null,"M","?","M","$","M","E"],"character_chosen":"THE_SILENT","items_purchased":["Pen Nib","Caltrops","Noxious Fumes","Footwork","Backstab"],"campfire_rested":1,"item_purchase_floors":[5,5,21,21,21],"current_hp_per_floor":[59,59,59,59,59,59,59,11,11,11,30,30,30,22,22,27,56,51,51,51,51,39,0],"gold":27,"neow_bonus":"THREE_ENEMY_KILL","is_prod":false,"is_daily":false,"chose_seed":false,"campfire_upgraded":1,"win_rate":0,"timestamp":1548537007,"path_taken":["M","?","?","?","$","E","M","E","T","?","R","M","?","E","R","BOSS","M","?","M","$","M","E"],"build_version":"2019-01-23","purchased_purges":0,"victory":false,"max_hp_per_floor":[66,66,66,66,66,66,66,66,66,66,66,66,66,66,66,66,66,66,66,66,66,66,66],"card_choices":[{"not_picked":["Terror","Blade Dance"],"picked":"Masterful Stab","floor":1},{"not_picked":["Eviscerate","Sucker Punch"],"picked":"Dagger Spray","floor":6},{"not_picked":["Underhanded Strike","Dagger Spray"],"picked":"Flying Knee","floor":7},{"not_picked":["Venomology","Heel Hook"],"picked":"Deadly Poison","floor":8},{"not_picked":["Deflect","Accuracy"],"picked":"Poisoned Stab","floor":10},{"not_picked":["Distraction","Bane"],"picked":"Dash","floor":12},{"not_picked":["Burst","Terror","Endless Agony"],"picked":"SKIP","floor":14},{"not_picked":["Doppelganger","Venomology"],"picked":"Adrenaline","floor":16},{"not_picked":["Dodge and Roll","Deflect","Poisoned Stab"],"picked":"SKIP","floor":18},{"not_picked":["Quick Slash","Outmaneuver"],"picked":"Backflip","floor":20},{"not_picked":["Acrobatics","Distraction","Sucker Punch"],"picked":"SKIP","floor":22}],"player_experience":1779287,"relics_obtained":[{"floor":6,"key":"The Courier"},{"floor":8,"key":"Pantograph"},{"floor":9,"key":"Paper Crane"},{"floor":14,"key":"Vajra"}],"event_choices":[{"damage_healed":0,"gold_gain":150,"player_choice":"AGREE","damage_taken":0,"max_hp_gain":0,"max_hp_loss":0,"event_name":"Liars Game","floor":2,"gold_loss":0,"cards_obtained":["Doubt"]},{"cards_removed":["Doubt"],"damage_healed":0,"gold_gain":0,"player_choice":"Forget","damage_taken":0,"max_hp_gain":0,"max_hp_loss":0,"event_name":"Living Wall","floor":3,"gold_loss":0},{"damage_healed":0,"gold_gain":0,"cards_transformed":["Strike_G"],"player_choice":"Transformed","damage_taken":0,"max_hp_gain":0,"max_hp_loss":0,"event_name":"Transmorgrifier","floor":4,"gold_loss":0,"cards_obtained":["Leg Sweep"]},{"cards_removed":["Strike_G"],"damage_healed":0,"gold_gain":0,"player_choice":"Card Removal","damage_taken":0,"max_hp_gain":0,"max_hp_loss":0,"event_name":"The Cleric","floor":13,"gold_loss":75},{"damage_healed":0,"gold_gain":0,"player_choice":"Ignored","damage_taken":0,"max_hp_gain":0,"max_hp_loss":0,"event_name":"Ghosts","floor":19,"gold_loss":0}],"is_beta":true,"boss_relics":[{"not_picked":["Runic Dome","Calling Bell"],"picked":"Fusion Hammer"}],"items_purged_floors":[],"is_endless":false,"potions_floor_spawned":[1,8,10,18,22],"killed_by":"Gremlin Leader","ascension_level":20}