{"gold_per_floor":[109,129,145,164,89,122,122,147,216,216,27,27,43,0,0,105,105,121,138,157,157,180,208,208,208,208,220,120,140,15,32,32,132,132,152,152,227,245,225,225,245,260,260,110,128,128,79,111,111,111,111,111,38,38],"floor_reached":54,"playtime":5070,"items_purged":["Defend_B","Barrage","Redo+1","Dualcast"],"score":722,"play_id":"d0c214f3-31ba-4292-ac65-b95259143268","local_time":"20190821142215","is_ascension_mode":false,"campfire_choices":[{"data":"White Noise","floor":7,"key":"SMITH"},{"floor":10,"key":"REST"},{"floor":15,"key":"REST"},{"data":"Echo Form","floor":24,"key":"SMITH"},{"data":"Turbo","floor":32,"key":"SMITH"},{"floor":40,"key":"RECALL"},{"data":"Zap","floor":46,"key":"SMITH"},{"data":"Meteor Strike","floor":49,"key":"SMITH"},{"data":"Genetic Algorithm","floor":52,"key":"SMITH"}],"neow_cost":"PERCENT_DAMAGE","seed_source_timestamp":10751174169685,"circlet_count":0,"master_deck":["Zap+1","Echo Form+1","Genetic Algorithm+1","White Noise+1","Turbo+1","Self Repair+1","Metamorphosis+1","Seek+1","Reinforced Body+1","Reprogram+1","Steam+1","Self Repair","Hologram+1","Skim+1","White Noise+1","Meteor Strike+1","Lockon+1","Static Discharge"],"relics":["Cracked Core","Bottled Tornado","Emotion Chip","Toxic Egg 2","Pandora\u0027s Box","Happy Flower","Letter Opener","Busted Crown","Sundial","Anchor"],"potions_floor_usage":[8,8,16,27,33,33,41,41,45,50,54],"damage_taken":[{"damage":0,"enemies":"Cultist","floor":1,"turns":3},{"damage":3,"enemies":"Small Slimes","floor":2,"turns":3},{"damage":15,"enemies":"Jaw Worm","floor":3,"turns":4},{"damage":6,"enemies":"Large Slime","floor":4,"turns":7},{"damage":4,"enemies":"Lagavulin","floor":6,"turns":8},{"damage":22,"enemies":"3 Sentries","floor":8,"turns":9},{"damage":15,"enemies":"Red Slaver","floor":13,"turns":4},{"damage":19,"enemies":"Slime Boss","floor":16,"turns":5},{"damage":2,"enemies":"Shell Parasite","floor":18,"turns":3},{"damage":16,"enemies":"3 Byrds","floor":19,"turns":3},{"damage":22,"enemies":"Snake Plant","floor":20,"turns":5},{"damage":18,"enemies":"Gremlin Leader","floor":23,"turns":4},{"damage":0,"enemies":"3 Cultists","floor":27,"turns":3},{"damage":2,"enemies":"Cultist and Chosen","floor":29,"turns":5},{"damage":1,"enemies":"Snake Plant","floor":31,"turns":3},{"damage":20,"enemies":"Champ","floor":33,"turns":4},{"damage":18,"enemies":"Orb Walker","floor":35,"turns":4},{"damage":6,"enemies":"3 Darklings","floor":38,"turns":3},{"damage":0,"enemies":"Sphere and 2 Shapes","floor":41,"turns":3},{"damage":0,"enemies":"Spire Growth","floor":42,"turns":4},{"damage":0,"enemies":"Transient","floor":45,"turns":5},{"damage":0,"enemies":"Giant Head","floor":48,"turns":4},{"damage":59,"enemies":"Awakened One","floor":50,"turns":8},{"damage":79,"enemies":"Shield and Spear","floor":54,"turns":5}],"seed_played":"-2555484815383996956","potions_obtained":[{"floor":4,"key":"Dexterity Potion"},{"floor":6,"key":"GamblersBrew"},{"floor":8,"key":"FearPotion"},{"floor":23,"key":"Block Potion"},{"floor":25,"key":"SpeedPotion"},{"floor":25,"key":"Swift Potion"},{"floor":25,"key":"AttackPotion"},{"floor":27,"key":"SmokeBomb"},{"floor":29,"key":"Weak Potion"},{"floor":38,"key":"PowerPotion"},{"floor":39,"key":"SneckoOil"},{"floor":41,"key":"Dexterity Potion"},{"floor":42,"key":"Strength Potion"}],"is_trial":false,"path_per_floor":["M","M","M","M","$","E","R","E","T","R","$","?","M","?","R","B",null,"M","M","M","?","T","E","R","?","T","M","$","M","$","M","R","B",null,"M","?","?","M","?","R","M","M","T","$","M","R","$","E","R","B",null,"R","$","E"],"character_chosen":"DEFECT","items_purchased":["Metamorphosis+1","SteroidPotion","Static Discharge"],"campfire_rested":2,"item_purchase_floors":[11,47,53],"current_hp_per_floor":[54,51,36,37,37,40,40,25,25,47,47,32,17,17,39,20,75,73,67,55,55,55,37,37,37,37,47,47,62,62,75,75,55,75,74,71,64,68,68,68,71,71,71,71,71,71,71,71,71,22,71,71,71,0],"gold":38,"neow_bonus":"TRANSFORM_TWO_CARDS","is_prod":false,"is_daily":false,"chose_seed":false,"campfire_upgraded":6,"win_rate":0,"timestamp":1566422535,"path_taken":["M","M","M","M","$","E","R","E","T","R","$","?","M","?","R","BOSS","M","M","M","?","?","E","R","?","T","M","$","?","$","M","R","BOSS","M","?","?","?","?","R","?","M","T","$","M","R","?","E","R","BOSS","R","$","E"],"build_version":"2019-07-17","purchased_purges":4,"victory":false,"max_hp_per_floor":[75,75,75,75,75,75,75,75,75,75,75,75,75,75,75,75,75,75,75,75,75,75,75,75,75,75,75,75,75,75,75,75,75,75,75,71,71,71,71,71,71,71,71,71,71,71,71,71,71,71,71,71,71,71],"card_choices":[{"not_picked":["Rebound","Redo"],"picked":"White Noise","floor":1},{"not_picked":["BootSequence","Coolheaded"],"picked":"Turbo","floor":2},{"not_picked":["Hologram","Stack"],"picked":"Self Repair","floor":3},{"not_picked":["Rebound","Darkness","Ball Lightning"],"picked":"SKIP","floor":4},{"not_picked":["Chill","Leap","Compile Driver"],"picked":"SKIP","floor":6},{"not_picked":["Undo","Conserve Battery","Sunder"],"picked":"SKIP","floor":8},{"not_picked":["Melter","Cold Snap","Barrage"],"picked":"SKIP","floor":13},{"not_picked":["Fission+1","Reboot+1"],"picked":"Seek+1","floor":16},{"not_picked":["Storm","Stack+1"],"picked":"Self Repair","floor":18},{"not_picked":["Chaos+1","FTL"],"picked":"Hologram+1","floor":19},{"not_picked":["Streamline+1","Ball Lightning"],"picked":"Skim+1","floor":20},{"not_picked":["Blizzard","Compile Driver","Stack+1"],"picked":"SKIP","floor":23},{"not_picked":["Sunder","Steam+1","Cold Snap"],"picked":"SKIP","floor":27},{"not_picked":["Conserve Battery+1","Cold Snap"],"picked":"White Noise+1","floor":29},{"not_picked":["Leap+1","Coolheaded+1","Heatsinks+1"],"picked":"SKIP","floor":31},{"not_picked":["Hyperbeam","Thunder Strike"],"picked":"Meteor Strike","floor":33},{"not_picked":["Auto Shields+1"],"picked":"SKIP","floor":35},{"not_picked":[],"picked":"Lockon+1","floor":38},{"not_picked":["Redo+1"],"picked":"SKIP","floor":41},{"not_picked":["Stack+1"],"picked":"SKIP","floor":42},{"not_picked":["Lockon"],"picked":"SKIP","floor":45},{"not_picked":["Conserve Battery+1"],"picked":"SKIP","floor":48}],"player_experience":176723,"relics_obtained":[{"floor":6,"key":"Bottled Tornado"},{"floor":8,"key":"Emotion Chip"},{"floor":9,"key":"Toxic Egg 2"},{"floor":23,"key":"Happy Flower"},{"floor":26,"key":"Letter Opener"},{"floor":43,"key":"Sundial"},{"floor":48,"key":"Anchor"}],"event_choices":[{"damage_healed":0,"gold_gain":0,"player_choice":"Entered Light","damage_taken":15,"max_hp_gain":0,"max_hp_loss":0,"event_name":"Shining Light","floor":12,"gold_loss":0,"cards_upgraded":["Self Repair","Defend_B"]},{"damage_healed":0,"gold_gain":0,"player_choice":"Left Gold","damage_taken":0,"max_hp_gain":0,"max_hp_loss":0,"event_name":"World of Goop","floor":14,"gold_loss":43},{"damage_healed":0,"gold_gain":0,"player_choice":"Ignored","damage_taken":0,"max_hp_gain":0,"max_hp_loss":0,"event_name":"Vampires","floor":21,"gold_loss":0},{"damage_healed":0,"gold_gain":0,"player_choice":"Got Potions","damage_taken":0,"max_hp_gain":0,"max_hp_loss":0,"event_name":"Lab","floor":25,"gold_loss":0},{"damage_healed":0,"gold_gain":0,"player_choice":"Max HP","damage_taken":0,"max_hp_gain":0,"max_hp_loss":4,"event_name":"Winding Halls","floor":36,"gold_loss":0},{"damage_healed":0,"gold_gain":75,"player_choice":"Touch","damage_taken":7,"max_hp_gain":0,"max_hp_loss":0,"event_name":"FaceTrader","floor":37,"gold_loss":0},{"damage_healed":0,"gold_gain":0,"player_choice":"Bought 1 Potion","damage_taken":0,"max_hp_gain":0,"max_hp_loss":0,"event_name":"The Woman in Blue","floor":39,"gold_loss":0}],"is_beta":false,"boss_relics":[{"not_picked":["Runic Pyramid","FrozenCore"],"picked":"Pandora\u0027s Box"},{"not_picked":["Snecko Eye","Eternal Feather"],"picked":"Busted Crown"}],"items_purged_floors":[5,28,30,44],"is_endless":false,"potions_floor_spawned":[4,6,8,23,27,29,38,41,42],"killed_by":"Shield and Spear","ascension_level":0}