{"gold_per_floor":[215,225,225,200,18,47,47,77,77,77,97,97,125,138,138,138],"floor_reached":16,"playtime":927,"items_purged":["Strike_G"],"score":236,"play_id":"6f7ce942-3fda-437c-9745-c69d0303c051","local_time":"20190723201054","is_ascension_mode":true,"campfire_choices":[{"floor":7,"key":"REST"},{"data":"Dagger Spray","floor":10,"key":"SMITH"},{"data":"Cloak And Dagger","floor":15,"key":"SMITH"}],"neow_cost":"NONE","seed_source_timestamp":620314812820719,"circlet_count":0,"master_deck":["AscendersBane","Strike_G","Strike_G","Strike_G","Defend_G","Defend_G","Defend_G","Defend_G","Defend_G","Survivor","Neutralize","Dagger Throw","Dash","Dagger Spray+1","Dagger Spray","Cloak And Dagger+1","Dagger Throw+1"],"relics":["Ring of the Snake","FossilizedHelix","Juzu Bracelet","Molten Egg 2","Ancient Tea Set"],"potions_floor_usage":[6,6,16,16],"damage_taken":[{"damage":2,"enemies":"Jaw Worm","floor":1,"turns":5},{"damage":0,"enemies":"Cultist","floor":2,"turns":4},{"damage":59,"enemies":"Lagavulin","floor":6,"turns":10},{"damage":13,"enemies":"Gremlin Nob","floor":8,"turns":5},{"damage":0,"enemies":"Small Slimes","floor":11,"turns":2},{"damage":5,"enemies":"3 Sentries","floor":13,"turns":6},{"damage":0,"enemies":"Blue Slaver","floor":14,"turns":4},{"damage":14,"enemies":"Hexaghost","floor":16,"turns":12}],"seed_played":"6044960563648711526","potions_obtained":[{"floor":2,"key":"Ancient Potion"},{"floor":11,"key":"Strength Potion"},{"floor":13,"key":"GhostInAJar"}],"is_trial":false,"path_per_floor":["M","M","?","$","$","E","R","E","T","R","M","?","E","M","R","B"],"character_chosen":"THE_SILENT","items_purchased":["Dagger Spray","Fruit Juice"],"campfire_rested":1,"item_purchase_floors":[4,5],"current_hp_per_floor":[57,57,57,57,57,3,24,11,11,11,11,11,6,6,6,0],"gold":138,"neow_bonus":"HUNDRED_GOLD","is_prod":false,"is_daily":false,"chose_seed":false,"campfire_upgraded":2,"win_rate":0,"timestamp":1563909054,"path_taken":["M","M","?","?","$","E","R","E","T","R","M","?","E","M","R","BOSS"],"build_version":"2019-07-18","purchased_purges":1,"victory":false,"max_hp_per_floor":[66,66,66,66,66,71,71,71,71,71,71,71,71,71,71,71],"card_choices":[{"not_picked":["Bane","Quick Slash"],"picked":"Dagger Throw","floor":1},{"not_picked":["Masterful Stab","All Out Attack"],"picked":"Dash","floor":2},{"not_picked":["Dodge and Roll","Prepared"],"picked":"Dagger Spray","floor":6},{"not_picked":["Dagger Spray","Flying Knee"],"picked":"Cloak And Dagger","floor":8},{"not_picked":["Reflex","Venomology"],"picked":"Dagger Throw+1","floor":11},{"not_picked":["Flying Knee+1","Skewer+1","Bane+1"],"picked":"SKIP","floor":13},{"not_picked":["Infinite Blades","Outmaneuver","Bane+1"],"picked":"SKIP","floor":14}],"player_experience":2236355,"relics_obtained":[{"floor":6,"key":"FossilizedHelix"},{"floor":8,"key":"Juzu Bracelet"},{"floor":9,"key":"Molten Egg 2"},{"floor":13,"key":"Ancient Tea Set"}],"event_choices":[{"cards_removed":["Strike_G"],"damage_healed":0,"gold_gain":0,"player_choice":"Card Removal","damage_taken":0,"max_hp_gain":0,"max_hp_loss":0,"event_name":"Wheel of Change","floor":3,"gold_loss":0},{"damage_healed":0,"gold_gain":0,"player_choice":"Fled","damage_taken":0,"max_hp_gain":0,"max_hp_loss":0,"event_name":"Scrap Ooze","floor":12,"gold_loss":0}],"is_beta":true,"boss_relics":[],"items_purged_floors":[5],"is_endless":false,"potions_floor_spawned":[2,11,13,14],"killed_by":"Hexaghost","ascension_level":20}