{"gold_per_floor":[19,33,50,67,67,67,78,78,78,91,16,16,30,43,43,145,145,161,181,210,40,40,75,92,92,92,92,111,111,37,37,37,37],"floor_reached":33,"playtime":2632,"items_purged":["Defend_B","Regret"],"score":259,"play_id":"36663895-7713-4df1-98f0-5eef9fd4b5e2","local_time":"20190819131711","is_ascension_mode":false,"campfire_choices":[{"data":"Multi-Cast","floor":6,"key":"SMITH"},{"data":"Hologram","floor":12,"key":"SMITH"},{"data":"Steam Power","floor":15,"key":"SMITH"},{"floor":25,"key":"REST"},{"floor":27,"key":"RECALL"},{"data":"Turbo","floor":29,"key":"SMITH"},{"floor":32,"key":"REST"}],"neow_cost":"NO_GOLD","seed_source_timestamp":2830416956625,"circlet_count":0,"master_deck":["Strike_B","Strike_B","Defend_B","Defend_B","Defend_B","Zap","Dualcast+1","Multi-Cast+1","Steam Power+1","Static Discharge","Glacier+1","Hologram+1","Double Energy+1","FTL","Turbo+1","Thunder Strike","Turbo","White Noise+1","Reinforced Body","Barrage","Self Repair","Fusion"],"relics":["Cracked Core","Vajra","War Paint","Inserter","Red Mask","Matryoshka","Omamori","Art of War"],"potions_floor_usage":[4,16,16,16,19,24,28],"damage_taken":[{"damage":1,"enemies":"Jaw Worm","floor":1,"turns":4},{"damage":0,"enemies":"Small Slimes","floor":2,"turns":2},{"damage":1,"enemies":"Cultist","floor":3,"turns":4},{"damage":2,"enemies":"2 Fungi Beasts","floor":4,"turns":3},{"damage":6,"enemies":"3 Louse","floor":7,"turns":2},{"damage":1,"enemies":"Exordium Wildlife","floor":10,"turns":2},{"damage":8,"enemies":"Looter","floor":13,"turns":3},{"damage":0,"enemies":"3 Louse","floor":14,"turns":3},{"damage":37,"enemies":"Hexaghost","floor":16,"turns":9},{"damage":0,"enemies":"Spheric Guardian","floor":18,"turns":1},{"damage":25,"enemies":"2 Thieves","floor":19,"turns":4},{"damage":19,"enemies":"Masked Bandits","floor":20,"turns":4},{"damage":19,"enemies":"Book of Stabbing","floor":23,"turns":5},{"damage":10,"enemies":"Snake Plant","floor":24,"turns":2},{"damage":0,"enemies":"Sentry and Sphere","floor":28,"turns":3},{"damage":68,"enemies":"Collector","floor":33,"turns":7}],"seed_played":"5731933823519110094","potions_obtained":[{"floor":3,"key":"Fruit Juice"},{"floor":7,"key":"Block Potion"},{"floor":10,"key":"GamblersBrew"},{"floor":13,"key":"Ancient Potion"},{"floor":16,"key":"PowerPotion"},{"floor":23,"key":"SkillPotion"},{"floor":24,"key":"GamblersBrew"}],"is_trial":false,"path_per_floor":["M","M","M","M","?","R","M","?","T","M","$","R","M","M","R","B",null,"M","M","?","$","?","E","M","R","T","R","M","R","$","?","R","B"],"character_chosen":"DEFECT","items_purchased":["Reinforced Body","Fusion"],"campfire_rested":2,"item_purchase_floors":[21,30],"current_hp_per_floor":[74,74,73,76,76,76,70,70,70,69,69,69,61,61,61,24,80,80,55,36,36,36,17,7,31,31,31,31,31,31,31,55,0],"gold":37,"neow_bonus":"TRANSFORM_TWO_CARDS","is_prod":false,"is_daily":false,"chose_seed":false,"campfire_upgraded":4,"win_rate":0,"timestamp":1566245831,"path_taken":["M","M","M","M","?","R","M","?","T","?","$","R","M","M","R","BOSS","M","M","?","$","?","E","M","R","T","R","M","R","?","?","R","BOSS"],"build_version":"2019-07-17","purchased_purges":2,"victory":false,"max_hp_per_floor":[75,75,75,80,80,80,80,80,80,80,80,80,80,80,80,80,80,80,80,80,80,80,80,80,80,80,80,80,80,80,80,80,80],"card_choices":[{"not_picked":["Sweeping Beam","Skim"],"picked":"Static Discharge","floor":1},{"not_picked":["Darkness","Rip and Tear"],"picked":"Glacier","floor":2},{"not_picked":["Blizzard","Capacitor"],"picked":"Hologram","floor":3},{"not_picked":["Barrage","Ball Lightning","Hello World"],"picked":"SKIP","floor":4},{"not_picked":["Steam","Rebound"],"picked":"Double Energy","floor":7},{"not_picked":["Glacier","Sunder","Sweeping Beam"],"picked":"SKIP","floor":10},{"not_picked":["Rebound","Cold Snap"],"picked":"FTL","floor":13},{"not_picked":["Hologram","Defragment"],"picked":"Turbo","floor":14},{"not_picked":["Amplify","Multi-Cast"],"picked":"Thunder Strike","floor":16},{"not_picked":["Sweeping Beam+1","Melter","Glacier"],"picked":"SKIP","floor":18},{"not_picked":["Hologram","Leap+1"],"picked":"Turbo","floor":19},{"not_picked":["Gash+1","Sweeping Beam"],"picked":"White Noise+1","floor":20},{"not_picked":["Steam+1","Static Discharge"],"picked":"Barrage","floor":23},{"not_picked":["Glacier","Beam Cell","Reinforced Body"],"picked":"SKIP","floor":24},{"not_picked":["Redo","Gash"],"picked":"Self Repair","floor":28}],"player_experience":163230,"relics_obtained":[{"floor":9,"key":"War Paint"},{"floor":20,"key":"Red Mask"},{"floor":23,"key":"Matryoshka"},{"floor":26,"key":"Omamori"},{"floor":26,"key":"Art of War"}],"event_choices":[{"damage_healed":0,"gold_gain":0,"player_choice":"Box","damage_taken":0,"relics_obtained":["Vajra"],"max_hp_gain":0,"max_hp_loss":0,"event_name":"Big Fish","floor":5,"gold_loss":0,"cards_obtained":["Regret"]},{"damage_healed":0,"gold_gain":0,"player_choice":"Forge","damage_taken":0,"max_hp_gain":0,"max_hp_loss":0,"event_name":"Accursed Blacksmith","floor":8,"gold_loss":0,"cards_upgraded":["Double Energy"]},{"damage_healed":0,"gold_gain":0,"player_choice":"Fought Bandits","damage_taken":0,"max_hp_gain":0,"max_hp_loss":0,"event_name":"Masked Bandits","floor":20,"gold_loss":0},{"damage_healed":0,"gold_gain":0,"player_choice":"Ignored","damage_taken":0,"max_hp_gain":0,"max_hp_loss":0,"event_name":"Cursed Tome","floor":31,"gold_loss":0}],"is_beta":false,"boss_relics":[{"not_picked":["Eternal Feather","Coffee Dripper"],"picked":"Inserter"}],"items_purged_floors":[11,21],"is_endless":false,"potions_floor_spawned":[3,7,10,13,16,23,24],"killed_by":"Collector","ascension_level":0}