{"gold_per_floor":[118,118,15,15,26,54,54,87,111,142,142,155,155,165,165,238,238,255,283,299,45,45,45,75,75,75,87,87,187,216,231,231,303,303,315,18,18,29,29,364,586,586,586,616,616,616,641,661,661,661],"floor_reached":50,"playtime":1570,"items_purged":["Strike_R","Strike_R"],"score":1264,"play_id":"56acb1c2-06d6-4c9d-bc79-f28bed70c67f","local_time":"20190503143331","is_ascension_mode":true,"campfire_choices":[{"data":"1","floor":7.0,"key":"LIFT"},{"data":"2","floor":11.0,"key":"LIFT"},{"data":"3","floor":13.0,"key":"LIFT"},{"data":"Bash","floor":15.0,"key":"SMITH"},{"data":"Inflame","floor":23,"key":"SMITH"},{"data":"Corruption","floor":25,"key":"SMITH"},{"data":"Disarm","floor":28,"key":"SMITH"},{"data":"Juggernaut","floor":32,"key":"SMITH"},{"floor":42,"key":"REST"},{"data":"Feel No Pain","floor":46,"key":"SMITH"},{"floor":49,"key":"RECALL"}],"neow_cost":"NONE","seed_source_timestamp":0,"circlet_count":0,"master_deck":["AscendersBane","Strike_R+1","Strike_R","Strike_R","Defend_R","Defend_R","Defend_R","Defend_R","Bash+1","Wild Strike+1","Shrug It Off","Disarm+1","Twin Strike","Anger","Pommel Strike","Offering","Dropkick+1","Corruption+1","Shrug It Off","Feel No Pain+1","Inflame+1","Juggernaut+1","Immolate","Exhume","Burning Pact","Havoc+1","Sword Boomerang","Juggernaut+1","Corruption","Disarm","Battle Trance","Entrench","Shrug It Off+1"],"special_seed":0,"relics":["Burning Blood","NeowsBlessing","Dream Catcher","Girya","Dodecahedron","Bag of Marbles","Whetstone","Runic Pyramid","Red Mask","PreservedInsect","Mango","The Courier","Turnip","Paper Frog","Strawberry","Orrery","Letter Opener","Old Coin","Prayer Wheel","Blue Candle","Blood Vial"],"potions_floor_usage":[16,20,50],"damage_taken":[{"damage":0.0,"enemies":"2 Louse","floor":1.0,"turns":1.0},{"damage":0.0,"enemies":"Jaw Worm","floor":5.0,"turns":1.0},{"damage":0.0,"enemies":"3 Sentries","floor":6.0,"turns":2.0},{"damage":30.0,"enemies":"Gremlin Nob","floor":8.0,"turns":4.0},{"damage":31.0,"enemies":"Lagavulin","floor":10.0,"turns":6.0},{"damage":0.0,"enemies":"Small Slimes","floor":12.0,"turns":2.0},{"damage":1.0,"enemies":"3 Louse","floor":14.0,"turns":2.0},{"damage":30,"enemies":"Hexaghost","floor":16,"turns":8},{"damage":7,"enemies":"2 Thieves","floor":18,"turns":2},{"damage":6,"enemies":"Masked Bandits","floor":19,"turns":2},{"damage":0,"enemies":"Chosen","floor":20,"turns":3},{"damage":13,"enemies":"Slavers","floor":24,"turns":5},{"damage":12,"enemies":"Snake Plant","floor":27,"turns":4},{"damage":8,"enemies":"Colosseum Slavers","floor":29,"turns":4},{"damage":5,"enemies":"Colosseum Nobs","floor":29,"turns":4},{"damage":14,"enemies":"Book of Stabbing","floor":30,"turns":4},{"damage":6,"enemies":"Sentry and Sphere","floor":31,"turns":3},{"damage":61,"enemies":"Automaton","floor":33,"turns":7},{"damage":6,"enemies":"Orb Walker","floor":35,"turns":3},{"damage":15,"enemies":"3 Darklings","floor":38,"turns":3},{"damage":29,"enemies":"Reptomancer","floor":40,"turns":4},{"damage":7,"enemies":"Giant Head","floor":44,"turns":5},{"damage":35,"enemies":"Nemesis","floor":47,"turns":5},{"damage":15,"enemies":"4 Shapes","floor":48,"turns":4},{"damage":41,"enemies":"Donu and Deca","floor":50,"turns":2}],"seed_played":"-1497612765021619720","potions_obtained":[{"floor":1.0,"key":"FearPotion"},{"floor":5.0,"key":"EssenceOfSteel"},{"floor":14.0,"key":"Fire Potion"},{"floor":16,"key":"Dexterity Potion"},{"floor":18,"key":"AttackPotion"},{"floor":19,"key":"PowerPotion"},{"floor":29,"key":"SneckoOil"},{"floor":35,"key":"Block Potion"},{"floor":40,"key":"EntropicBrew"}],"is_trial":false,"path_per_floor":["M","?","$","?","M","E","R","E","T","E","R","M","R","M","R","B",null,"M","?","M","$","?","R","E","R","T","M","R","?","E","M","R","B",null,"M","$","?","M","$","E","?","R","T","E","T","R","E","M","R","B"],"character_chosen":"IRONCLAD","items_purchased":["Shrug It Off","Feel No Pain","PreservedInsect","Letter Opener"],"campfire_rested":1,"item_purchase_floors":[3,21,21,36],"current_hp_per_floor":[74,63,63,63,69,75,75,51,51,26,26,32,32,37,37,13,60,59,59,65,65,65,65,72,72,72,66,66,65,64,64,64,9,74,74,74,74,65,65,42,42,70,70,69,69,69,40,33,33,0],"gold":661,"neow_bonus":"THREE_ENEMY_KILL","is_prod":false,"is_daily":false,"chose_seed":false,"campfire_upgraded":6,"win_rate":0,"timestamp":1556890411,"path_taken":["M","?","$","?","M","E","R","E","T","E","R","M","R","M","R","BOSS","M","?","M","$","?","R","E","R","T","M","R","?","E","M","R","BOSS","M","$","?","M","?","E","?","R","T","E","?","R","E","?","R","BOSS"],"build_version":"2019-04-23","purchased_purges":2,"victory":false,"max_hp_per_floor":[75,75,75,75,75,75,75,75,75,75,75,75,75,75,75,75,75,75,75,75,75,75,75,89,89,89,89,89,89,96,96,96,96,96,96,96,96,96,96,96,96,96,96,96,96,96,96,96,96,96],"card_choices":[{"not_picked":["Rupture","Body Slam"],"picked":"Wild Strike","floor":1.0},{"not_picked":["Havoc","Warcry"],"picked":"Disarm","floor":5.0},{"not_picked":["Sentinel","Reckless Charge"],"picked":"Twin Strike","floor":6.0},{"not_picked":["Cleave","Perfected Strike"],"picked":"Anger","floor":8.0},{"not_picked":["Headbutt","Intimidate"],"picked":"Pommel Strike","floor":10.0},{"not_picked":["Entrench","Power Through","Metallicize"],"picked":"SKIP","floor":12.0},{"not_picked":["Seeing Red","Clash","Twin Strike"],"picked":"SKIP","floor":14.0},{"not_picked":["Bludgeon","Fiend Fire"],"picked":"Offering","floor":16},{"not_picked":["Headbutt","Heavy Blade"],"picked":"Dropkick+1","floor":18},{"not_picked":["Anger+1","Perfected Strike+1"],"picked":"Corruption","floor":19},{"not_picked":["Sentinel","Seeing Red"],"picked":"Shrug It Off","floor":20},{"not_picked":["Clothesline","Iron Wave","Twin Strike"],"picked":"SKIP","floor":24},{"not_picked":["Thunderclap","Dropkick","Dual Wield"],"picked":"SKIP","floor":27},{"not_picked":["Anger","Cleave"],"picked":"Juggernaut","floor":29},{"not_picked":["Clash","Armaments"],"picked":"Immolate","floor":30},{"not_picked":["Havoc","Dropkick","Pommel Strike"],"picked":"SKIP","floor":31},{"not_picked":["Fiend Fire","Limit Break"],"picked":"Exhume","floor":33},{"not_picked":["Thunderclap","Flex"],"picked":"Burning Pact","floor":34},{"not_picked":["Blood for Blood","Clothesline"],"picked":"Havoc+1","floor":34},{"not_picked":["Sentinel","Headbutt+1"],"picked":"Sword Boomerang","floor":34},{"not_picked":["Pommel Strike","Perfected Strike","Headbutt"],"picked":"SKIP","floor":35},{"not_picked":["Inflame","Armaments"],"picked":"Corruption","floor":38},{"not_picked":["Flex","Anger","Bloodletting"],"picked":"SKIP","floor":40},{"not_picked":["Flex","Thunderclap"],"picked":"Disarm","floor":42},{"not_picked":["Armaments+1","Body Slam"],"picked":"Battle Trance","floor":44},{"not_picked":["Wild Strike","Armaments"],"picked":"Entrench","floor":47},{"not_picked":["Heavy Blade","Entrench"],"picked":"Shrug It Off+1","floor":48},{"not_picked":["True Grit","Rupture","Armaments+1"],"picked":"SKIP","floor":48}],"player_experience":2044304,"relics_obtained":[{"floor":6.0,"key":"Girya"},{"floor":8.0,"key":"Dodecahedron"},{"floor":9.0,"key":"Bag of Marbles"},{"floor":10.0,"key":"Whetstone"},{"floor":19,"key":"Red Mask"},{"floor":24,"key":"Mango"},{"floor":26,"key":"The Courier"},{"floor":29,"key":"Turnip"},{"floor":29,"key":"Paper Frog"},{"floor":30,"key":"Strawberry"},{"floor":40,"key":"Old Coin"},{"floor":44,"key":"Prayer Wheel"},{"floor":45,"key":"Blue Candle"},{"floor":47,"key":"Blood Vial"}],"event_choices":[{"damage_healed":0.0,"max_hp_gain":0.0,"max_hp_loss":0.0,"gold_gain":0.0,"event_name":"Scrap Ooze","player_choice":"Success","floor":2.0,"gold_loss":0.0,"damage_taken":11.0,"relics_obtained":["Dream Catcher"]},{"damage_healed":0.0,"max_hp_gain":0.0,"max_hp_loss":0.0,"gold_gain":0.0,"event_name":"The Cleric","player_choice":"Leave","floor":4.0,"gold_loss":0.0,"damage_taken":0.0},{"damage_healed":0,"gold_gain":0,"player_choice":"Fought Bandits","damage_taken":0,"max_hp_gain":0,"max_hp_loss":0,"event_name":"Masked Bandits","floor":19,"gold_loss":0},{"damage_healed":0,"gold_gain":0,"player_choice":"Read","damage_taken":0,"max_hp_gain":0,"max_hp_loss":0,"event_name":"The Library","floor":22,"gold_loss":0,"cards_obtained":["Inflame"]},{"damage_healed":0,"gold_gain":0,"player_choice":"Fight","damage_taken":0,"max_hp_gain":0,"max_hp_loss":0,"event_name":"Colosseum","floor":29,"gold_loss":0},{"damage_healed":0,"gold_gain":0,"player_choice":"Fought Nobs","damage_taken":0,"max_hp_gain":0,"max_hp_loss":0,"event_name":"Colosseum","floor":29,"gold_loss":0},{"damage_healed":0,"gold_gain":0,"player_choice":"Copied","damage_taken":0,"max_hp_gain":0,"max_hp_loss":0,"event_name":"Duplicator","floor":37,"gold_loss":0,"cards_obtained":["Juggernaut"]},{"damage_healed":0,"gold_gain":222,"player_choice":"Wore Mask","damage_taken":0,"max_hp_gain":0,"max_hp_loss":0,"event_name":"Tomb of Lord Red Mask","floor":41,"gold_loss":0}],"is_beta":true,"boss_relics":[{"not_picked":["Mark of Pain","Black Blood"],"picked":"Runic Pyramid"},{"not_picked":["Busted Crown","Tiny House"],"picked":"Orrery"}],"items_purged_floors":[3,36],"is_endless":false,"potions_floor_spawned":[1,5,6,14,16,18,19,29,29,35,40,48],"killed_by":"Donu and Deca","ascension_level":20}