{"gold_per_floor":[111,111,125,125,141,141,182,205,205,236,270,270,270,284,284,380,380,404,198,222,241,18,18,41,82,107,107,107,107],"floor_reached":29,"playtime":1074,"items_purged":[],"score":506,"play_id":"559428c3-2d1b-4a8d-9eed-2c9b1a311411","local_time":"20190823000430","is_ascension_mode":true,"campfire_choices":[{"data":"Sweeping Beam","floor":6,"key":"SMITH"},{"floor":12,"key":"REST"},{"data":"Melter","floor":15,"key":"SMITH"},{"data":"Biased Cognition","floor":23,"key":"SMITH"},{"floor":27,"key":"REST"}],"neow_cost":"NONE","seed_source_timestamp":611577398300700,"circlet_count":0,"master_deck":["AscendersBane","Zap+1","Dualcast","Sweeping Beam+1","Gash","Core Surge","Cold Snap","Melter+1","Coolheaded","Compile Driver","Undo","Biased Cognition+1","Hologram","Rip and Tear","Double Energy","Auto Shields","Melter","Meteor Strike","Ball Lightning","Go for the Eyes","Apotheosis","Coolheaded","Compile Driver","Genetic Algorithm"],"relics":["Cracked Core","Golden Idol","Ice Cream","Kunai","Bottled Flame","Odd Mushroom","Du-Vu Doll","Pandora\u0027s Box","Runic Capacitor","Bag of Marbles","Dream Catcher"],"potions_floor_usage":[7,11,16,25],"damage_taken":[{"damage":9,"enemies":"Small Slimes","floor":1,"turns":3},{"damage":0,"enemies":"Cultist","floor":3,"turns":3},{"damage":9,"enemies":"2 Louse","floor":5,"turns":3},{"damage":18,"enemies":"Gremlin Nob","floor":7,"turns":4},{"damage":9,"enemies":"Blue Slaver","floor":8,"turns":3},{"damage":8,"enemies":"Lagavulin","floor":10,"turns":8},{"damage":4,"enemies":"The Mushroom Lair","floor":11,"turns":3},{"damage":7,"enemies":"Exordium Wildlife","floor":14,"turns":3},{"damage":22,"enemies":"The Guardian","floor":16,"turns":13},{"damage":4,"enemies":"3 Byrds","floor":18,"turns":3},{"damage":0,"enemies":"Chosen","floor":20,"turns":4},{"damage":0,"enemies":"Sentry and Sphere","floor":21,"turns":2},{"damage":0,"enemies":"Cultist and Chosen","floor":24,"turns":4},{"damage":43,"enemies":"Slavers","floor":25,"turns":5},{"damage":9,"enemies":"Colosseum Slavers","floor":28,"turns":3},{"damage":20,"enemies":"Shelled Parasite and Fungi","floor":29,"turns":1}],"seed_played":"6733101242586276989","potions_obtained":[{"floor":1,"key":"Block Potion"},{"floor":10,"key":"Weak Potion"},{"floor":11,"key":"SpeedPotion"},{"floor":14,"key":"Fruit Juice"},{"floor":16,"key":"Energy Potion"},{"floor":18,"key":"Swift Potion"}],"is_trial":false,"path_per_floor":["M","?","M","?","M","R","E","M","T","E","?","R","T","M","R","B",null,"M","$","M","M","$","R","M","E","T","R","?","M"],"character_chosen":"DEFECT","items_purchased":["Apotheosis","Coolheaded","Runic Capacitor"],"campfire_rested":2,"item_purchase_floors":[19,19,22],"current_hp_per_floor":[55,55,55,55,46,46,28,19,19,11,7,26,26,19,19,2,52,48,48,48,48,48,48,48,5,5,25,16,0],"gold":107,"neow_bonus":"UPGRADE_CARD","is_prod":false,"is_daily":false,"chose_seed":false,"campfire_upgraded":3,"win_rate":0,"timestamp":1566515070,"path_taken":["M","?","?","?","M","R","E","M","T","E","?","R","?","?","R","BOSS","M","$","?","M","$","R","M","E","T","R","?","M"],"build_version":"2019-08-15","purchased_purges":0,"victory":false,"max_hp_per_floor":[71,71,71,64,64,64,64,64,64,64,64,64,64,64,64,69,69,69,69,69,69,69,69,69,69,69,69,69,69],"card_choices":[{"not_picked":["Stack","Barrage"],"picked":"Sweeping Beam","floor":1},{"not_picked":["Barrage","Hello World"],"picked":"Gash","floor":3},{"not_picked":["Melter","Beam Cell"],"picked":"Core Surge","floor":5},{"not_picked":["Streamline","Hologram"],"picked":"Cold Snap","floor":7},{"not_picked":["Streamline","Stack"],"picked":"Melter","floor":8},{"not_picked":["Blizzard","Stack"],"picked":"Coolheaded","floor":10},{"not_picked":["Barrage","Cold Snap"],"picked":"Compile Driver","floor":11},{"not_picked":["Heatsinks","Redo"],"picked":"Undo","floor":14},{"not_picked":["Core Surge","Creative AI"],"picked":"Biased Cognition","floor":16},{"not_picked":["Chaos","Chill"],"picked":"Go for the Eyes","floor":18},{"not_picked":["Beam Cell","Redo+1","Stack"],"picked":"SKIP","floor":20},{"not_picked":["Creative AI","Barrage","Coolheaded"],"picked":"SKIP","floor":21},{"not_picked":["Leap","Fusion"],"picked":"Compile Driver","floor":24},{"not_picked":["Heatsinks","Sunder","Leap"],"picked":"SKIP","floor":25},{"not_picked":["Sweeping Beam","Streamline"],"picked":"Genetic Algorithm","floor":27}],"player_experience":2344958,"relics_obtained":[{"floor":7,"key":"Ice Cream"},{"floor":9,"key":"Kunai"},{"floor":10,"key":"Bottled Flame"},{"floor":11,"key":"Odd Mushroom"},{"floor":13,"key":"Du-Vu Doll"},{"floor":25,"key":"Bag of Marbles"},{"floor":26,"key":"Dream Catcher"}],"event_choices":[{"cards_removed":["Strike_B"],"damage_healed":0,"gold_gain":0,"player_choice":"Card Removal","damage_taken":0,"max_hp_gain":0,"max_hp_loss":0,"event_name":"Wheel of Change","floor":2,"gold_loss":0},{"damage_healed":0,"gold_gain":0,"player_choice":"Lose Max HP","damage_taken":0,"relics_obtained":["Golden Idol"],"max_hp_gain":0,"max_hp_loss":7,"event_name":"Golden Idol","floor":4,"gold_loss":0},{"damage_healed":0,"gold_gain":0,"player_choice":"Fought Mushrooms","damage_taken":0,"max_hp_gain":0,"max_hp_loss":0,"event_name":"Mushrooms","floor":11,"gold_loss":0},{"damage_healed":0,"gold_gain":0,"player_choice":"Fight","damage_taken":0,"max_hp_gain":0,"max_hp_loss":0,"event_name":"Colosseum","floor":28,"gold_loss":0},{"damage_healed":0,"gold_gain":0,"player_choice":"Fled From Nobs","damage_taken":0,"max_hp_gain":0,"max_hp_loss":0,"event_name":"Colosseum","floor":28,"gold_loss":0}],"is_beta":true,"boss_relics":[{"not_picked":["FrozenCore","Orrery"],"picked":"Pandora\u0027s Box"}],"items_purged_floors":[],"is_endless":false,"potions_floor_spawned":[1,10,11,14,16,18,24,28],"killed_by":"Shelled Parasite and Fungi","ascension_level":20}