{"path_per_floor":["M","M","$","M","M","R","M","R","T","M","$","R","?","E","R"],"character_chosen":"IRONCLAD","items_purchased":["Peace Pipe","Block Potion"],"gold_per_floor":[360,370,69,82,99,99,118,118,118,130,6,6,6,33,33,33],"floor_reached":16,"campfire_rested":0,"playtime":777,"item_purchase_floors":[3,11],"current_hp_per_floor":[68,68,68,64,59,59,62,62,62,64,64,64,64,62,62,0],"items_purged":["Strike_R"],"gold":33,"score":179,"play_id":"9977d9e6-b7f7-439d-9be1-180fe3447b78","local_time":"20180529163454","is_prod":false,"is_daily":false,"chose_seed":false,"is_ascension_mode":true,"campfire_upgraded":1,"win_rate":0,"timestamp":1527608094,"campfire_choices":[{"data":"Strike_R","floor":6,"key":"PURGE"},{"data":"Strike_R","floor":8,"key":"PURGE"},{"data":"Strike_R","floor":12,"key":"PURGE"},{"data":"Bash","floor":15,"key":"SMITH"}],"path_taken":["M","M","$","M","M","R","M","R","T","M","$","R","?","E","R","BOSS"],"build_version":"2018-05-28","seed_source_timestamp":158355251233706,"purchased_purges":1,"victory":false,"master_deck":["Strike_R","Defend_R","Defend_R","Defend_R","Defend_R","Bash+1","AscendersBane","Shrug It Off","Wild Strike","Shockwave","Pommel Strike","Shrug It Off","Reaper","Impervious","Battle Trance"],"max_hp_per_floor":[68,68,68,68,68,68,68,68,68,68,68,68,68,68,68,68],"relics":["Burning Blood","Peace Pipe","Gambling Chip","Calipers"],"card_choices":[{"not_picked":["Armaments","Iron Wave"],"picked":"Shrug It Off","floor":1},{"not_picked":["Flex","Dropkick"],"picked":"Wild Strike","floor":2},{"not_picked":["Anger","Cleave"],"picked":"Shockwave","floor":4},{"not_picked":["Twin Strike","Headbutt"],"picked":"Pommel Strike","floor":5},{"not_picked":["Rage","Body Slam"],"picked":"Shrug It Off","floor":7},{"not_picked":["Shrug It Off","Twin Strike"],"picked":"Reaper","floor":10},{"not_picked":["True Grit","Clash"],"picked":"Battle Trance","floor":14}],"player_experience":648781,"potions_floor_usage":[10,14,16],"damage_taken":[{"damage":3,"enemies":"2 Louse","floor":1,"turns":4},{"damage":6,"enemies":"Cultist","floor":2,"turns":5},{"damage":10,"enemies":"Small Slimes","floor":4,"turns":4},{"damage":11,"enemies":"Exordium Wildlife","floor":5,"turns":5},{"damage":3,"enemies":"Looter","floor":7,"turns":5},{"damage":4,"enemies":"Gremlin Gang","floor":10,"turns":8},{"damage":12,"enemies":"Lagavulin","floor":14,"turns":10},{"damage":81,"enemies":"Slime Boss","floor":16,"turns":13}],"relics_obtained":[{"floor":9,"key":"Gambling Chip"},{"floor":14,"key":"Calipers"}],"event_choices":[{"event_name":"Match and Keep!","player_choice":"1 cards matched","floor":13,"damage_taken":0}],"boss_relics":[],"items_purged_floors":[11],"potions_floor_spawned":[4,5],"seed_played":"-8837764896181329092","killed_by":"Slime Boss","ascension_level":15,"potions_obtained":[{"floor":4,"key":"GamblersBrew"},{"floor":5,"key":"Fire Potion"}],"is_trial":false}