{"gold_per_floor":[117,117,127,127,146,146,162,162,185,210,230,263,278,288,288,365,365,375,37,50,50,60,60,75,75,146,157,157,174,174,193,193,264,264,275,291,47,47,66,66,66,66,90,102,102,2,18,38,38,38],"floor_reached":50,"playtime":2133,"items_purged":["Shame","Strike_R"],"score":899,"play_id":"86a3a434-033a-48c2-b21f-4aada7b530ea","local_time":"20180829174538","is_ascension_mode":true,"campfire_choices":[{"data":"Bash","floor":6.0,"key":"SMITH"},{"data":"Body Slam","floor":8.0,"key":"SMITH"},{"data":"True Grit","floor":15.0,"key":"SMITH"},{"data":"Armaments","floor":23.0,"key":"SMITH"},{"floor":30.0,"key":"REST"},{"floor":32.0,"key":"REST"},{"floor":40,"key":"REST"},{"data":"Demon Form","floor":42,"key":"SMITH"},{"floor":49,"key":"REST"}],"neow_cost":"","seed_source_timestamp":0,"circlet_count":0,"master_deck":["Strike_R","Strike_R+1","Strike_R+1","Defend_R","Defend_R","Defend_R","Defend_R","Bash+1","AscendersBane","Rampage","Iron Wave","True Grit+1","Body Slam+1","Cleave","Demon Form+1","Iron Wave","Pummel","Armaments+1","Body Slam+1","Iron Wave","Power Through","Limit Break","Intimidate+1","Whirlwind+1","Ghostly Armor","Clothesline+1","Jack Of All Trades","Iron Wave","Anger"],"special_seed":0,"relics":["Burning Blood","Whetstone","Orichalcum","Bronze Scales","Sozu","Vajra","Anchor","Bag of Preparation","Ornamental Fan","Enchiridion","Happy Flower","Centennial Puzzle"],"potions_floor_usage":[],"damage_taken":[{"damage":12.0,"enemies":"Jaw Worm","floor":1.0,"turns":3.0},{"damage":7.0,"enemies":"Cultist","floor":3.0,"turns":4.0},{"damage":1.0,"enemies":"2 Louse","floor":5.0,"turns":3.0},{"damage":6.0,"enemies":"Looter","floor":7.0,"turns":3.0},{"damage":21.0,"enemies":"3 Sentries","floor":10.0,"turns":10.0},{"damage":3.0,"enemies":"Exordium Wildlife","floor":11.0,"turns":3.0},{"damage":2.0,"enemies":"Gremlin Nob","floor":12.0,"turns":3.0},{"damage":0.0,"enemies":"Gremlin Gang","floor":13.0,"turns":5.0},{"damage":14.0,"enemies":"2 Fungi Beasts","floor":14.0,"turns":2.0},{"damage":55.0,"enemies":"Slime Boss","floor":16.0,"turns":11.0},{"damage":13.0,"enemies":"3 Byrds","floor":18.0,"turns":3.0},{"damage":11.0,"enemies":"Shell Parasite","floor":20.0,"turns":4.0},{"damage":48.0,"enemies":"Cultist and Chosen","floor":22.0,"turns":7.0},{"damage":1.0,"enemies":"Centurion and Healer","floor":24.0,"turns":6.0},{"damage":18.0,"enemies":"3 Cultists","floor":27.0,"turns":5.0},{"damage":19.0,"enemies":"Snecko","floor":29.0,"turns":5.0},{"damage":5.0,"enemies":"Centurion and Healer","floor":31.0,"turns":5.0},{"damage":36.0,"enemies":"Champ","floor":33.0,"turns":8.0},{"damage":0.0,"enemies":"Orb Walker","floor":35.0,"turns":2.0},{"damage":46,"enemies":"Flame Bruiser 1 Orb","floor":36,"turns":6},{"damage":17,"enemies":"3 Darklings","floor":39,"turns":3},{"damage":16,"enemies":"4 Shapes","floor":44,"turns":9},{"damage":28,"enemies":"Spire Growth","floor":47,"turns":4},{"damage":3,"enemies":"3 Darklings","floor":48,"turns":7},{"damage":49,"enemies":"Awakened One","floor":50,"turns":7}],"seed_played":"-6302436531594666535","potions_obtained":[{"floor":2.0,"key":"SteroidPotion"},{"floor":2.0,"key":"GamblersBrew"},{"floor":5.0,"key":"SkillPotion"},{"floor":7.0,"key":"Weak Potion"},{"floor":11.0,"key":"Poison Potion"},{"floor":16.0,"key":"BloodPotion"}],"is_trial":false,"path_per_floor":["M","?","M","?","M","R","M","R","T","E","M","E","M","M","R","B",null,"M","$","M","?","M","R","M","?","T","M","?","M","R","M","R","B",null,"M","M","$","?","M","R","?","R","T","M","?","$","M","M","R"],"character_chosen":"IRONCLAD","items_purchased":["Vajra","Anchor","Happy Flower"],"campfire_rested":4,"item_purchase_floors":[19,19,37],"current_hp_per_floor":[62,62,61,61,66,66,66,66,66,51,54,58,64,56,56,7,58,51,51,46,85,43,43,48,48,48,36,15,10,35,36,61,31,72,78,38,38,26,15,40,40,40,40,30,30,30,8,11,36,0],"gold":38,"neow_bonus":"","is_prod":false,"is_daily":false,"chose_seed":false,"campfire_upgraded":5,"win_rate":0,"timestamp":1535561138,"path_taken":["M","?","M","?","M","R","M","R","T","E","M","E","?","M","R","BOSS","M","$","M","?","M","R","M","?","T","M","?","?","R","M","R","BOSS","M","M","$","?","M","R","?","R","T","M","?","?","M","M","R","BOSS"],"build_version":"2018-08-28","purchased_purges":2,"victory":false,"max_hp_per_floor":[75,75,75,75,75,75,75,75,75,75,75,75,75,75,75,75,75,75,75,75,85,85,85,85,85,85,85,85,85,85,85,85,85,85,85,85,85,85,85,85,85,85,85,85,85,85,85,85,85,85],"card_choices":[{"not_picked":["Warcry","Clash"],"picked":"Rampage","floor":1.0},{"not_picked":["Warcry","Thunderclap"],"picked":"Iron Wave","floor":3.0},{"not_picked":["Clash","Warcry"],"picked":"True Grit","floor":5.0},{"not_picked":["Thunderclap","Ghostly Armor"],"picked":"Body Slam","floor":7.0},{"not_picked":["Anger","Impervious"],"picked":"Bludgeon","floor":10.0},{"not_picked":["Heavy Blade","True Grit","Fire Breathing"],"picked":"SKIP","floor":11.0},{"not_picked":["Fire Breathing","Dual Wield","Carnage"],"picked":"SKIP","floor":12.0},{"not_picked":["Havoc","Flex","Burning Pact"],"picked":"SKIP","floor":13.0},{"not_picked":["Pommel Strike","Sever Soul"],"picked":"Cleave","floor":14.0},{"not_picked":["Reaper","Barricade"],"picked":"Demon Form","floor":16.0},{"not_picked":["Rampage+1","Wild Strike"],"picked":"Iron Wave","floor":18.0},{"not_picked":["Iron Wave","Thunderclap"],"picked":"Pummel","floor":20.0},{"not_picked":["Perfected Strike+1","Blood for Blood"],"picked":"Armaments","floor":22.0},{"not_picked":["Warcry","Flex"],"picked":"Body Slam+1","floor":24.0},{"not_picked":["Warcry","True Grit"],"picked":"Iron Wave","floor":27.0},{"not_picked":["Burning Pact","Body Slam"],"picked":"Power Through","floor":29.0},{"not_picked":["Power Through","Uppercut"],"picked":"Limit Break","floor":31.0},{"not_picked":["Flex","Perfected Strike"],"picked":"Intimidate+1","floor":35.0},{"not_picked":["Pommel Strike","Heavy Blade"],"picked":"Whirlwind+1","floor":36},{"not_picked":["Cleave","Infernal Blade"],"picked":"Ghostly Armor","floor":39},{"not_picked":["Immolate","Flex"],"picked":"Clothesline+1","floor":44},{"not_picked":["Good Instincts","Dramatic Entrance"],"picked":"Jack Of All Trades","floor":45},{"not_picked":["Wild Strike","Thunderclap+1"],"picked":"Iron Wave","floor":47},{"not_picked":["Pommel Strike+1","Perfected Strike"],"picked":"Anger","floor":48}],"player_experience":1209808,"relics_obtained":[{"floor":9.0,"key":"Whetstone"},{"floor":10.0,"key":"Orichalcum"},{"floor":12.0,"key":"Bronze Scales"},{"floor":26.0,"key":"Ornamental Fan"},{"floor":28.0,"key":"Enchiridion"},{"floor":43,"key":"Centennial Puzzle"}],"event_choices":[{"event_name":"The Lab","player_choice":"Got Potions","floor":2.0,"damage_taken":0.0},{"event_name":"Liars Game","player_choice":"disagreed","floor":4.0,"damage_taken":0.0},{"event_name":"Bonfire Elementals","player_choice":"RARE","floor":21.0,"damage_taken":0.0},{"event_name":"Addict","player_choice":"Stole Relic","floor":25.0,"damage_taken":0.0},{"event_name":"Cursed Tome","player_choice":"Obtained Book","floor":28.0,"damage_taken":0.0},{"event_name":"Wheel of Change","player_choice":"Damage","floor":38,"damage_taken":0},{"event_name":"Falling","player_choice":"Removed Attack","floor":41,"damage_taken":0},{"event_name":"SensoryStone","player_choice":"Memory 1","floor":45,"damage_taken":0}],"is_beta":true,"boss_relics":[{"not_picked":["White Beast Statue","Philosopher\u0027s Stone"],"picked":"Sozu"},{"not_picked":["Calling Bell","Mark of Pain","Coffee Dripper"]}],"items_purged_floors":[37,46],"is_endless":false,"potions_floor_spawned":[5,7,11,16,22,27,33,44,48],"killed_by":"Awakened One","ascension_level":18}