{"gold_per_floor":[213,132,132,307,307,307,327,327,373,373,383,413,428,443,443,545,545,559,577,577],"floor_reached":20,"playtime":749,"items_purged":[],"score":269,"play_id":"01b8e895-04ff-4dbb-a505-8582656c0184","local_time":"20190724130616","is_ascension_mode":true,"campfire_choices":[{"data":"Feed","floor":6,"key":"SMITH"},{"data":"Wild Strike","floor":8,"key":"SMITH"},{"data":"Defend_R","floor":10,"key":"SMITH"},{"data":"Doubt","floor":15,"key":"PURGE"}],"neow_cost":"NONE","seed_source_timestamp":613017127504900,"circlet_count":0,"master_deck":["Strike_R","Strike_R","Strike_R","Strike_R","Defend_R+1","Defend_R","Defend_R","Defend_R+1","Bash+1","Feed+1","Wild Strike+1","Armaments","Dropkick","Uppercut","Double Tap","Flex+1","Pummel"],"relics":["Burning Blood","Bag of Marbles","Peace Pipe","Philosopher\u0027s Stone"],"potions_floor_usage":[12,16,16,20],"damage_taken":[{"damage":3,"enemies":"2 Louse","floor":1,"turns":2},{"damage":7,"enemies":"Small Slimes","floor":7,"turns":3},{"damage":0,"enemies":"Cultist","floor":11,"turns":3},{"damage":20,"enemies":"Lagavulin","floor":12,"turns":5},{"damage":2,"enemies":"Lots of Slimes","floor":13,"turns":5},{"damage":1,"enemies":"Large Slime","floor":14,"turns":5},{"damage":62,"enemies":"Hexaghost","floor":16,"turns":12},{"damage":1,"enemies":"Chosen","floor":18,"turns":4},{"damage":72,"enemies":"3 Byrds","floor":19,"turns":6},{"damage":28,"enemies":"Shelled Parasite and Fungi","floor":20,"turns":4}],"seed_played":"8497095364392312643","potions_obtained":[{"floor":1,"key":"SpeedPotion"},{"floor":7,"key":"Swift Potion"},{"floor":12,"key":"SpeedPotion"},{"floor":14,"key":"Weak Potion"}],"is_trial":false,"path_per_floor":["M","$","?","?","?","R","M","R","T","R","M","E","M","M","R","B",null,"M","M","M"],"character_chosen":"IRONCLAD","items_purchased":["Feed"],"campfire_rested":0,"item_purchase_floors":[2],"current_hp_per_floor":[75,75,59,59,59,59,62,62,62,62,72,62,70,79,79,23,81,86,24,0],"gold":577,"neow_bonus":"HUNDRED_GOLD","is_prod":false,"is_daily":false,"chose_seed":false,"campfire_upgraded":3,"win_rate":0,"timestamp":1563941176,"path_taken":["M","$","?","?","?","R","M","R","T","R","M","E","?","M","R","BOSS","M","M","?"],"build_version":"2019-07-17","purchased_purges":0,"victory":false,"max_hp_per_floor":[80,80,80,80,80,80,84,84,84,84,88,92,96,100,100,100,100,100,104,108],"card_choices":[{"not_picked":["Power Through","Thunderclap","Wild Strike"],"picked":"SKIP","floor":1},{"not_picked":["Havoc","Rupture","Rage"],"picked":"SKIP","floor":7},{"not_picked":["Infernal Blade","Pommel Strike"],"picked":"Armaments","floor":11},{"not_picked":["Infernal Blade","Sever Soul","Power Through"],"picked":"SKIP","floor":12},{"not_picked":["Cleave","Flex"],"picked":"Dropkick","floor":13},{"not_picked":["Impervious","Armaments"],"picked":"Uppercut","floor":14},{"not_picked":["Impervious","Brutality"],"picked":"Double Tap","floor":16},{"not_picked":["Twin Strike+1","Sword Boomerang"],"picked":"Flex+1","floor":18},{"not_picked":["Combust","Shrug It Off"],"picked":"Pummel","floor":19}],"player_experience":126352,"relics_obtained":[{"floor":9,"key":"Bag of Marbles"},{"floor":12,"key":"Peace Pipe"}],"event_choices":[{"damage_healed":0,"gold_gain":0,"player_choice":"Entered Light","damage_taken":16,"max_hp_gain":0,"max_hp_loss":0,"event_name":"Shining Light","floor":3,"gold_loss":0,"cards_upgraded":["Defend_R","Bash"]},{"damage_healed":0,"gold_gain":175,"player_choice":"AGREE","damage_taken":0,"max_hp_gain":0,"max_hp_loss":0,"event_name":"Liars Game","floor":4,"gold_loss":0,"cards_obtained":["Doubt"]},{"damage_healed":0,"gold_gain":0,"cards_transformed":["Strike_R"],"player_choice":"Transformed","damage_taken":0,"max_hp_gain":0,"max_hp_loss":0,"event_name":"Transmorgrifier","floor":5,"gold_loss":0,"cards_obtained":["Wild Strike"]}],"is_beta":false,"boss_relics":[{"not_picked":["Black Star","White Beast Statue"],"picked":"Philosopher\u0027s Stone"}],"items_purged_floors":[],"is_endless":false,"potions_floor_spawned":[1,7,12,14],"killed_by":"Shelled Parasite and Fungi","ascension_level":8}