{"gold_per_floor":[216,236,108,123,142,170,170,195,195,207,207,207,151,182,182,254,254,273,284,301,301,315,4,4,17,17,17,17,34,34,67,67,146,146,163,174,154,154,170,170,516,528,528,528,557,576,152,152,152,152],"floor_reached":51,"playtime":3360,"items_purged":["Strike_R"],"score":1267,"play_id":"9559b0d9-21ad-4ae9-90ad-8ce9b78776f2","local_time":"20180719191049","is_ascension_mode":true,"campfire_choices":[{"data":"Bash","floor":7.0,"key":"SMITH"},{"data":"Armaments","floor":11.0,"key":"SMITH"},{"data":"Metallicize","floor":15.0,"key":"SMITH"},{"data":"Limit Break","floor":24.0,"key":"SMITH"},{"data":"Spot Weakness","floor":28.0,"key":"SMITH"},{"data":"Clothesline","floor":30.0,"key":"SMITH"},{"data":"Feed","floor":32.0,"key":"SMITH"},{"data":"Havoc","floor":40.0,"key":"SMITH"},{"data":"Exhume","floor":44.0,"key":"SMITH"},{"data":"Barricade","floor":49.0,"key":"SMITH"}],"neow_cost":"NONE","seed_source_timestamp":0,"circlet_count":0,"master_deck":["Strike_R","Strike_R","Strike_R","Defend_R+1","Defend_R","Defend_R","Defend_R","Bash+1","AscendersBane","Iron Wave","Perfected Strike","Metallicize+1","Flame Barrier","Pommel Strike","Feed+1","Armaments+1","Burning Pact+1","Limit Break+1","Spot Weakness+1","Iron Wave","Clothesline+1","Iron Wave","Reaper","Impervious","Shrug It Off","Headbutt","Exhume+1","Shrug It Off+1","Havoc+1","Pommel Strike+1","Shrug It Off","Barricade+1","Offering","Impervious","Madness","Madness"],"special_seed":0,"relics":["Burning Blood","Smiling Mask","Gremlin Horn","Ornamental Fan","War Paint","Magic Flower","Ancient Tea Set","Cursed Key","Letter Opener","Sozu","Old Coin","Kunai"],"potions_floor_usage":[50],"damage_taken":[{"damage":1.0,"enemies":"Cultist","floor":1.0,"turns":4.0},{"damage":7.0,"enemies":"Small Slimes","floor":2.0,"turns":4.0},{"damage":6.0,"enemies":"Jaw Worm","floor":4.0,"turns":3.0},{"damage":13.0,"enemies":"Exordium Thugs","floor":5.0,"turns":6.0},{"damage":16.0,"enemies":"Lagavulin","floor":6.0,"turns":7.0},{"damage":21.0,"enemies":"3 Sentries","floor":8.0,"turns":10.0},{"damage":5.0,"enemies":"3 Louse","floor":10.0,"turns":4.0},{"damage":23.0,"enemies":"Gremlin Nob","floor":14.0,"turns":4.0},{"damage":17.0,"enemies":"The Guardian","floor":16.0,"turns":14.0},{"damage":3.0,"enemies":"Chosen","floor":18.0,"turns":4.0},{"damage":7.0,"enemies":"3 Byrds","floor":19.0,"turns":6.0},{"damage":12.0,"enemies":"Snecko","floor":20.0,"turns":6.0},{"damage":32.0,"enemies":"Snake Plant","floor":22.0,"turns":6.0},{"damage":25.0,"enemies":"Centurion and Healer","floor":25.0,"turns":10.0},{"damage":3.0,"enemies":"Sentry and Sphere","floor":29.0,"turns":7.0},{"damage":28.0,"enemies":"Slavers","floor":31.0,"turns":6.0},{"damage":80.0,"enemies":"Automaton","floor":33.0,"turns":7.0},{"damage":4.0,"enemies":"3 Shapes","floor":35.0,"turns":12.0},{"damage":5.0,"enemies":"Flame Bruiser 1 Orb","floor":36.0,"turns":6.0},{"damage":46.0,"enemies":"Spire Growth","floor":39.0,"turns":8.0},{"damage":57.0,"floor":41.0,"turns":6.0},{"damage":24.0,"enemies":"Maw","floor":42.0,"turns":8.0},{"damage":61.0,"enemies":"Nemesis","floor":45.0,"turns":17.0},{"damage":26.0,"enemies":"3 Darklings","floor":46.0,"turns":5.0},{"damage":43,"enemies":"Time Eater","floor":50,"turns":10}],"seed_played":"4228048679618452341","potions_obtained":[{"floor":5.0,"key":"SpeedPotion"},{"floor":8.0,"key":"Strength Potion"},{"floor":19.0,"key":"Strength Potion"},{"floor":22.0,"key":"SteroidPotion"},{"floor":31.0,"key":"SteroidPotion"},{"floor":33.0,"key":"AttackPotion"}],"is_trial":false,"path_per_floor":["M","M","$","M","M","E","R","E","T","M","R","?","?","E","R","B",null,"M","M","M","?","M","$","R","M","T","?","R","M","R","E","R","B",null,"M","M","?","?","M","R","?","M","T","R","E","M","$","?","R","B"],"character_chosen":"IRONCLAD","items_purchased":["Metallicize","FearPotion","Reaper","Impervious","Barricade","Offering","Impervious"],"campfire_rested":0,"item_purchase_floors":[3,3,23,23,47,47,47],"current_hp_per_floor":[73,72,72,72,65,55,55,43,43,47,47,36,36,22,22,14,64,70,72,74,74,56,56,56,78,78,78,78,89,89,89,89,18,74,101,105,105,105,82,82,55,97,97,97,45,100,100,79,79,117],"gold":152,"neow_bonus":"HUNDRED_GOLD","is_prod":false,"is_daily":false,"chose_seed":false,"campfire_upgraded":10,"win_rate":0,"timestamp":1532023849,"path_taken":["M","M","$","?","M","E","R","E","T","M","R","?","?","E","R","BOSS","M","M","M","?","M","$","R","?","T","?","R","M","R","E","R","BOSS","M","M","?","?","?","R","?","M","T","R","E","M","$","?","R","BOSS"],"build_version":"2018-07-18","purchased_purges":1,"victory":true,"max_hp_per_floor":[75,75,75,75,75,75,75,78,78,81,81,81,81,81,81,81,81,81,81,84,84,87,87,87,87,87,87,87,90,90,93,93,93,93,101,105,105,105,109,109,109,113,113,113,113,117,117,117,117,117],"card_choices":[{"not_picked":["Twin Strike","Warcry"],"picked":"Iron Wave","floor":1.0},{"not_picked":["Warcry","Thunderclap"],"picked":"Perfected Strike","floor":2.0},{"not_picked":["Body Slam","Evolve"],"picked":"Flame Barrier","floor":4.0},{"not_picked":["Pummel","Fire Breathing"],"picked":"Pommel Strike","floor":5.0},{"not_picked":["Havoc","Cleave"],"picked":"Feed","floor":6.0},{"not_picked":["Dual Wield","True Grit"],"picked":"Armaments","floor":8.0},{"not_picked":["Dual Wield","Body Slam"],"picked":"Burning Pact","floor":10.0},{"not_picked":["True Grit","Heavy Blade"],"picked":"Limit Break","floor":14.0},{"not_picked":["Berserk","Double Tap"],"picked":"Juggernaut","floor":16.0},{"not_picked":["Second Wind","True Grit"],"picked":"Spot Weakness","floor":18.0},{"not_picked":["Armaments","Heavy Blade"],"picked":"Iron Wave","floor":19.0},{"not_picked":["Rampage","Perfected Strike"],"picked":"Clothesline","floor":20.0},{"not_picked":["Thunderclap","Seeing Red","Rage"],"picked":"SKIP","floor":22.0},{"not_picked":["Inflame","Wild Strike"],"picked":"Shrug It Off","floor":25.0},{"not_picked":["Clothesline","Ghostly Armor+1"],"picked":"Headbutt","floor":29.0},{"not_picked":["Corruption","Clothesline","Warcry"],"picked":"SKIP","floor":31.0},{"not_picked":["Feed","Immolate"],"picked":"Exhume","floor":33.0},{"not_picked":["Clothesline","Reckless Charge","Clash"],"picked":"SKIP","floor":35.0},{"not_picked":["Carnage+1","Headbutt+1"],"picked":"Shrug It Off+1","floor":36.0},{"not_picked":["Headbutt+1","Exhume"],"picked":"Havoc","floor":39.0},{"not_picked":["Infernal Blade+1","Clothesline"],"picked":"Pommel Strike+1","floor":42.0},{"not_picked":["Anger","Flex"],"picked":"Shrug It Off","floor":45.0},{"not_picked":["Perfected Strike+1","Flex+1","Thunderclap"],"picked":"SKIP","floor":46.0}],"player_experience":1056867,"relics_obtained":[{"floor":6.0,"key":"Smiling Mask"},{"floor":8.0,"key":"Gremlin Horn"},{"floor":9.0,"key":"Ornamental Fan"},{"floor":14.0,"key":"Ancient Tea Set"},{"floor":31.0,"key":"Letter Opener"},{"floor":41.0,"key":"Old Coin"},{"floor":45.0,"key":"Kunai"}],"event_choices":[{"event_name":"Scrap Ooze","player_choice":"success","floor":12.0,"damage_taken":11.0},{"event_name":"WeMeetAgain","player_choice":"Gold","floor":13.0,"damage_taken":0.0},{"event_name":"NoteForYourself","player_choice":"Took Card","floor":21.0,"damage_taken":0.0},{"event_name":"The Lab","player_choice":"Got Potions","floor":27.0,"damage_taken":0.0},{"event_name":"The Woman in Blue","player_choice":"Bought 1 Potion","floor":37.0,"damage_taken":0.0},{"event_name":"Falling","player_choice":"Removed Attack","floor":38.0,"damage_taken":0.0},{"event_name":"Mysterious Sphere","player_choice":"Fight","floor":41.0,"damage_taken":0.0},{"event_name":"Winding Halls","player_choice":"Embrace Madness","floor":48.0,"damage_taken":0.0}],"is_beta":true,"boss_relics":[{"not_picked":["Fusion Hammer","Runic Dome"],"picked":"Cursed Key"},{"not_picked":["Philosopher\u0027s Stone","Calling Bell"],"picked":"Sozu"}],"items_purged_floors":[47],"is_endless":false,"potions_floor_spawned":[5,8,10,19,22,29,31,33,35,45,46],"ascension_level":15}