{"gold_per_floor":[15,15,15,34,45,79,4,37,60,60,60],"floor_reached":11,"playtime":652,"items_purged":["Regret"],"score":81,"play_id":"5a5cbd09-2e9a-49cb-a68f-b0e1c653406b","local_time":"20190811165622","is_ascension_mode":false,"campfire_choices":[{"data":"Lockon","floor":10,"key":"SMITH"}],"neow_cost":"NO_GOLD","seed_source_timestamp":18129857906102,"circlet_count":0,"master_deck":["Strike_B","Strike_B","Defend_B","Defend_B","Defend_B","Defend_B","Zap","Dualcast","Hologram","Lockon+1","Hologram","Melter"],"relics":["Cracked Core","Pen Nib","Lantern","Bottled Flame","Potion Belt"],"potions_floor_usage":[6,8],"damage_taken":[{"damage":4,"enemies":"2 Louse","floor":1,"turns":3},{"damage":10,"enemies":"Jaw Worm","floor":4,"turns":4},{"damage":2,"enemies":"Cultist","floor":5,"turns":2},{"damage":15,"enemies":"Gremlin Nob","floor":6,"turns":3},{"damage":23,"enemies":"3 Sentries","floor":8,"turns":7},{"damage":23,"enemies":"Lagavulin","floor":11,"turns":3}],"seed_played":"-1578614850790257936","potions_obtained":[{"floor":5,"key":"PowerPotion"},{"floor":6,"key":"Fire Potion"}],"is_trial":false,"path_per_floor":["M","?","?","M","M","E","$","E","T","R","E"],"character_chosen":"DEFECT","items_purchased":[],"campfire_rested":0,"item_purchase_floors":[],"current_hp_per_floor":[71,71,71,61,59,44,44,21,21,21,0],"gold":60,"neow_bonus":"REMOVE_TWO","is_prod":false,"is_daily":false,"chose_seed":false,"campfire_upgraded":1,"win_rate":0.0,"timestamp":1565567782,"path_taken":["M","?","?","M","M","E","$","E","T","R","E"],"build_version":"2019-07-17","purchased_purges":1,"victory":false,"max_hp_per_floor":[75,75,75,75,75,75,75,75,75,75,75],"card_choices":[{"not_picked":["Ball Lightning","Chill"],"picked":"Hologram","floor":1},{"not_picked":["Self Repair","Undo"],"picked":"Lockon","floor":4},{"not_picked":["Coolheaded","Go for the Eyes"],"picked":"Hologram","floor":5},{"not_picked":["Capacitor","Turbo"],"picked":"Melter","floor":6},{"not_picked":["Go for the Eyes","Blizzard","Ball Lightning"],"picked":"SKIP","floor":8}],"player_experience":75672,"relics_obtained":[{"floor":6,"key":"Lantern"},{"floor":8,"key":"Bottled Flame"},{"floor":9,"key":"Potion Belt"}],"event_choices":[{"damage_healed":0,"gold_gain":0,"player_choice":"Ignored","damage_taken":0,"max_hp_gain":0,"max_hp_loss":0,"event_name":"Golden Idol","floor":2,"gold_loss":0},{"damage_healed":0,"gold_gain":0,"player_choice":"Box","damage_taken":0,"relics_obtained":["Pen Nib"],"max_hp_gain":0,"max_hp_loss":0,"event_name":"Big Fish","floor":3,"gold_loss":0,"cards_obtained":["Regret"]}],"is_beta":false,"boss_relics":[],"items_purged_floors":[7],"is_endless":false,"potions_floor_spawned":[5,6],"killed_by":"Lagavulin","ascension_level":0}