{"gold_per_floor":[111,36,36,51,69,69,89,119,146,146,171,182,201,236,236,338,338,320,330,12,12,12,38,51,81,81,100,150,150,165,191,191,191],"floor_reached":33,"playtime":2662,"items_purged":["Strike_B","Defend_B"],"score":332,"play_id":"eae55d3a-1fed-46d1-a99f-f9a89bf930c2","local_time":"20190817034408","is_ascension_mode":false,"campfire_choices":[{"data":"Self Repair","floor":6,"key":"SMITH"},{"data":"Static Discharge","floor":10,"key":"SMITH"},{"data":"Strike_B","floor":15,"key":"PURGE"},{"floor":29,"key":"RECALL"},{"data":"Heatsinks","floor":32,"key":"SMITH"}],"neow_cost":"TEN_PERCENT_HP_LOSS","seed_source_timestamp":55751596473352,"circlet_count":0,"master_deck":["Strike_B","Strike_B","Defend_B+1","Defend_B","Defend_B","Zap+1","Dualcast","Ball Lightning","Self Repair+1","Static Discharge+1","Amplify+1","Melter","Glacier","Defragment","Heatsinks+1","Fission+1","Ball Lightning","Tempest","Defragment","Steam Power","Hologram","White Noise","FTL+1","Parasite"],"relics":["Cracked Core","Thread and Needle","Omamori","Oddly Smooth Stone","PreservedInsect","Peace Pipe","Cursed Key","War Paint","WingedGreaves","Cables","Anchor","Bag of Preparation"],"potions_floor_usage":[8,8,8,16,33,33],"damage_taken":[{"damage":3,"enemies":"Small Slimes","floor":1,"turns":5},{"damage":0,"enemies":"Jaw Worm","floor":4,"turns":3},{"damage":3,"enemies":"2 Louse","floor":5,"turns":2},{"damage":0,"enemies":"2 Fungi Beasts","floor":7,"turns":3},{"damage":5,"enemies":"3 Sentries","floor":8,"turns":7},{"damage":23,"enemies":"Gremlin Nob","floor":11,"turns":4},{"damage":2,"enemies":"Exordium Thugs","floor":12,"turns":3},{"damage":0,"enemies":"Exordium Wildlife","floor":13,"turns":2},{"damage":2,"enemies":"Lagavulin","floor":14,"turns":8},{"damage":32,"enemies":"Hexaghost","floor":16,"turns":6},{"damage":12,"enemies":"2 Thieves","floor":18,"turns":4},{"damage":0,"enemies":"Spheric Guardian","floor":19,"turns":2},{"damage":16,"enemies":"Gremlin Leader","floor":23,"turns":5},{"damage":13,"enemies":"Shelled Parasite and Fungi","floor":24,"turns":4},{"damage":0,"enemies":"Book of Stabbing","floor":25,"turns":6},{"damage":8,"enemies":"3 Cultists","floor":27,"turns":4},{"damage":0,"enemies":"Chosen and Byrds","floor":30,"turns":4},{"damage":65,"enemies":"Collector","floor":33,"turns":7}],"seed_played":"-2015019885759138883","potions_obtained":[{"floor":5,"key":"EntropicBrew"},{"floor":7,"key":"Dexterity Potion"},{"floor":8,"key":"Dexterity Potion"},{"floor":12,"key":"GamblersBrew"},{"floor":14,"key":"Swift Potion"},{"floor":16,"key":"Ancient Potion"},{"floor":19,"key":"Ancient Potion"}],"is_trial":false,"path_per_floor":["M","$","?","M","M","R","M","E","T","R","E","M","M","E","R","B",null,"M","M","$","?","?","E","M","E","T","M","?","R","M","T","R","B"],"character_chosen":"DEFECT","items_purchased":["War Paint","Defragment"],"campfire_rested":0,"item_purchase_floors":[20,20],"current_hp_per_floor":[65,65,51,51,55,55,65,60,60,60,47,45,45,63,63,31,68,66,66,66,66,66,50,37,47,47,49,49,49,59,59,59,0],"gold":191,"neow_bonus":"ONE_RARE_RELIC","is_prod":false,"is_daily":false,"chose_seed":false,"campfire_upgraded":3,"win_rate":0,"timestamp":1566038648,"path_taken":["M","$","?","M","M","R","M","E","T","R","E","M","M","E","R","BOSS","M","M","$","?","?","E","M","E","T","M","?","R","?","?","R","BOSS"],"build_version":"2019-07-17","purchased_purges":2,"victory":false,"max_hp_per_floor":[68,68,68,68,68,68,68,68,68,68,68,68,68,68,68,68,68,68,68,68,68,68,68,68,68,68,68,68,68,68,68,68,68],"card_choices":[{"not_picked":["Leap","Hologram"],"picked":"Ball Lightning","floor":1},{"not_picked":["Storm","Doom and Gloom"],"picked":"Self Repair","floor":4},{"not_picked":["Redo","Ball Lightning"],"picked":"Static Discharge","floor":5},{"not_picked":["Hologram","Redo"],"picked":"Amplify","floor":7},{"not_picked":["Lockon","Rebound"],"picked":"Melter","floor":8},{"not_picked":["All For One","Stack"],"picked":"Glacier","floor":11},{"not_picked":["Chill","Turbo"],"picked":"Defragment","floor":12},{"not_picked":["Sweeping Beam","Redo","Gash"],"picked":"SKIP","floor":13},{"not_picked":["Ball Lightning","Scrape"],"picked":"Heatsinks","floor":14},{"not_picked":["Machine Learning","Reboot"],"picked":"Fission","floor":16},{"not_picked":["Lockon","Turbo"],"picked":"Ball Lightning","floor":18},{"not_picked":["Redo","Undo"],"picked":"Tempest","floor":19},{"not_picked":["Coolheaded","Blizzard+1"],"picked":"Steam Power","floor":23},{"not_picked":["Barrage","Rebound"],"picked":"Hologram","floor":24},{"not_picked":["Defragment","BootSequence+1"],"picked":"White Noise","floor":25},{"not_picked":["Fusion+1","Cold Snap+1"],"picked":"FTL+1","floor":27},{"not_picked":["Scrape","Sweeping Beam+1","Compile Driver"],"picked":"SKIP","floor":30}],"player_experience":133063,"relics_obtained":[{"floor":8,"key":"Omamori"},{"floor":9,"key":"Oddly Smooth Stone"},{"floor":11,"key":"PreservedInsect"},{"floor":14,"key":"Peace Pipe"},{"floor":23,"key":"Cables"},{"floor":25,"key":"Anchor"},{"floor":31,"key":"Bag of Preparation"}],"event_choices":[{"damage_healed":0,"gold_gain":0,"player_choice":"Entered Light","damage_taken":14,"max_hp_gain":0,"max_hp_loss":0,"event_name":"Shining Light","floor":3,"gold_loss":0,"cards_upgraded":["Defend_B","Zap"]},{"damage_healed":0,"gold_gain":0,"player_choice":"Ignored","damage_taken":0,"max_hp_gain":0,"max_hp_loss":0,"event_name":"Vampires","floor":21,"gold_loss":0},{"damage_healed":0,"gold_gain":0,"player_choice":"Stole Relic","damage_taken":0,"relics_obtained":["WingedGreaves"],"max_hp_gain":0,"max_hp_loss":0,"event_name":"Addict","floor":22,"gold_loss":0,"cards_obtained":["Shame"]},{"damage_healed":0,"gold_gain":100,"player_choice":"Bet on Murderer","damage_taken":0,"max_hp_gain":0,"max_hp_loss":0,"event_name":"The Joust","floor":28,"gold_loss":50}],"is_beta":false,"boss_relics":[{"not_picked":["Tiny House","Ectoplasm"],"picked":"Cursed Key"}],"items_purged_floors":[2,20],"is_endless":false,"potions_floor_spawned":[5,7,8,12,14,16,19,24,30],"killed_by":"Collector","ascension_level":0}