{"gold_per_floor":[113,133,146,146,146,146,184,184,253,273,273,314,7,46,46,145,145,118,137,77,77,95,133,133,133,159,190,233,225,273,309,321,429,504,537,572,608,620,632,644,700,737,800,70,89,89,124,137,137,137,137,137,137,27,60,60],"floor_reached":57,"playtime":3748,"items_purged":["Strike_G","Strike_G","Injury"],"score":3130,"play_id":"9f0b6fec-93cd-48f1-8a9d-bb0eba1a1f00","local_time":"20190822180957","is_ascension_mode":true,"campfire_choices":[{"data":"Dash","floor":6.0,"key":"SMITH"},{"data":"Backstab","floor":8.0,"key":"SMITH"},{"floor":11.0,"key":"REST"},{"data":"Noxious Fumes","floor":15.0,"key":"SMITH"},{"data":"Wraith Form v2","floor":24.0,"key":"SMITH"},{"data":"Noxious Fumes","floor":32.0,"key":"SMITH"},{"floor":40.0,"key":"RECALL"},{"data":"Cloak And Dagger","floor":46.0,"key":"SMITH"},{"data":"Burst","floor":49.0,"key":"SMITH"},{"data":"Ghostly","floor":53,"key":"SMITH"}],"neow_cost":"NONE","seed_source_timestamp":0,"circlet_count":0,"master_deck":["AscendersBane","Strike_G","Strike_G+1","Strike_G","Defend_G","Defend_G","Defend_G","Defend_G","Defend_G","Survivor","Neutralize+1","Crippling Poison","Well Laid Plans","Dash+1","Backstab+1","Crippling Poison","After Image","Footwork+1","Caltrops","Noxious Fumes+1","Footwork","Well Laid Plans","Cloak And Dagger+1","Wraith Form v2+1","Predator","Acrobatics","Caltrops+1","Ghostly","Ghostly+1","Ghostly","Deflect","Backflip","Noxious Fumes+1","Malaise","Backflip+1","Deflect+1","Noxious Fumes","Leg Sweep+1","Neutralize","Acrobatics","PiercingWail","Burst+1","Cloak And Dagger","Tools of the Trade","PiercingWail"],"special_seed":0,"relics":["Ring of the Snake","NeowsBlessing","Golden Idol","Happy Flower","The Courier","Whetstone","Darkstone Periapt","Coffee Dripper","Orichalcum","Matryoshka","MawBank","Ancient Tea Set","Mercury Hourglass","Mummified Hand","Tiny House","Boot","Smiling Mask","TwistedFunnel","Bronze Scales","Kunai","Shuriken","PreservedInsect","Bag of Preparation"],"potions_floor_usage":[55,56,56,56],"damage_taken":[{"damage":0.0,"enemies":"Cultist","floor":1.0,"turns":1.0},{"damage":0.0,"enemies":"Jaw Worm","floor":2.0,"turns":1.0},{"damage":0.0,"enemies":"Small Slimes","floor":3.0,"turns":1.0},{"damage":30.0,"enemies":"Gremlin Nob","floor":7.0,"turns":5.0},{"damage":8.0,"enemies":"Looter","floor":10.0,"turns":2.0},{"damage":13.0,"enemies":"Lagavulin","floor":12.0,"turns":9.0},{"damage":0.0,"enemies":"3 Sentries","floor":14.0,"turns":6.0},{"damage":18.0,"enemies":"The Guardian","floor":16.0,"turns":11.0},{"damage":5.0,"enemies":"2 Thieves","floor":18.0,"turns":4.0},{"damage":4.0,"enemies":"Shell Parasite","floor":19.0,"turns":7.0},{"damage":8.0,"enemies":"Centurion and Healer","floor":22.0,"turns":8.0},{"damage":16.0,"enemies":"Gremlin Leader","floor":23.0,"turns":7.0},{"damage":0.0,"enemies":"Snecko","floor":27.0,"turns":6.0},{"damage":0.0,"enemies":"Slavers","floor":28.0,"turns":7.0},{"damage":2.0,"enemies":"Book of Stabbing","floor":30.0,"turns":6.0},{"damage":0.0,"enemies":"Chosen and Byrds","floor":31.0,"turns":4.0},{"damage":0.0,"enemies":"Collector","floor":33.0,"turns":9.0},{"damage":0.0,"enemies":"Orb Walker","floor":35.0,"turns":4.0},{"damage":0.0,"enemies":"3 Shapes","floor":36.0,"turns":5.0},{"damage":0.0,"enemies":"Spire Growth","floor":37.0,"turns":6.0},{"damage":18.0,"enemies":"Giant Head","floor":41.0,"turns":12.0},{"damage":0.0,"enemies":"Sphere and 2 Shapes","floor":42.0,"turns":5.0},{"damage":0.0,"enemies":"3 Darklings","floor":45.0,"turns":3.0},{"damage":0.0,"enemies":"Reptomancer","floor":47.0,"turns":7.0},{"damage":0.0,"enemies":"Writhing Mass","floor":48.0,"turns":7.0},{"damage":0,"enemies":"Time Eater","floor":50,"turns":13},{"damage":12,"enemies":"Donu and Deca","floor":51,"turns":10},{"damage":0,"enemies":"Shield and Spear","floor":55,"turns":7},{"damage":30,"enemies":"The Heart","floor":56,"turns":12}],"seed_played":"-1579902515534322124","potions_obtained":[{"floor":2.0,"key":"Dexterity Potion"},{"floor":3.0,"key":"Fire Potion"},{"floor":10.0,"key":"Strength Potion"},{"floor":16.0,"key":"FearPotion"},{"floor":18.0,"key":"PowerPotion"},{"floor":23.0,"key":"GhostInAJar"},{"floor":42.0,"key":"EntropicBrew"},{"floor":45.0,"key":"GamblersBrew"}],"is_trial":false,"path_per_floor":["M","M","M","?","?","R","E","R","T","M","R","E","$","E","R","B",null,"M","M","$","T","M","E","R","?","T","M","E","?","E","M","R","B",null,"M","M","M","?","?","R","E","M","T","$","M","R","E","M","R","B","B",null,"R","$","E","B",null],"character_chosen":"THE_SILENT","items_purchased":["Footwork","Caltrops","Noxious Fumes","Footwork","Well Laid Plans","TwistedFunnel","Bronze Scales","Kunai","Shuriken","Tools of the Trade"],"campfire_rested":1,"item_purchase_floors":[13,13,13,13,13,44,44,44,44,54],"current_hp_per_floor":[59,59,59,59,59,59,29,29,29,21,39,26,26,26,26,8,47,42,38,38,38,30,14,14,14,14,14,14,14,12,12,12,12,31,31,31,31,31,37,37,19,19,19,19,19,19,19,19,19,19,7,33,33,33,33,3],"gold":60,"neow_bonus":"THREE_ENEMY_KILL","is_prod":false,"is_daily":false,"chose_seed":false,"campfire_upgraded":8,"win_rate":0,"timestamp":1566493797,"path_taken":["M","M","?","?","?","R","E","R","T","M","R","E","$","E","R","BOSS","M","M","$","?","M","E","R","?","T","M","E","?","E","M","R","BOSS","M","M","?","?","?","R","E","M","T","$","M","R","E","?","R","BOSS","BOSS","R","$","E","BOSS"],"build_version":"2019-08-15","purchased_purges":3,"victory":true,"max_hp_per_floor":[66,66,66,60,60,60,60,60,60,60,60,60,60,60,60,60,60,60,60,60,60,60,60,60,30,30,30,30,30,30,30,30,30,35,35,35,35,35,41,41,41,41,41,41,41,41,41,41,41,41,41,41,41,41,41,41],"card_choices":[{"not_picked":["Deflect","Choke","Slice"],"picked":"SKIP","floor":1.0},{"not_picked":["Deadly Poison","Flying Knee"],"picked":"Crippling Poison","floor":2.0},{"not_picked":["Blade Dance","Cloak And Dagger"],"picked":"Well Laid Plans","floor":3.0},{"not_picked":["Cloak And Dagger","Dodge and Roll"],"picked":"Backstab","floor":7.0},{"not_picked":["Setup","Dodge and Roll"],"picked":"Crippling Poison","floor":10.0},{"not_picked":["Poisoned Stab","Outmaneuver"],"picked":"After Image","floor":12.0},{"not_picked":["Riddle With Holes","A Thousand Cuts"],"picked":"Cloak And Dagger","floor":14.0},{"not_picked":["Bullet Time","Malaise"],"picked":"Wraith Form v2","floor":16.0},{"not_picked":["Deadly Poison","Blur"],"picked":"Predator","floor":18.0},{"not_picked":["Flying Knee","Infinite Blades"],"picked":"Acrobatics","floor":19.0},{"not_picked":["Backstab","Slice"],"picked":"Caltrops+1","floor":22.0},{"not_picked":["Underhanded Strike+1","Slice","Cloak And Dagger"],"picked":"SKIP","floor":23.0},{"not_picked":["Bane","Setup"],"picked":"Deflect","floor":27.0},{"not_picked":["Tactician+1","Masterful Stab","Outmaneuver"],"picked":"SKIP","floor":28.0},{"not_picked":["Dagger Throw+1","Doppelganger"],"picked":"Backflip","floor":30.0},{"not_picked":["Underhanded Strike","Bouncing Flask"],"picked":"Noxious Fumes","floor":31.0},{"not_picked":["Unload","Burst"],"picked":"Malaise","floor":33.0},{"not_picked":["Poisoned Stab+1","Dagger Spray"],"picked":"Backflip+1","floor":34.0},{"not_picked":["Eviscerate","Finisher+1"],"picked":"Deflect+1","floor":35.0},{"not_picked":["Blade Dance","Prepared"],"picked":"Noxious Fumes","floor":36.0},{"not_picked":["Tools of the Trade","Sucker Punch"],"picked":"Leg Sweep+1","floor":37.0},{"not_picked":["Bane","Blade Dance","Flying Knee+1"],"picked":"SKIP","floor":41.0},{"not_picked":["Quick Slash","Endless Agony"],"picked":"Acrobatics","floor":42.0},{"not_picked":["Underhanded Strike","Terror"],"picked":"PiercingWail","floor":45.0},{"not_picked":["Flying Knee","Blade Dance"],"picked":"Burst","floor":47.0},{"not_picked":["Bane+1","Sucker Punch"],"picked":"Cloak And Dagger","floor":48.0},{"not_picked":["Escape Plan","Riddle With Holes+1"],"picked":"PiercingWail","floor":55}],"player_experience":2341210,"relics_obtained":[{"floor":7.0,"key":"Happy Flower"},{"floor":9.0,"key":"The Courier"},{"floor":12.0,"key":"Whetstone"},{"floor":14.0,"key":"Darkstone Periapt"},{"floor":21.0,"key":"Orichalcum"},{"floor":23.0,"key":"Matryoshka"},{"floor":26.0,"key":"MawBank"},{"floor":26.0,"key":"Ancient Tea Set"},{"floor":28.0,"key":"Mercury Hourglass"},{"floor":30.0,"key":"Mummified Hand"},{"floor":41.0,"key":"Boot"},{"floor":43.0,"key":"Smiling Mask"},{"floor":47.0,"key":"PreservedInsect"},{"floor":55,"key":"Bag of Preparation"}],"event_choices":[{"damage_healed":0.0,"max_hp_gain":0.0,"max_hp_loss":6.0,"gold_gain":0.0,"event_name":"Golden Idol","player_choice":"Lose Max HP","floor":4.0,"gold_loss":0.0,"damage_taken":0.0,"relics_obtained":["Golden Idol"]},{"damage_healed":0.0,"max_hp_gain":0.0,"max_hp_loss":0.0,"gold_gain":0.0,"event_name":"Match and Keep!","player_choice":"1 cards matched","floor":5.0,"gold_loss":0.0,"damage_taken":0.0,"cards_obtained":["Dash"]},{"damage_healed":0.0,"max_hp_gain":0.0,"max_hp_loss":30.0,"gold_gain":0.0,"event_name":"Ghosts","player_choice":"Became a Ghost","floor":25.0,"gold_loss":0.0,"damage_taken":0.0,"cards_obtained":["Ghostly","Ghostly","Ghostly"]},{"damage_healed":0.0,"max_hp_gain":0.0,"max_hp_loss":0.0,"gold_gain":0.0,"event_name":"The Woman in Blue","player_choice":"Bought 1 Potion","floor":29.0,"gold_loss":0.0,"damage_taken":0.0},{"damage_healed":0.0,"max_hp_gain":0.0,"max_hp_loss":0.0,"gold_gain":0.0,"event_name":"Tomb of Lord Red Mask","player_choice":"Ignored","floor":38.0,"gold_loss":0.0,"damage_taken":0.0},{"damage_healed":0.0,"max_hp_gain":0.0,"max_hp_loss":0.0,"gold_gain":0.0,"event_name":"Match and Keep!","player_choice":"2 cards matched","floor":39.0,"gold_loss":0.0,"damage_taken":0.0,"cards_obtained":["Neutralize","Injury"]}],"is_beta":true,"boss_relics":[{"not_picked":["Pandora\u0027s Box","Busted Crown"],"picked":"Coffee Dripper"},{"not_picked":["WristBlade","HoveringKite"],"picked":"Tiny House"}],"items_purged_floors":[20,44,54],"is_endless":false,"potions_floor_spawned":[2,3,10,16,18,19,23,41,42,45,47,48],"ascension_level":20}