{"gold_per_floor":[118,137,137,62,8,8,33,33,58,84,100,119,139,158,158,235,235,253,268,2,2,2,32,32,50,77,90,90,100,100,134,134,134],"floor_reached":33,"playtime":1282,"items_purged":["Strike_G","Strike_G"],"score":644,"play_id":"4426e63e-5594-459d-b767-b99a1a6d81cf","local_time":"20190124034623","is_ascension_mode":true,"campfire_choices":[{"data":"Dagger Spray","floor":6.0,"key":"SMITH"},{"data":"Deadly Poison","floor":8.0,"key":"SMITH"},{"data":"Dagger Spray","floor":15.0,"key":"SMITH"},{"data":"Wraith Form v2","floor":24.0,"key":"SMITH"},{"data":"Catalyst","floor":28.0,"key":"SMITH"},{"data":"Catalyst","floor":32.0,"key":"SMITH"}],"neow_cost":"NONE","seed_source_timestamp":0,"circlet_count":0,"master_deck":["AscendersBane","Defend_G","Defend_G","Defend_G","Defend_G","Defend_G","Survivor","Neutralize","Poisoned Stab+1","Dagger Spray+1","Deadly Poison+1","Catalyst+1","PiercingWail","Dagger Spray+1","Corpse Explosion","Wraith Form v2+1","PiercingWail+1","After Image+1","Quick Slash+1","Dodge and Roll+1","Caltrops","Backflip","Catalyst+1","Backstab","PiercingWail"],"special_seed":0,"relics":["Ring of the Snake","NeowsBlessing","Ginger","Potion Belt","Boot","Meat on the Bone","Astrolabe","Ancient Tea Set","Bag of Marbles","Gremlin Horn"],"potions_floor_usage":[33,33],"damage_taken":[{"damage":0.0,"enemies":"Jaw Worm","floor":1.0,"turns":1.0},{"damage":0.0,"enemies":"Cultist","floor":2.0,"turns":1.0},{"damage":0.0,"enemies":"Gremlin Nob","floor":7.0,"turns":1.0},{"damage":21.0,"enemies":"3 Sentries","floor":10.0,"turns":12.0},{"damage":3.0,"enemies":"Small Slimes","floor":11.0,"turns":3.0},{"damage":9.0,"enemies":"Exordium Thugs","floor":12.0,"turns":6.0},{"damage":0.0,"enemies":"2 Fungi Beasts","floor":13.0,"turns":3.0},{"damage":6.0,"enemies":"Blue Slaver","floor":14.0,"turns":3.0},{"damage":30.0,"enemies":"Slime Boss","floor":16.0,"turns":8.0},{"damage":5.0,"enemies":"Shell Parasite","floor":18.0,"turns":5.0},{"damage":1.0,"enemies":"Chosen","floor":19.0,"turns":4.0},{"damage":25.0,"enemies":"Book of Stabbing","floor":23.0,"turns":5.0},{"damage":20.0,"enemies":"Shelled Parasite and Fungi","floor":25.0,"turns":4.0},{"damage":8.0,"enemies":"Cultist and Chosen","floor":27.0,"turns":6.0},{"damage":9.0,"enemies":"Snake Plant","floor":29.0,"turns":5.0},{"damage":2.0,"enemies":"Gremlin Leader","floor":31.0,"turns":6.0},{"damage":48,"enemies":"Automaton","floor":33,"turns":8}],"seed_played":"-1802877634745597817","potions_obtained":[{"floor":1.0,"key":"Block Potion"},{"floor":2.0,"key":"EssenceOfSteel"},{"floor":10.0,"key":"LiquidBronze"},{"floor":12.0,"key":"SpeedPotion"},{"floor":16.0,"key":"Energy Potion"},{"floor":19.0,"key":"SpeedPotion"},{"floor":25.0,"key":"GhostInAJar"}],"is_trial":false,"path_per_floor":["?","$","?","M","B",null,"M","M","$","?","?","E","R","M","T","M","R","M","?","E","R","B"],"character_chosen":"THE_SILENT","items_purchased":["Caltrops","Backflip","Block Potion"],"campfire_rested":0,"item_purchase_floors":[20,20,20],"current_hp_per_floor":[59,59,59,59,59,59,59,59,59,38,35,38,38,44,44,26,56,51,50,50,50,50,37,37,29,29,33,33,36,36,34,34,0],"gold":134,"neow_bonus":"THREE_ENEMY_KILL","is_prod":false,"is_daily":false,"chose_seed":false,"campfire_upgraded":6,"win_rate":0,"timestamp":1548301583,"path_taken":["M","M","?","?","?","R","E","R","T","E","M","M","?","M","R","BOSS","M","M","$","?","?","E","R","M","T","M","R","M","?","E","R","BOSS"],"build_version":"2019-01-23","purchased_purges":2,"victory":false,"max_hp_per_floor":[66,66,66,66,66,66,66,66,66,66,66,66,66,66,66,66,66,66,66,66,66,66,66,66,66,66,66,66,66,66,66,66,66],"card_choices":[{"not_picked":["Blade Dance","Leg Sweep"],"picked":"Poisoned Stab","floor":1.0},{"not_picked":["Choke","Quick Slash"],"picked":"Dagger Spray","floor":2.0},{"not_picked":["Wraith Form v2","Predator"],"picked":"Deadly Poison","floor":7.0},{"not_picked":["Concentrate","Bouncing Flask"],"picked":"Catalyst","floor":10.0},{"not_picked":["Bane","Outmaneuver"],"picked":"PiercingWail","floor":11.0},{"not_picked":["Choke","Slice","Flying Knee"],"picked":"SKIP","floor":12.0},{"not_picked":["Deflect","Acrobatics"],"picked":"Dagger Spray","floor":13.0},{"not_picked":["Poisoned Stab","PiercingWail"],"picked":"Corpse Explosion","floor":14.0},{"not_picked":["Night Terror","Envenom"],"picked":"Wraith Form v2","floor":16.0},{"not_picked":["Cloak And Dagger","Concentrate+1","Tactician"],"picked":"SKIP","floor":18.0},{"not_picked":["Dash","Distraction"],"picked":"Dodge and Roll+1","floor":19.0},{"not_picked":["Dagger Throw","Dodge and Roll","Terror+1"],"picked":"SKIP","floor":23.0},{"not_picked":["Acrobatics","Sucker Punch","Cloak And Dagger"],"picked":"SKIP","floor":25.0},{"not_picked":["Distraction","Bane"],"picked":"Catalyst","floor":27.0},{"not_picked":["Poisoned Stab","Deflect"],"picked":"Backstab","floor":29.0},{"not_picked":["Dagger Throw+1","Heel Hook","Slice"],"picked":"SKIP","floor":31.0}],"player_experience":1769648,"relics_obtained":[{"floor":7.0,"key":"Potion Belt"},{"floor":9.0,"key":"Boot"},{"floor":10.0,"key":"Meat on the Bone"},{"floor":23.0,"key":"Ancient Tea Set"},{"floor":26.0,"key":"Bag of Marbles"},{"floor":31.0,"key":"Gremlin Horn"}],"event_choices":[{"damage_healed":0.0,"max_hp_gain":0.0,"max_hp_loss":0.0,"gold_gain":0.0,"event_name":"Upgrade Shrine","player_choice":"Upgraded","floor":3.0,"gold_loss":0.0,"damage_taken":0.0,"cards_upgraded":["Poisoned Stab"]},{"damage_healed":0.0,"max_hp_gain":0.0,"max_hp_loss":0.0,"gold_gain":0.0,"event_name":"WeMeetAgain","player_choice":"Paid Gold","floor":5.0,"gold_loss":54.0,"damage_taken":0.0,"relics_obtained":["Ginger"]},{"damage_healed":0.0,"max_hp_gain":0.0,"max_hp_loss":0.0,"gold_gain":0.0,"event_name":"Ghosts","player_choice":"Ignored","floor":21.0,"gold_loss":0.0,"damage_taken":0.0},{"damage_healed":0.0,"max_hp_gain":0.0,"max_hp_loss":0.0,"gold_gain":0.0,"event_name":"The Mausoleum","player_choice":"Ignored","floor":22.0,"gold_loss":0.0,"damage_taken":0.0},{"damage_healed":0.0,"max_hp_gain":0.0,"max_hp_loss":0.0,"gold_gain":0.0,"event_name":"The Library","player_choice":"Read","floor":30.0,"gold_loss":0.0,"damage_taken":0.0,"cards_obtained":["PiercingWail"]}],"is_beta":true,"boss_relics":[{"not_picked":["Empty Cage","Coffee Dripper"],"picked":"Astrolabe"}],"items_purged_floors":[4,20],"is_endless":false,"potions_floor_spawned":[1,2,10,12,16,19,25],"killed_by":"Automaton","ascension_level":20}