{"gold_per_floor":[112,131,145,145,165,165,90,90,113,113,142,160,187,187,187,187],"floor_reached":16,"playtime":515,"items_purged":["Strike_R"],"score":179,"play_id":"6a8d8f2d-1c16-40b7-b9bf-0c5eb6ee5f2e","local_time":"20190724125336","is_ascension_mode":true,"campfire_choices":[{"data":"Corruption","floor":6,"key":"SMITH"},{"data":"Bash","floor":8,"key":"SMITH"},{"floor":15,"key":"REST"}],"neow_cost":"NONE","seed_source_timestamp":612491581479900,"circlet_count":0,"master_deck":["Strike_R+1","Strike_R+1","Strike_R","Strike_R","Defend_R","Defend_R","Defend_R","Defend_R","Bash+1","Corruption+1","Shrug It Off","Offering","Double Tap"],"relics":["Burning Blood","NeowsBlessing","Self Forming Clay","Bag of Marbles","Mango","Strawberry"],"potions_floor_usage":[5,13],"damage_taken":[{"damage":0,"enemies":"Cultist","floor":1,"turns":1},{"damage":0,"enemies":"Jaw Worm","floor":2,"turns":1},{"damage":0,"enemies":"2 Louse","floor":3,"turns":1},{"damage":1,"enemies":"Looter","floor":5,"turns":4},{"damage":42,"enemies":"3 Sentries","floor":11,"turns":11},{"damage":3,"enemies":"Exordium Wildlife","floor":12,"turns":4},{"damage":33,"enemies":"Lagavulin","floor":13,"turns":7},{"damage":59,"enemies":"Slime Boss","floor":16,"turns":5}],"seed_played":"7954652044815982400","potions_obtained":[{"floor":3,"key":"Fire Potion"},{"floor":12,"key":"Swift Potion"},{"floor":13,"key":"Energy Potion"}],"is_trial":false,"path_per_floor":["M","M","M","T","M","R","$","R","T","?","E","M","E","$","R","B"],"character_chosen":"IRONCLAD","items_purchased":[],"campfire_rested":1,"item_purchase_floors":[],"current_hp_per_floor":[78,80,80,80,80,80,80,80,80,64,42,45,25,25,55,0],"gold":187,"neow_bonus":"THREE_ENEMY_KILL","is_prod":false,"is_daily":false,"chose_seed":false,"campfire_upgraded":2,"win_rate":0,"timestamp":1563940416,"path_taken":["M","?","M","?","?","R","$","R","T","?","E","M","E","?","R","BOSS"],"build_version":"2019-07-17","purchased_purges":1,"victory":false,"max_hp_per_floor":[80,80,80,80,80,80,80,80,80,80,94,94,101,101,101,101],"card_choices":[{"not_picked":["Cleave","Twin Strike"],"picked":"Corruption","floor":1},{"not_picked":["Rampage","Clash","Havoc"],"picked":"SKIP","floor":2},{"not_picked":["Warcry","Anger"],"picked":"Shrug It Off","floor":3},{"not_picked":["Heavy Blade","Fire Breathing","Infernal Blade"],"picked":"SKIP","floor":5},{"not_picked":["Corruption","Spot Weakness","True Grit"],"picked":"SKIP","floor":11},{"not_picked":["Cleave","Headbutt"],"picked":"Offering","floor":12},{"not_picked":["Cleave","Perfected Strike"],"picked":"Double Tap","floor":13}],"player_experience":125837,"relics_obtained":[{"floor":4,"key":"Self Forming Clay"},{"floor":9,"key":"Bag of Marbles"},{"floor":11,"key":"Mango"},{"floor":13,"key":"Strawberry"}],"event_choices":[{"damage_healed":0,"gold_gain":0,"player_choice":"Entered Light","damage_taken":16,"max_hp_gain":0,"max_hp_loss":0,"event_name":"Shining Light","floor":10,"gold_loss":0,"cards_upgraded":["Strike_R","Strike_R"]}],"is_beta":false,"boss_relics":[],"items_purged_floors":[7],"is_endless":false,"potions_floor_spawned":[3,12,13],"killed_by":"Slime Boss","ascension_level":8}