{"gold_per_floor":[119,130,144,144,37,37,92,92,119,151,226,255,255,267,267,346,346,365,415,435,93,106,106,124,156,156,176,210,210,210,226,226,299,299,310,310,310,210,221,221,240,240],"floor_reached":42,"playtime":2785,"items_purged":["Strike_B","Defend_B"],"score":892,"play_id":"812a84ca-6720-4a67-a6fc-527324fc2c02","local_time":"20190301134104","is_ascension_mode":true,"campfire_choices":[{"data":"Defragment","floor":6,"key":"SMITH"},{"data":"Rip and Tear","floor":8,"key":"SMITH"},{"data":"Zap","floor":13,"key":"SMITH"},{"data":"Coolheaded","floor":15,"key":"SMITH"},{"data":"Buffer","floor":23,"key":"SMITH"},{"floor":30,"key":"REST"},{"floor":32,"key":"REST"},{"data":"Dualcast","floor":40,"key":"SMITH"}],"neow_cost":"TEN_PERCENT_HP_LOSS","seed_source_timestamp":930072739722017,"circlet_count":0,"master_deck":["AscendersBane","Defend_B","Defend_B+1","Defend_B","Zap+1","Dualcast+1","Rip and Tear+1","Coolheaded+1","Genetic Algorithm+1","Defragment+1","Cold Snap","Doom and Gloom","Buffer+1","Defragment+1","White Noise+1","Defragment+1","Recycle+1","Conserve Battery+1","Electrodynamics","Creative AI+1","Capacitor+1","BootSequence+1","Genetic Algorithm+1","Coolheaded"],"relics":["Cracked Core","Peace Pipe","Tiny Chest","Orichalcum","War Paint","Runic Pyramid","Singing Bowl","PreservedInsect","Bag of Preparation","Bottled Flame","Astrolabe"],"potions_floor_usage":[14,20,25,28,28,42,42],"damage_taken":[{"damage":2,"enemies":"Jaw Worm","floor":1,"turns":4},{"damage":0,"enemies":"2 Louse","floor":2,"turns":2},{"damage":4,"enemies":"Cultist","floor":3,"turns":4},{"damage":9,"enemies":"3 Sentries","floor":10,"turns":10},{"damage":11,"enemies":"Lagavulin","floor":12,"turns":7},{"damage":13,"enemies":"Lots of Slimes","floor":14,"turns":2},{"damage":10,"enemies":"Hexaghost","floor":16,"turns":9},{"damage":0,"enemies":"Spheric Guardian","floor":18,"turns":4},{"damage":11,"enemies":"Shell Parasite","floor":20,"turns":4},{"damage":0,"enemies":"3 Cultists","floor":22,"turns":5},{"damage":0,"enemies":"Shelled Parasite and Fungi","floor":24,"turns":5},{"damage":27,"enemies":"Book of Stabbing","floor":25,"turns":5},{"damage":0,"enemies":"Cultist and Chosen","floor":27,"turns":7},{"damage":9,"enemies":"Slavers","floor":28,"turns":3},{"damage":9,"enemies":"Colosseum Slavers","floor":29,"turns":4},{"damage":0,"enemies":"Centurion and Healer","floor":31,"turns":6},{"damage":4,"enemies":"Collector","floor":33,"turns":9},{"damage":0,"enemies":"3 Shapes","floor":35,"turns":3},{"damage":0,"enemies":"Orb Walker","floor":39,"turns":4},{"damage":1,"enemies":"Jaw Worm Horde","floor":41,"turns":5},{"damage":80,"enemies":"Reptomancer","floor":42,"turns":5}],"seed_played":"-4268990508083241067","potions_obtained":[{"floor":3,"key":"SkillPotion"},{"floor":12,"key":"Dexterity Potion"},{"floor":16,"key":"FearPotion"},{"floor":20,"key":"Dexterity Potion"},{"floor":24,"key":"LiquidBronze"},{"floor":25,"key":"PowerPotion"},{"floor":31,"key":"SkillPotion"},{"floor":35,"key":"Swift Potion"}],"is_trial":false,"path_per_floor":["M","M","M","?","$","R","T","R","T","E","?","E","R","M","R","B",null,"M","?","M","$","M","R","M","E","T","M","E","?","R","M","R","B",null,"M","?","$","$","M","R","M","E"],"character_chosen":"DEFECT","items_purchased":["Defragment","Cold Snap","Singing Bowl"],"campfire_rested":2,"item_purchase_floors":[5,5,21],"current_hp_per_floor":[62,62,58,63,63,63,63,63,63,54,43,32,32,19,19,9,54,54,54,43,43,45,45,45,20,20,20,11,2,23,23,44,40,65,67,67,67,67,67,67,66,0],"gold":240,"neow_bonus":"ONE_RARE_RELIC","is_prod":false,"is_daily":false,"chose_seed":false,"campfire_upgraded":6,"win_rate":0,"timestamp":1551447664,"path_taken":["M","M","M","?","$","R","?","R","T","E","?","E","R","M","R","BOSS","M","?","M","$","M","R","M","E","T","M","E","?","R","M","R","BOSS","M","?","?","$","M","R","M","E"],"build_version":"2019-02-06","purchased_purges":2,"victory":false,"max_hp_per_floor":[64,64,64,69,69,69,69,69,69,69,69,69,69,69,69,69,69,69,69,69,69,71,71,71,73,73,73,73,73,73,73,73,73,73,75,75,75,75,75,75,75,75],"card_choices":[{"not_picked":["Streamline","Fusion"],"picked":"Rip and Tear","floor":1},{"not_picked":["Leap","Compile Driver"],"picked":"Coolheaded","floor":2},{"not_picked":["Streamline","Static Discharge"],"picked":"Genetic Algorithm","floor":3},{"not_picked":["Redo","Turbo"],"picked":"Doom and Gloom","floor":10},{"not_picked":["Double Energy","Scrape","All For One"],"picked":"SKIP","floor":12},{"not_picked":["Auto Shields","Coolheaded","Steam"],"picked":"SKIP","floor":14},{"not_picked":["Reboot","Meteor Strike"],"picked":"Buffer","floor":16},{"not_picked":["Compile Driver","Stack"],"picked":"Defragment+1","floor":18},{"not_picked":["Cold Snap","Rip and Tear","Barrage+1"],"picked":"SKIP","floor":20},{"not_picked":["Rebound","Undo","Hologram"],"picked":"Singing Bowl","floor":22},{"not_picked":["Blizzard","Coolheaded"],"picked":"White Noise+1","floor":24},{"not_picked":["Leap","Stack","White Noise"],"picked":"Singing Bowl","floor":25},{"not_picked":["Consume","Barrage"],"picked":"Defragment","floor":27},{"not_picked":["Loop","Auto Shields"],"picked":"Recycle+1","floor":28},{"not_picked":["Rebound","Beam Cell+1"],"picked":"Conserve Battery+1","floor":31},{"not_picked":["Fission","Meteor Strike"],"picked":"Electrodynamics","floor":33},{"not_picked":["Doom and Gloom","Ball Lightning","Blizzard"],"picked":"Singing Bowl","floor":35},{"not_picked":["Defragment","Compile Driver"],"picked":"Genetic Algorithm+1","floor":39},{"not_picked":["Gash","Tempest"],"picked":"Coolheaded","floor":41}],"player_experience":1871766,"relics_obtained":[{"floor":7,"key":"Tiny Chest"},{"floor":10,"key":"Orichalcum"},{"floor":12,"key":"War Paint"},{"floor":25,"key":"PreservedInsect"},{"floor":26,"key":"Bag of Preparation"},{"floor":28,"key":"Bottled Flame"}],"event_choices":[{"damage_healed":0,"gold_gain":0,"player_choice":"Donut","damage_taken":0,"max_hp_gain":5,"max_hp_loss":0,"event_name":"Big Fish","floor":4,"gold_loss":0},{"damage_healed":0,"gold_gain":75,"player_choice":"Gather Gold","damage_taken":11,"max_hp_gain":0,"max_hp_loss":0,"event_name":"World of Goop","floor":11,"gold_loss":0},{"damage_healed":0,"gold_gain":50,"player_choice":"Stole From Cult","damage_taken":0,"max_hp_gain":0,"max_hp_loss":0,"event_name":"Nest","floor":19,"gold_loss":0},{"damage_healed":0,"gold_gain":0,"player_choice":"Fight","damage_taken":0,"max_hp_gain":0,"max_hp_loss":0,"event_name":"Colosseum","floor":29,"gold_loss":0},{"damage_healed":0,"gold_gain":0,"player_choice":"Fled From Nobs","damage_taken":0,"max_hp_gain":0,"max_hp_loss":0,"event_name":"Colosseum","floor":29,"gold_loss":0},{"damage_healed":0,"gold_gain":0,"player_choice":"Upgraded","damage_taken":0,"max_hp_gain":0,"max_hp_loss":0,"event_name":"Upgrade Shrine","floor":36,"gold_loss":0,"cards_upgraded":["Defragment"]}],"is_beta":true,"boss_relics":[{"not_picked":["Orrery","Ectoplasm"],"picked":"Runic Pyramid"},{"not_picked":["Pandora\u0027s Box","Eternal Feather"],"picked":"Astrolabe"}],"items_purged_floors":[21,38],"is_endless":false,"potions_floor_spawned":[3,12,16,20,24,25,29,31,35],"killed_by":"Reptomancer","ascension_level":20}