{"path_per_floor":["M","M","T","?","M","R","$","?","T","M","M","M","E","M","R","B",null,"M","?","?","?","M","M","R","M","T","$","?","M","M","M","R","B",null,"M","?","M","?","M","E","R","M","T","E","R","?","M","$","R","B"],"character_chosen":"IRONCLAD","items_purchased":["Shrug It Off","Toxic Egg 2","Blind","Toolbox"],"gold_per_floor":[113,128,128,128,142,142,17,17,40,58,76,93,121,141,141,246,246,257,257,257,257,271,289,289,303,350,5,5,15,33,47,47,145,145,164,164,177,177,189,214,214,227,227,253,253,253,273,11,11,11],"floor_reached":51,"campfire_rested":2,"playtime":3490,"item_purchase_floors":[],"current_hp_per_floor":[41,44,44,37,41,41,41,41,41,45,51,56,47,55,55,20,67,32,32,32,32,44,41,41,44,50,50,50,52,57,66,66,46,92,94,86,95,81,79,87,87,72,72,23,77,77,86,86,129,129],"items_purged":["Strike_R"],"gold":11,"score":1141,"play_id":"2eb71107-fca0-4162-bfad-6044d4a1d25d","local_time":"20180523183000","is_prod":false,"is_daily":false,"chose_seed":false,"is_ascension_mode":true,"campfire_upgraded":5,"win_rate":0.3469388,"timestamp":1527096600,"campfire_choices":[{"data":"Bash","floor":6.0,"key":"SMITH"},{"data":"Uppercut","floor":15.0,"key":"SMITH"},{"data":"Pommel Strike","floor":24.0,"key":"SMITH"},{"data":"Demon Form","floor":32.0,"key":"SMITH"},{"data":"Barricade","floor":41.0,"key":"SMITH"},{"floor":45,"key":"REST"},{"floor":49,"key":"REST"}],"path_taken":["M","M","?","?","M","R","$","?","T","M","M","?","E","M","R","BOSS","M","?","?","?","M","M","R","M","T","$","?","M","?","?","R","BOSS","M","?","M","?","M","E","R","M","T","E","R","?","M","$","R","BOSS"],"build_version":"2018-05-22","seed_source_timestamp":0,"purchased_purges":1,"victory":true,"master_deck":["Strike_R+1","Defend_R+1","Defend_R+1","Defend_R+1","Defend_R+1","Bash+1","AscendersBane","Pommel Strike+1","Shrug It Off","Shrug It Off","Uppercut+1","Iron Wave","Demon Form+1","Feed","True Grit+1","Feel No Pain","Warcry+1","Doubt","Blind+1","Flash of Steel","True Grit+1","Metallicize","Barricade+1","Sentinel+1","Dark Shackles+1","Deep Breath+1","Entrench+1","Madness+1","Madness+1","Shrug It Off+1","Disarm+1","True Grit+1"],"max_hp_per_floor":[80,80,80,80,80,80,80,80,80,80,80,80,80,82,82,82,82,82,82,82,82,87,90,90,93,99,99,99,99,102,107,107,107,107,107,109,112,112,115,117,117,122,122,124,126,126,129,129,129,129],"relics":["Burning Blood","Darkstone Periapt","Oddly Smooth Stone","Singing Bowl","Cursed Key","Regal Pillow","Toxic Egg 2","Mark of Pain","Dream Catcher","Bronze Scales","Toolbox"],"card_choices":[{"not_picked":["Havoc","Sword Boomerang"],"picked":"Pommel Strike","floor":1.0},{"not_picked":["Havoc","Cleave"],"picked":"Wild Strike","floor":2.0},{"not_picked":["Whirlwind","Body Slam"],"picked":"Shrug It Off","floor":5.0},{"not_picked":["Rampage","Second Wind"],"picked":"Uppercut","floor":10.0},{"not_picked":["Perfected Strike","Dual Wield","Sword Boomerang"],"picked":"SKIP","floor":11.0},{"not_picked":["Headbutt","Whirlwind"],"picked":"Iron Wave","floor":12.0},{"not_picked":["Seeing Red","Evolve"],"picked":"Demon Form","floor":13.0},{"not_picked":["Havoc","Entrench","Warcry"],"picked":"Singing Bowl","floor":14.0},{"not_picked":["Immolate","Fiend Fire"],"picked":"Feed","floor":16.0},{"not_picked":["Wild Strike+1","Perfected Strike"],"picked":"True Grit+1","floor":18.0},{"not_picked":["Iron Wave","Twin Strike","Pommel Strike"],"picked":"Singing Bowl","floor":22.0},{"not_picked":["Havoc+1","Ghostly Armor"],"picked":"Feel No Pain","floor":23.0},{"not_picked":["Thunderclap","Second Wind+1"],"picked":"Warcry+1","floor":25.0},{"not_picked":["Infernal Blade+1","Havoc+1"],"picked":"True Grit+1","floor":29.0},{"not_picked":["Headbutt+1","Flex+1"],"picked":"Metallicize","floor":30.0},{"not_picked":["Pommel Strike","Uppercut","Rampage"],"picked":"Singing Bowl","floor":31.0},{"not_picked":["Dark Embrace","Impervious+1"],"picked":"Barricade","floor":33.0},{"not_picked":["Iron Wave+1","Headbutt+1"],"picked":"Sentinel+1","floor":35.0},{"not_picked":["Blind","Purity"],"picked":"Dark Shackles","floor":36.0},{"not_picked":["Mind Blast","Dark Shackles"],"picked":"Deep Breath","floor":36.0},{"not_picked":["Swift Strike","Dramatic Entrance","Blind"],"picked":"Singing Bowl","floor":36.0},{"not_picked":["Uppercut","Disarm+1"],"picked":"Entrench+1","floor":37.0},{"not_picked":["Inflame+1","Flex+1"],"picked":"Shrug It Off+1","floor":39.0},{"not_picked":["Rage+1","Sentinel+1","Shockwave+1"],"picked":"Singing Bowl","floor":40.0},{"not_picked":["Sentinel+1","Anger","Thunderclap+1"],"picked":"Singing Bowl","floor":42.0},{"not_picked":["Intimidate+1","Brutality","Inflame"],"picked":"Singing Bowl","floor":44},{"not_picked":["Flex+1","Twin Strike+1","Dual Wield+1"],"picked":"Singing Bowl","floor":45},{"not_picked":["Armaments+1","Perfected Strike"],"picked":"Disarm+1","floor":47},{"not_picked":["Sword Boomerang+1","Uppercut+1"],"picked":"True Grit+1","floor":49}],"player_experience":603599,"potions_floor_usage":[44,44,44,50],"damage_taken":[{"damage":1.0,"enemies":"Cultist","floor":1.0,"turns":4.0},{"damage":3.0,"enemies":"Jaw Worm","floor":2.0,"turns":6.0},{"damage":2.0,"enemies":"2 Louse","floor":5.0,"turns":4.0},{"damage":2.0,"enemies":"Large Slime","floor":10.0,"turns":8.0},{"damage":0.0,"enemies":"2 Fungi Beasts","floor":11.0,"turns":3.0},{"damage":1.0,"enemies":"Blue Slaver","floor":12.0,"turns":4.0},{"damage":15.0,"enemies":"Lagavulin","floor":13.0,"turns":9.0},{"damage":0.0,"enemies":"Lots of Slimes","floor":14.0,"turns":4.0},{"damage":41.0,"enemies":"Hexaghost","floor":16.0,"turns":10.0},{"damage":41.0,"enemies":"3 Byrds","floor":18.0,"turns":8.0},{"damage":9.0,"enemies":"Chosen","floor":22.0,"turns":7.0},{"damage":12.0,"enemies":"Centurion and Healer","floor":23.0,"turns":8.0},{"damage":6.0,"enemies":"Snake Plant","floor":25.0,"turns":8.0},{"damage":4.0,"enemies":"Snecko","floor":29.0,"turns":6.0},{"damage":4.0,"enemies":"Centurion and Healer","floor":30.0,"turns":8.0},{"damage":2.0,"enemies":"Snake Plant","floor":31.0,"turns":9.0},{"damage":26.0,"enemies":"Collector","floor":33.0,"turns":12.0},{"damage":4.0,"enemies":"Orb Walker","floor":35.0,"turns":5.0},{"damage":0.0,"enemies":"3 Shapes","floor":37.0,"turns":7.0},{"damage":11.0,"enemies":"3 Darklings","floor":39.0,"turns":9.0},{"damage":0.0,"enemies":"Giant Head","floor":40.0,"turns":11.0},{"damage":26.0,"enemies":"Sphere and 2 Shapes","floor":42.0,"turns":11.0},{"damage":57,"enemies":"2 Orb Walkers","floor":44,"turns":7},{"damage":0,"enemies":"4 Shapes","floor":47,"turns":9},{"damage":6,"enemies":"Time Eater","floor":50,"turns":14}],"relics_obtained":[{"floor":3.0,"key":"Darkstone Periapt"},{"floor":9.0,"key":"Oddly Smooth Stone"},{"floor":13.0,"key":"Singing Bowl"},{"floor":26.0,"key":"Regal Pillow"},{"floor":40.0,"key":"Dream Catcher"},{"floor":44,"key":"Bronze Scales"}],"event_choices":[{"event_name":"Golden Wing","player_choice":"Card Removal","floor":4.0,"damage_taken":0.0},{"event_name":"Liars Game","player_choice":"disagreed","floor":8.0,"damage_taken":0.0},{"event_name":"Drug Dealer","player_choice":"Ignored","floor":19.0,"damage_taken":0.0},{"event_name":"Back to Basics","player_choice":"Simplicity","floor":20.0,"damage_taken":0.0},{"event_name":"Purifier","player_choice":"One Purge","floor":21.0,"damage_taken":0.0},{"event_name":"Match and Keep!","player_choice":"1 cards matched","floor":28.0,"damage_taken":0.0},{"event_name":"SensoryStone","player_choice":"Memory 3","floor":36.0,"damage_taken":0.0},{"event_name":"Winding Halls","player_choice":"Embrace Madness","floor":38.0,"damage_taken":0.0},{"event_name":"Tomb of Lord Red Mask","player_choice":"Ignored","floor":46,"damage_taken":0}],"boss_relics":[],"items_purged_floors":[],"potions_floor_spawned":[5,12,14,16,22,23,25,31,35,40,42,47],"seed_played":"9173840461533984572","ascension_level":11,"potions_obtained":[{"floor":5.0,"key":"Regen Potion"},{"floor":12.0,"key":"Fire Potion"},{"floor":14.0,"key":"LiquidBronze"},{"floor":16.0,"key":"Strength Potion"},{"floor":22.0,"key":"Dexterity Potion"},{"floor":23.0,"key":"SkillPotion"},{"floor":25.0,"key":"Fire Potion"},{"floor":31.0,"key":"Explosive Potion"},{"floor":35.0,"key":"SteroidPotion"},{"floor":47,"key":"Fire Potion"}],"is_trial":false}