{"gold_per_floor":[117,131,131,142,142,168,180,145,227,56,71,71,86,106,106,185,185,203,237,247,266,285,311,13,13,13,13,30,48,48,59,59,132,132,150,169,169,269,286,286,313,313,313,328,25,72,91,110,110,110],"floor_reached":51,"playtime":4945,"items_purged":["Strike_B","Decay"],"score":1139,"play_id":"acd03fad-4b50-40e6-b4c0-7108e036e1c3","local_time":"20190819001209","is_ascension_mode":true,"campfire_choices":[{"data":"Zap","floor":12,"key":"SMITH"},{"floor":15,"key":"REST"},{"floor":25,"key":"REST"},{"data":"Conserve Battery","floor":30,"key":"SMITH"},{"data":"Thunder Strike","floor":32,"key":"SMITH"},{"data":"Chrysalis","floor":40,"key":"SMITH"},{"data":"1","floor":49,"key":"LIFT"}],"neow_cost":"NONE","seed_source_timestamp":451834790389661,"circlet_count":0,"master_deck":["AscendersBane","Strike_B","Defend_B","Defend_B","Defend_B","Defend_B","Zap+1","Dualcast","Multi-Cast","Compile Driver","Ball Lightning","Electrodynamics","Capacitor","Self Repair+1","Ball Lightning","Coolheaded","Static Discharge+1","Biased Cognition+1","Genetic Algorithm","Undo","Coolheaded","Doom and Gloom","Storm+1","Defragment+1","Thunder Strike+1","Conserve Battery+1","Buffer+1","Leap","Fusion+1","Dark Shackles","Chrysalis+1","Panache+1","Redo+1","Skim","Defragment+1","Glacier"],"relics":["Cracked Core","Bird Faced Urn","Frozen Egg 2","Nuclear Battery","Red Mask","Happy Flower","Bag of Preparation","Kunai","Cursed Key","Girya","Anchor","Chemical X","Calipers"],"potions_floor_usage":[6,11,13,19,22,23,33,41,46,50,50],"damage_taken":[{"damage":1,"enemies":"Cultist","floor":1,"turns":3},{"damage":7,"enemies":"Jaw Worm","floor":2,"turns":3},{"damage":0,"enemies":"2 Louse","floor":4,"turns":2},{"damage":30,"enemies":"Lagavulin","floor":6,"turns":5},{"damage":8,"enemies":"Red Slaver","floor":7,"turns":3},{"damage":2,"enemies":"Blue Slaver","floor":11,"turns":3},{"damage":2,"enemies":"Exordium Wildlife","floor":13,"turns":4},{"damage":11,"enemies":"3 Louse","floor":14,"turns":2},{"damage":45,"enemies":"The Guardian","floor":16,"turns":10},{"damage":0,"enemies":"Chosen","floor":18,"turns":4},{"damage":28,"enemies":"Masked Bandits","floor":19,"turns":3},{"damage":0,"enemies":"3 Byrds","floor":20,"turns":1},{"damage":45,"enemies":"Snecko","floor":21,"turns":4},{"damage":2,"enemies":"Cultist and Chosen","floor":22,"turns":8},{"damage":39,"enemies":"Gremlin Leader","floor":23,"turns":5},{"damage":0,"enemies":"3 Cultists","floor":28,"turns":3},{"damage":17,"enemies":"Shelled Parasite and Fungi","floor":29,"turns":3},{"damage":7,"enemies":"Centurion and Healer","floor":31,"turns":4},{"damage":22,"enemies":"Collector","floor":33,"turns":7},{"damage":27,"enemies":"3 Darklings","floor":35,"turns":3},{"damage":0,"enemies":"3 Shapes","floor":36,"turns":3},{"damage":21,"enemies":"Mind Bloom Boss Battle","floor":38,"turns":6},{"damage":4,"enemies":"Transient","floor":39,"turns":5},{"damage":40,"enemies":"Giant Head","floor":41,"turns":8},{"damage":0,"enemies":"Spire Growth","floor":44,"turns":3},{"damage":9,"enemies":"2 Orb Walkers","floor":46,"turns":2},{"damage":5,"enemies":"Maw","floor":47,"turns":4},{"damage":0,"enemies":"Transient","floor":48,"turns":5},{"damage":30,"enemies":"Donu and Deca","floor":50,"turns":6}],"seed_played":"-8235336148629452761","potions_obtained":[{"floor":2,"key":"AttackPotion"},{"floor":7,"key":"Weak Potion"},{"floor":13,"key":"Ancient Potion"},{"floor":16,"key":"Strength Potion"},{"floor":19,"key":"Weak Potion"},{"floor":20,"key":"Explosive Potion"},{"floor":29,"key":"Strength Potion"},{"floor":39,"key":"SpeedPotion"},{"floor":41,"key":"SkillPotion"},{"floor":44,"key":"Strength Potion"},{"floor":47,"key":"Dexterity Potion"}],"is_trial":false,"path_per_floor":["M","M","?","M","?","E","M","?","T","$","M","R","M","M","R","B",null,"M","?","M","M","M","E","$","R","T","?","M","M","R","M","R","B",null,"M","M","?","?","M","R","E","?","T","M","$","?","M","M","R","B",null],"character_chosen":"DEFECT","items_purchased":["Self Repair+1","Ball Lightning","Block Potion","Defragment+1","Bag of Preparation","Chemical X"],"campfire_rested":2,"item_purchase_floors":[10,10,10,24,24,45],"current_hp_per_floor":[63,56,49,49,49,19,11,28,28,28,40,40,50,41,62,35,62,71,59,61,24,38,17,17,38,38,38,44,49,49,62,62,64,69,58,68,58,65,71,71,41,41,41,53,53,66,71,71,71,47],"gold":110,"neow_bonus":"ONE_RANDOM_RARE_CARD","is_prod":false,"is_daily":false,"chose_seed":false,"campfire_upgraded":4,"win_rate":0,"timestamp":1566198729,"path_taken":["M","?","?","M","?","E","?","?","T","?","M","R","M","M","R","BOSS","M","?","M","M","M","E","$","R","T","?","M","M","R","M","R","BOSS","M","M","?","?","M","R","E","?","T","M","$","?","M","?","R","BOSS"],"build_version":"2019-07-17","purchased_purges":2,"victory":true,"max_hp_per_floor":[71,71,71,71,71,71,71,71,71,71,71,71,71,71,71,71,71,71,71,71,71,71,71,71,71,71,71,71,71,71,71,71,71,71,71,71,71,71,71,71,71,71,71,71,71,71,71,71,71,71],"card_choices":[{"not_picked":["Recycle","Leap"],"picked":"Compile Driver","floor":1},{"not_picked":["Leap","Stack"],"picked":"Sweeping Beam","floor":2},{"not_picked":["Leap","Barrage"],"picked":"Ball Lightning","floor":4},{"not_picked":["Capacitor","Genetic Algorithm"],"picked":"Electrodynamics","floor":6},{"not_picked":["Double Energy","White Noise"],"picked":"Capacitor","floor":7},{"not_picked":["Turbo","Steam"],"picked":"Coolheaded","floor":11},{"not_picked":["Gash","Streamline"],"picked":"Static Discharge+1","floor":13},{"not_picked":["Sweeping Beam","BootSequence","Ball Lightning"],"picked":"SKIP","floor":14},{"not_picked":["Multi-Cast","All For One"],"picked":"Biased Cognition+1","floor":16},{"not_picked":["Go for the Eyes","Hello World+1"],"picked":"Genetic Algorithm","floor":18},{"not_picked":["Go for the Eyes","Static Discharge+1"],"picked":"Undo","floor":19},{"not_picked":["Redo","Stack+1"],"picked":"Coolheaded","floor":20},{"not_picked":["Undo","Reprogram"],"picked":"Doom and Gloom","floor":21},{"not_picked":["Gash","Compile Driver","Beam Cell"],"picked":"SKIP","floor":22},{"not_picked":["Blizzard","Sweeping Beam"],"picked":"Storm+1","floor":23},{"not_picked":["Redo","Melter"],"picked":"Thunder Strike","floor":28},{"not_picked":["Doom and Gloom","Gash+1"],"picked":"Conserve Battery","floor":29},{"not_picked":["Hologram","Aggregate","Stack"],"picked":"SKIP","floor":31},{"not_picked":["Thunder Strike","Seek"],"picked":"Buffer+1","floor":33},{"not_picked":["Rip and Tear+1","Doom and Gloom"],"picked":"Leap","floor":35},{"not_picked":["Barrage","Go for the Eyes+1"],"picked":"Fusion+1","floor":36},{"not_picked":["Swift Strike","Dramatic Entrance"],"picked":"Dark Shackles","floor":37},{"not_picked":["Jack Of All Trades","Deep Breath"],"picked":"Chrysalis","floor":37},{"not_picked":["Discovery","Metamorphosis"],"picked":"Panache+1","floor":37},{"not_picked":["Barrage+1","Static Discharge+1"],"picked":"Redo+1","floor":38},{"not_picked":["Streamline","Leap"],"picked":"Skim","floor":39},{"not_picked":["Steam","Leap","Barrage+1"],"picked":"SKIP","floor":41},{"not_picked":["Leap+1","Streamline"],"picked":"Defragment+1","floor":44},{"not_picked":["Hello World+1","Sweeping Beam+1","Conserve Battery"],"picked":"SKIP","floor":47},{"not_picked":["Sweeping Beam","Steam"],"picked":"Glacier","floor":48}],"player_experience":653518,"relics_obtained":[{"floor":6,"key":"Bird Faced Urn"},{"floor":9,"key":"Frozen Egg 2"},{"floor":19,"key":"Red Mask"},{"floor":23,"key":"Happy Flower"},{"floor":26,"key":"Kunai"},{"floor":38,"key":"Girya"},{"floor":41,"key":"Anchor"},{"floor":46,"key":"Calipers"}],"event_choices":[{"cards_removed":["Strike_B"],"damage_healed":0,"gold_gain":0,"player_choice":"Card Removal","damage_taken":7,"max_hp_gain":0,"max_hp_loss":0,"event_name":"Golden Wing","floor":3,"gold_loss":0},{"cards_removed":["Strike_B"],"damage_healed":0,"gold_gain":0,"player_choice":"Purged","damage_taken":0,"max_hp_gain":0,"max_hp_loss":0,"event_name":"Purifier","floor":5,"gold_loss":0},{"damage_healed":17,"gold_gain":0,"player_choice":"Healed","damage_taken":0,"max_hp_gain":0,"max_hp_loss":0,"event_name":"The Cleric","floor":8,"gold_loss":35},{"damage_healed":0,"gold_gain":0,"player_choice":"Fought Bandits","damage_taken":0,"max_hp_gain":0,"max_hp_loss":0,"event_name":"Masked Bandits","floor":19,"gold_loss":0},{"damage_healed":0,"gold_gain":0,"player_choice":"Smashed Altar","damage_taken":0,"max_hp_gain":0,"max_hp_loss":0,"event_name":"Forgotten Altar","floor":27,"gold_loss":0,"cards_obtained":["Decay"]},{"damage_healed":0,"gold_gain":0,"player_choice":"Memory 3","damage_taken":10,"max_hp_gain":0,"max_hp_loss":0,"event_name":"SensoryStone","floor":37,"gold_loss":0},{"damage_healed":0,"gold_gain":0,"player_choice":"Fight","damage_taken":0,"max_hp_gain":0,"max_hp_loss":0,"event_name":"MindBloom","floor":38,"gold_loss":0},{"cards_removed":["Sweeping Beam"],"damage_healed":0,"gold_gain":0,"player_choice":"Removed Attack","damage_taken":0,"max_hp_gain":0,"max_hp_loss":0,"event_name":"Falling","floor":42,"gold_loss":0},{"damage_healed":0,"gold_gain":0,"player_choice":"Fight","damage_taken":0,"max_hp_gain":0,"max_hp_loss":0,"event_name":"Mysterious Sphere","floor":46,"gold_loss":0}],"is_beta":false,"boss_relics":[{"not_picked":["Empty Cage","Pandora\u0027s Box"],"picked":"Nuclear Battery"},{"not_picked":["Philosopher\u0027s Stone","FrozenCore"],"picked":"Cursed Key"}],"items_purged_floors":[24,45],"is_endless":false,"potions_floor_spawned":[2,7,13,16,18,19,20,29,39,41,44,47],"ascension_level":14}