{"gold_per_floor":[19,38,51,69,84,84,103,103,103,103,58,73,73,73,73,162,162,176,176,189,30,80,80,116,116,116,140,140,140],"floor_reached":29,"playtime":1326,"items_purged":[],"score":447,"play_id":"0acb5838-b91a-468d-80f6-412e2176715d","local_time":"20180826225719","is_ascension_mode":true,"campfire_choices":[{"data":"Armaments","floor":6,"key":"SMITH"},{"data":"Bash","floor":8,"key":"SMITH"},{"data":"Clothesline","floor":10,"key":"SMITH"},{"data":"True Grit","floor":13,"key":"SMITH"},{"floor":15,"key":"REST"},{"data":"Spot Weakness","floor":23,"key":"SMITH"},{"floor":25,"key":"REST"},{"data":"Rampage","floor":28,"key":"SMITH"}],"neow_cost":"NO_GOLD","seed_source_timestamp":779220077412660,"circlet_count":0,"master_deck":["Strike_R","Strike_R","Strike_R","Strike_R","Strike_R","Defend_R","Defend_R","Defend_R","Defend_R","Bash+1","AscendersBane","Offering","Ghostly Armor","Armaments+1","Clothesline+1","Twin Strike","Rampage+1","True Grit+1","Impervious","Spot Weakness+1","Intimidate","Battle Trance","Barricade","Battle Trance"],"relics":["Burning Blood","Bottled Lightning","Golden Idol","Snecko Eye","Molten Egg 2","Bottled Flame"],"potions_floor_usage":[12,29],"damage_taken":[{"damage":10,"enemies":"Small Slimes","floor":1,"turns":4},{"damage":2,"enemies":"Jaw Worm","floor":2,"turns":5},{"damage":1,"enemies":"2 Louse","floor":3,"turns":4},{"damage":6,"enemies":"Large Slime","floor":4,"turns":7},{"damage":39,"enemies":"Gremlin Gang","floor":5,"turns":6},{"damage":7,"enemies":"2 Fungi Beasts","floor":7,"turns":3},{"damage":16,"enemies":"Exordium Thugs","floor":12,"turns":5},{"damage":48,"enemies":"Slime Boss","floor":16,"turns":11},{"damage":0,"enemies":"Chosen","floor":18,"turns":5},{"damage":20,"enemies":"Spheric Guardian","floor":20,"turns":7},{"damage":36,"enemies":"Gremlin Leader","floor":24,"turns":13},{"damage":9,"enemies":"Snake Plant","floor":27,"turns":6},{"damage":47,"enemies":"3 Cultists","floor":29,"turns":4}],"seed_played":"-2335476620519443091","potions_obtained":[{"floor":1,"key":"Weak Potion"},{"floor":3,"key":"Ancient Potion"},{"floor":24,"key":"GamblersBrew"}],"is_trial":false,"path_per_floor":["M","M","M","M","M","R","M","R","T","R","$","M","R","?","R","B",null,"M","?","M","$","?","R","E","R","T","M","R"],"character_chosen":"IRONCLAD","items_purchased":["Rampage","Barricade"],"campfire_rested":2,"item_purchase_floors":[11,21],"current_hp_per_floor":[64,68,73,73,40,40,39,39,39,39,39,29,29,29,49,7,53,59,59,45,45,45,45,15,35,35,32,32,0],"gold":140,"neow_bonus":"THREE_RARE_CARDS","is_prod":false,"is_daily":false,"chose_seed":false,"campfire_upgraded":6,"win_rate":0,"timestamp":1535320639,"path_taken":["M","M","M","M","M","R","M","R","T","R","$","M","R","?","R","BOSS","M","?","M","?","?","R","E","R","T","?","R","M"],"build_version":"2018-08-23v2","purchased_purges":0,"victory":false,"max_hp_per_floor":[75,75,75,75,75,75,75,75,75,75,75,75,75,68,68,68,68,68,68,68,68,68,68,68,68,68,68,68,68],"card_choices":[{"not_picked":["Berserk","Juggernaut"],"picked":"Offering","floor":0},{"not_picked":["Evolve","Feel No Pain"],"picked":"Ghostly Armor","floor":1},{"not_picked":["Pommel Strike","Sword Boomerang"],"picked":"Armaments","floor":2},{"not_picked":["Sword Boomerang","Anger"],"picked":"Clothesline","floor":3},{"not_picked":["Wild Strike","Shrug It Off"],"picked":"Twin Strike","floor":4},{"not_picked":["Flex","Seeing Red","Rupture"],"picked":"SKIP","floor":5},{"not_picked":["Twin Strike","Berserk","Thunderclap"],"picked":"SKIP","floor":7},{"not_picked":["Infernal Blade","Combust"],"picked":"True Grit","floor":12},{"not_picked":["Barricade","Juggernaut"],"picked":"Impervious","floor":16},{"not_picked":["Clothesline","Twin Strike"],"picked":"Spot Weakness","floor":18},{"not_picked":["Clothesline","Anger"],"picked":"Battle Trance","floor":20},{"not_picked":["Thunderclap","Rupture"],"picked":"Battle Trance","floor":24},{"not_picked":["Seeing Red","Perfected Strike+1","Dropkick+1"],"picked":"SKIP","floor":27}],"player_experience":1190947,"relics_obtained":[{"floor":9,"key":"Bottled Lightning"},{"floor":24,"key":"Molten Egg 2"},{"floor":26,"key":"Bottled Flame"}],"event_choices":[{"event_name":"Golden Idol","player_choice":"Lose Max HP","floor":14,"damage_taken":0},{"event_name":"Match and Keep!","player_choice":"1 cards matched","floor":19,"damage_taken":0},{"event_name":"Nest","player_choice":"Stole From Cult","floor":22,"damage_taken":0}],"is_beta":true,"boss_relics":[{"not_picked":["Velvet Choker","Runic Cube"],"picked":"Snecko Eye"}],"items_purged_floors":[],"is_endless":false,"potions_floor_spawned":[1,3,7,24],"killed_by":"3 Cultists","ascension_level":18}