{"gold_per_floor":[111,24,40,53,1,1,34,34,34,44,44,79,79,4,4,78,78,98,98,148,48,48,48,63,63,141,141,170,182,3,31,31,31],"floor_reached":33,"playtime":1199,"items_purged":["Strike_G","Strike_G","Pain"],"score":578,"play_id":"491874f0-97d2-476f-b021-f7aa9fff3e42","local_time":"20190813180024","is_ascension_mode":true,"campfire_choices":[{"data":"Dagger Throw","floor":6.0,"key":"SMITH"},{"data":"Bouncing Flask","floor":11.0,"key":"SMITH"},{"data":"Poisoned Stab","floor":13.0,"key":"SMITH"},{"data":"Well Laid Plans","floor":15.0,"key":"SMITH"},{"data":"Crippling Poison","floor":23,"key":"SMITH"},{"data":"Caltrops","floor":25,"key":"SMITH"},{"data":"Masterful Stab","floor":27,"key":"SMITH"},{"floor":32,"key":"REST"}],"neow_cost":"NONE","seed_source_timestamp":391564424186200,"circlet_count":0,"master_deck":["AscendersBane","Strike_G","Strike_G","Defend_G","Defend_G","Defend_G","Defend_G","Defend_G","Survivor","Neutralize+1","Well Laid Plans+1","Dagger Throw+1","Flying Knee","Bouncing Flask+1","Poisoned Stab+1","Masterful Stab+1","Bullet Time","Dodge and Roll","Crippling Poison+1","Caltrops+1","Backstab","Dodge and Roll"],"special_seed":0,"relics":["Ring of the Snake","Pear","Bag of Marbles","Darkstone Periapt","Cursed Key","Meat on the Bone","Bag of Preparation","Lantern"],"potions_floor_usage":[16,28,31],"damage_taken":[{"damage":0.0,"enemies":"Small Slimes","floor":1.0,"turns":5.0},{"damage":1.0,"enemies":"Cultist","floor":3.0,"turns":6.0},{"damage":1.0,"enemies":"Jaw Worm","floor":4.0,"turns":4.0},{"damage":24.0,"enemies":"Gremlin Nob","floor":7.0,"turns":4.0},{"damage":0.0,"enemies":"Blue Slaver","floor":10.0,"turns":4.0},{"damage":2.0,"enemies":"Lagavulin","floor":12.0,"turns":6.0},{"damage":44,"enemies":"Slime Boss","floor":16,"turns":10},{"damage":3,"enemies":"2 Thieves","floor":18,"turns":4},{"damage":0,"enemies":"Spheric Guardian","floor":24,"turns":3},{"damage":18,"enemies":"Slavers","floor":28,"turns":4},{"damage":30,"enemies":"Shelled Parasite and Fungi","floor":29,"turns":4},{"damage":11,"enemies":"Book of Stabbing","floor":31,"turns":4},{"damage":61,"enemies":"Champ","floor":33,"turns":12}],"seed_played":"-7393405699642126775","potions_obtained":[{"floor":3.0,"key":"Strength Potion"},{"floor":10.0,"key":"Regen Potion"},{"floor":16,"key":"Swift Potion"},{"floor":18,"key":"Explosive Potion"}],"is_trial":false,"path_per_floor":["M","$","M","M","$","R","E","?","T","M","R","E","R","$","R","B",null,"M","?","?","$","?","R","M","R","T","R","E","M","$","E","R","B"],"character_chosen":"THE_SILENT","items_purchased":["Well Laid Plans","Flying Knee","Strength Potion"],"campfire_rested":1,"item_purchase_floors":[2,5,30],"current_hp_per_floor":[59,59,58,57,57,57,43,43,43,43,43,41,41,41,41,11,60,57,57,57,57,57,57,57,57,63,63,45,27,27,28,52,0],"gold":31,"neow_bonus":"UPGRADE_CARD","is_prod":false,"is_daily":false,"chose_seed":false,"campfire_upgraded":7,"win_rate":0,"timestamp":1565715624,"path_taken":["M","$","M","M","$","R","E","?","T","M","R","E","R","?","R","BOSS","M","?","?","$","?","R","M","R","T","R","E","M","?","E","R","BOSS"],"build_version":"2019-07-18","purchased_purges":3,"victory":false,"max_hp_per_floor":[66,66,66,66,66,66,76,76,76,76,76,76,76,76,76,76,76,76,76,76,76,76,76,76,76,82,82,82,82,82,82,82,82],"card_choices":[{"not_picked":["Deflect","Dodge and Roll","Distraction"],"picked":"SKIP","floor":1.0},{"not_picked":["Sucker Punch","Concentrate"],"picked":"Dagger Throw","floor":3.0},{"not_picked":["Acrobatics","Underhanded Strike","Burst"],"picked":"SKIP","floor":4.0},{"not_picked":["Flying Knee","Blade Dance"],"picked":"Bouncing Flask","floor":7.0},{"not_picked":["Terror","Blur"],"picked":"Poisoned Stab","floor":10.0},{"not_picked":["Quick Slash","Phantasmal Killer"],"picked":"Masterful Stab","floor":12.0},{"not_picked":["Storm of Steel","Night Terror"],"picked":"Bullet Time","floor":16},{"not_picked":["Cloak And Dagger","Terror"],"picked":"Dodge and Roll","floor":18},{"not_picked":["Backflip","Heel Hook"],"picked":"Caltrops","floor":24},{"not_picked":["Outmaneuver","Expertise"],"picked":"Backstab","floor":28},{"not_picked":["Heel Hook+1","Bane","Dagger Throw"],"picked":"SKIP","floor":29},{"not_picked":["Quick Slash","Caltrops"],"picked":"Dodge and Roll","floor":31}],"player_experience":2312453,"relics_obtained":[{"floor":7.0,"key":"Pear"},{"floor":9.0,"key":"Bag of Marbles"},{"floor":12.0,"key":"Darkstone Periapt"},{"floor":26,"key":"Meat on the Bone"},{"floor":28,"key":"Bag of Preparation"},{"floor":31,"key":"Lantern"}],"event_choices":[{"cards_removed":["Strike_G"],"damage_healed":0.0,"max_hp_gain":0.0,"max_hp_loss":0.0,"gold_gain":0.0,"event_name":"Purifier","player_choice":"Purged","floor":8.0,"gold_loss":0.0,"damage_taken":0.0},{"damage_healed":0,"gold_gain":0,"player_choice":"Ignored","damage_taken":0,"max_hp_gain":0,"max_hp_loss":0,"event_name":"The Mausoleum","floor":19,"gold_loss":0},{"damage_healed":0,"gold_gain":50,"player_choice":"Stole From Cult","damage_taken":0,"max_hp_gain":0,"max_hp_loss":0,"event_name":"Nest","floor":20,"gold_loss":0},{"damage_healed":0,"gold_gain":0,"player_choice":"Read","damage_taken":0,"max_hp_gain":0,"max_hp_loss":0,"event_name":"The Library","floor":22,"gold_loss":0,"cards_obtained":["Crippling Poison"]}],"is_beta":true,"boss_relics":[{"not_picked":["Ring of the Serpent","Orrery"],"picked":"Cursed Key"}],"items_purged_floors":[14,21,30],"is_endless":false,"potions_floor_spawned":[3,10,16,18],"killed_by":"Champ","ascension_level":20}