{"gold_per_floor":[18,18,37,37,37,37,72,87,87,112,123,49,49,67,67,146,146,161,118,43,43],"floor_reached":21,"playtime":816,"items_purged":["Strike_R"],"score":378,"play_id":"dc53c7fa-9305-4431-837f-517df2ad3aba","local_time":"20190625215003","is_ascension_mode":true,"campfire_choices":[{"data":"Clothesline","floor":6,"key":"SMITH"},{"data":"Inflame","floor":13,"key":"SMITH"},{"data":"Rupture","floor":15,"key":"SMITH"}],"neow_cost":"NO_GOLD","seed_source_timestamp":76615245837758,"circlet_count":0,"master_deck":["AscendersBane","Strike_R","Strike_R","Defend_R","Defend_R","Defend_R","Defend_R","Bash+1","Cleave","Clothesline+1","Pain","Twin Strike","Rupture+1","True Grit","Inflame+1","Limit Break","Bloodletting"],"relics":["Burning Blood","Question Card","WarpedTongs","Darkstone Periapt","Self Forming Clay","Ornamental Fan","Empty Cage"],"potions_floor_usage":[16,21],"damage_taken":[{"damage":12,"enemies":"Small Slimes","floor":1,"turns":4},{"damage":1,"enemies":"Cultist","floor":3,"turns":3},{"damage":27,"enemies":"Lagavulin","floor":7,"turns":7},{"damage":3,"enemies":"Jaw Worm","floor":8,"turns":3},{"damage":21,"enemies":"Gremlin Nob","floor":10,"turns":4},{"damage":13,"enemies":"Large Slime","floor":11,"turns":6},{"damage":14,"enemies":"Gremlin Gang","floor":14,"turns":4},{"damage":19,"enemies":"Hexaghost","floor":16,"turns":9},{"damage":29,"enemies":"Chosen","floor":18,"turns":7},{"damage":47,"enemies":"2 Thieves","floor":19,"turns":5},{"damage":25,"enemies":"Snecko","floor":21,"turns":5}],"seed_played":"-5701866968449296630","potions_obtained":[{"floor":1,"key":"Weak Potion"},{"floor":7,"key":"GamblersBrew"},{"floor":8,"key":"FearPotion"},{"floor":11,"key":"Regen Potion"},{"floor":19,"key":"Poison Potion"}],"is_trial":false,"path_per_floor":["M","?","M","?","?","R","E","M","T","E","M","$","R","M","R","B",null,"M","M","$","M"],"character_chosen":"IRONCLAD","items_purchased":["Inflame"],"campfire_rested":0,"item_purchase_floors":[12],"current_hp_per_floor":[76,76,81,81,81,81,60,63,63,48,41,41,41,33,33,20,72,49,8,8,0],"gold":43,"neow_bonus":"TWENTY_PERCENT_HP_BONUS","is_prod":false,"is_daily":false,"chose_seed":false,"campfire_upgraded":3,"win_rate":0,"timestamp":1561495803,"path_taken":["M","?","?","?","?","R","E","M","T","E","M","$","R","M","R","BOSS","M","?","$","M"],"build_version":"2019-06-24","purchased_purges":1,"victory":false,"max_hp_per_floor":[89,89,89,89,89,89,89,89,89,89,89,89,89,89,89,89,89,89,89,89,89],"card_choices":[{"not_picked":["Whirlwind","Sentinel"],"picked":"Cleave","floor":1},{"not_picked":["True Grit","Body Slam","Second Wind"],"picked":"Clothesline","floor":3},{"not_picked":["Ghostly Armor","Entrench","Havoc"],"picked":"Twin Strike","floor":7},{"not_picked":["Flex","Perfected Strike","Searing Blow","Power Through"],"picked":"SKIP","floor":8},{"not_picked":["Infernal Blade","Rampage","Carnage"],"picked":"Rupture","floor":10},{"not_picked":["Cleave","Fire Breathing","Heavy Blade"],"picked":"True Grit","floor":11},{"not_picked":["Rupture","Corruption","Perfected Strike","Armaments"],"picked":"SKIP","floor":14},{"not_picked":["Impervious","Feed","Dark Embrace"],"picked":"Limit Break","floor":16},{"not_picked":["Thunderclap","Pommel Strike","Warcry"],"picked":"Bloodletting","floor":18},{"not_picked":["Anger","Flex+1","Headbutt","Iron Wave+1"],"picked":"SKIP","floor":19}],"player_experience":2153039,"relics_obtained":[{"floor":7,"key":"Darkstone Periapt"},{"floor":9,"key":"Self Forming Clay"},{"floor":10,"key":"Ornamental Fan"}],"event_choices":[{"damage_healed":0,"gold_gain":0,"player_choice":"Gave Potion","damage_taken":0,"relics_obtained":["Question Card"],"max_hp_gain":0,"max_hp_loss":0,"event_name":"WeMeetAgain","floor":2,"gold_loss":0},{"damage_healed":0,"gold_gain":0,"player_choice":"Grow","damage_taken":0,"max_hp_gain":0,"max_hp_loss":0,"event_name":"Living Wall","floor":4,"gold_loss":0,"cards_upgraded":["Bash"]},{"damage_healed":0,"gold_gain":0,"player_choice":"Rummage","damage_taken":0,"relics_obtained":["WarpedTongs"],"max_hp_gain":0,"max_hp_loss":0,"event_name":"Accursed Blacksmith","floor":5,"gold_loss":0,"cards_obtained":["Pain"]}],"is_beta":true,"boss_relics":[{"not_picked":["Mark of Pain","Runic Cube"],"picked":"Empty Cage"}],"items_purged_floors":[20],"is_endless":false,"potions_floor_spawned":[1,7,8,11,19],"killed_by":"Snecko","ascension_level":20}