{"gold_per_floor":[115,190,210,210,229,229,33,33,33,45,45,45,72,90,90,167,167,179,454,4,4,24,24,44,44,115,130,164,18,18,77,77,154,154,165,265,277,277,293,293,293,293,293,319,319,330,330],"floor_reached":47,"playtime":3293,"items_purged":["Strike_R","Regret"],"score":978,"play_id":"396f0856-aff1-40ab-8267-6ec2c7787a6a","local_time":"20190817093300","is_ascension_mode":true,"campfire_choices":[{"data":"Whirlwind","floor":6,"key":"SMITH"},{"data":"Evolve","floor":12,"key":"SMITH"},{"data":"Headbutt","floor":15,"key":"SMITH"},{"data":"Feed","floor":23,"key":"SMITH"},{"floor":25,"key":"REST"},{"data":"Panacea","floor":30,"key":"SMITH"},{"data":"Flex","floor":32,"key":"SMITH"},{"floor":40,"key":"REST"},{"data":"True Grit","floor":41,"key":"SMITH"},{"floor":42,"key":"REST"},{"floor":45,"key":"REST"}],"neow_cost":"NONE","seed_source_timestamp":314288546786141,"circlet_count":0,"master_deck":["AscendersBane","Strike_R","Strike_R","Strike_R","Strike_R","Defend_R+1","Defend_R+1","Defend_R","Defend_R","Bash","Brutality","Anger","Whirlwind+1","Iron Wave","Evolve+1","Blood for Blood","Headbutt+1","Corruption","Feed+1","Panacea+1","Blood for Blood","True Grit+1","Immolate","Feel No Pain","Flex+1","Impervious","Sentinel+1","Iron Wave","Burning Pact+1","Parasite"],"special_seed":0,"relics":["Burning Blood","Art of War","War Paint","Singing Bowl","Mark of Pain","Chemical X","Centennial Puzzle","Bottled Flame","Bottled Tornado","Vajra","Tiny Chest","Philosopher\u0027s Stone","WingedGreaves","Darkstone Periapt","Boot"],"potions_floor_usage":[13,13,16,28,33,33,44,44],"damage_taken":[{"damage":8.0,"enemies":"2 Louse","floor":1.0,"turns":3.0},{"damage":9.0,"enemies":"Jaw Worm","floor":3.0,"turns":4.0},{"damage":3,"enemies":"Small Slimes","floor":5,"turns":3},{"damage":1,"enemies":"Exordium Wildlife","floor":10,"turns":4},{"damage":14,"enemies":"Lagavulin","floor":13,"turns":6},{"damage":2,"enemies":"Blue Slaver","floor":14,"turns":4},{"damage":22,"enemies":"Slime Boss","floor":16,"turns":6},{"damage":1,"enemies":"3 Byrds","floor":18,"turns":3},{"damage":17,"enemies":"Shell Parasite","floor":22,"turns":8},{"damage":37,"enemies":"Snake Plant","floor":24,"turns":4},{"damage":6,"enemies":"3 Cultists","floor":27,"turns":3},{"damage":0,"enemies":"Slavers","floor":28,"turns":1},{"damage":16,"enemies":"Gremlin Leader","floor":31,"turns":4},{"damage":65,"enemies":"Collector","floor":33,"turns":7},{"damage":11,"enemies":"Orb Walker","floor":35,"turns":4},{"damage":40,"enemies":"Mind Bloom Boss Battle","floor":36,"turns":6},{"damage":16,"enemies":"3 Shapes","floor":37,"turns":1},{"damage":0,"enemies":"3 Darklings","floor":39,"turns":1},{"damage":110,"enemies":"Giant Head","floor":44,"turns":9},{"damage":40,"enemies":"Writhing Mass","floor":46,"turns":5},{"damage":52,"enemies":"Transient","floor":47,"turns":4}],"seed_played":"6168764709477151466","potions_obtained":[{"floor":5,"key":"AttackPotion"},{"floor":13,"key":"Strength Potion"},{"floor":24,"key":"SteroidPotion"},{"floor":31,"key":"SkillPotion"},{"floor":36,"key":"Dexterity Potion"},{"floor":37,"key":"Regen Potion"}],"is_trial":false,"path_per_floor":["M","?","M","?","M","R","$","?","T","M","?","R","E","M","R","B",null,"M","?","$","T","M","R","M","R","T","M","E","$","R","E","R","B",null,"M","?","M","?","M","R","R","R","T","E","R","M","M"],"character_chosen":"IRONCLAD","items_purchased":["Evolve","Strength Potion","Strength Potion","Panacea","Chemical X","Vajra"],"campfire_rested":4,"item_purchase_floors":[7,7,20,20,20,29],"current_hp_per_floor":[66,55,52,57,60,60,60,49,49,54,54,54,46,50,50,34,69,79,79,79,79,71,71,44,71,71,75,81,81,81,71,71,12,75,74,40,32,32,40,71,71,102,102,16,48,26,0],"gold":330,"neow_bonus":"ONE_RANDOM_RARE_CARD","is_prod":false,"is_daily":false,"chose_seed":false,"campfire_upgraded":7,"win_rate":0,"timestamp":1566059580,"path_taken":["M","?","M","?","M","R","$","?","T","M","?","R","E","?","R","BOSS","M","?","$","?","M","R","M","R","T","M","E","$","R","E","R","BOSS","M","?","M","?","M","R","R","R","T","E","R","M","M"],"build_version":"2019-07-17","purchased_purges":2,"victory":false,"max_hp_per_floor":[75,75,75,80,80,80,80,80,80,80,80,80,80,80,80,80,80,85,85,85,85,88,88,92,92,92,96,96,96,96,96,96,96,96,100,100,102,102,104,104,104,104,104,108,108,120,120],"card_choices":[{"not_picked":["Body Slam","Iron Wave"],"picked":"Anger","floor":1.0},{"not_picked":["Rage","Armaments"],"picked":"Whirlwind","floor":3.0},{"not_picked":["Anger","Wild Strike"],"picked":"Iron Wave","floor":5},{"not_picked":["Wild Strike","Brutality"],"picked":"Blood for Blood","floor":10},{"not_picked":["Warcry","Whirlwind"],"picked":"Headbutt","floor":13},{"not_picked":["Sentinel","Rampage"],"picked":"Corruption","floor":14},{"not_picked":["Immolate","Exhume"],"picked":"Feed","floor":16},{"not_picked":["Clothesline","Flex","Intimidate"],"picked":"Singing Bowl","floor":18},{"not_picked":["Body Slam","Clash"],"picked":"Blood for Blood","floor":22},{"not_picked":["Intimidate","Perfected Strike"],"picked":"True Grit","floor":24},{"not_picked":["Headbutt","Body Slam"],"picked":"Immolate","floor":27},{"not_picked":["Thunderclap","Clothesline"],"picked":"Feel No Pain","floor":28},{"not_picked":["Rage","Perfected Strike"],"picked":"Flex","floor":31},{"not_picked":["Feed","Demon Form"],"picked":"Impervious","floor":33},{"not_picked":["Twin Strike+1","Havoc"],"picked":"Sentinel+1","floor":35},{"not_picked":["Blood for Blood","Body Slam"],"picked":"Iron Wave","floor":36},{"not_picked":["Body Slam+1","Havoc","Sword Boomerang+1"],"picked":"Singing Bowl","floor":37},{"not_picked":["Sentinel","Bloodletting","Whirlwind"],"picked":"Singing Bowl","floor":39},{"not_picked":["Blood for Blood","Cleave"],"picked":"Burning Pact+1","floor":44},{"not_picked":["True Grit+1","Corruption+1","Power Through"],"picked":"Singing Bowl","floor":46}],"player_experience":620766,"relics_obtained":[{"floor":9,"key":"War Paint"},{"floor":13,"key":"Singing Bowl"},{"floor":21,"key":"Centennial Puzzle"},{"floor":26,"key":"Bottled Flame"},{"floor":28,"key":"Bottled Tornado"},{"floor":31,"key":"Tiny Chest"},{"floor":36,"key":"WingedGreaves"},{"floor":43,"key":"Darkstone Periapt"},{"floor":44,"key":"Boot"}],"event_choices":[{"damage_healed":0.0,"max_hp_gain":0.0,"max_hp_loss":0.0,"gold_gain":75.0,"event_name":"World of Goop","player_choice":"Gather Gold","floor":2.0,"gold_loss":0.0,"damage_taken":11.0},{"damage_healed":0.0,"max_hp_gain":5.0,"max_hp_loss":0.0,"gold_gain":0.0,"event_name":"Big Fish","player_choice":"Donut","floor":4.0,"gold_loss":0.0,"damage_taken":0.0},{"damage_healed":0,"gold_gain":0,"player_choice":"Success","damage_taken":11,"relics_obtained":["Art of War"],"max_hp_gain":0,"max_hp_loss":0,"event_name":"Scrap Ooze","floor":8,"gold_loss":0},{"damage_healed":0,"gold_gain":0,"player_choice":"Ignored","damage_taken":0,"max_hp_gain":0,"max_hp_loss":0,"event_name":"Liars Game","floor":11,"gold_loss":0},{"damage_healed":0,"gold_gain":275,"player_choice":"Desecrate","damage_taken":0,"max_hp_gain":0,"max_hp_loss":0,"event_name":"Golden Shrine","floor":19,"gold_loss":0,"cards_obtained":["Regret"]},{"damage_healed":0,"gold_gain":0,"player_choice":"Fight","damage_taken":0,"max_hp_gain":0,"max_hp_loss":0,"event_name":"MindBloom","floor":36,"gold_loss":0},{"damage_healed":0,"gold_gain":0,"player_choice":"Ignored","damage_taken":0,"max_hp_gain":0,"max_hp_loss":0,"event_name":"Tomb of Lord Red Mask","floor":38,"gold_loss":0}],"is_beta":false,"boss_relics":[{"not_picked":["Empty Cage","Ectoplasm"],"picked":"Mark of Pain"},{"not_picked":["Runic Cube","Lizard Tail"],"picked":"Philosopher\u0027s Stone"}],"items_purged_floors":[7,20],"is_endless":false,"potions_floor_spawned":[5,10,13,24,27,31,36,37],"killed_by":"Transient","ascension_level":15}