{"gold_per_floor":[112,112,173,187,162,162,179,210,210,224,224,274,286,311,311,382,382,393,409,33,83,133,133,165,165,165,165,17,44,44,309,309,380,380,396,412,462,481,1,30,30,58,108,140,140,152,202,232,232,232,232,232,232,19,44,44],"floor_reached":57,"playtime":3275,"items_purged":["Strike_B","Defend_B"],"score":3038,"play_id":"fd47d2f5-2f95-4a9b-872c-5a0d62d18084","local_time":"20181110144728","is_ascension_mode":true,"campfire_choices":[{"data":"Sunder","floor":6.0,"key":"SMITH"},{"data":"Zap","floor":11.0,"key":"SMITH"},{"data":"Sweeping Beam","floor":15.0,"key":"SMITH"},{"data":"Go for the Eyes","floor":23.0,"key":"SMITH"},{"floor":25.0,"key":"REST"},{"floor":27.0,"key":"REST"},{"floor":32.0,"key":"REST"},{"floor":41.0,"key":"REST"},{"floor":45.0,"key":"REST"},{"floor":49.0,"key":"RECALL"},{"data":"Biased Cognition","floor":53.0,"key":"SMITH"}],"neow_cost":"NONE","seed_source_timestamp":0,"circlet_count":0,"master_deck":["AscendersBane","Defend_B","Defend_B","Zap+1","Dualcast","Compile Driver","Sweeping Beam+1","Sunder+1","Go for the Eyes+1","Cold Snap+1","Ball Lightning+1","Conserve Battery","Echo Form","Beam Cell+1","Electrodynamics","Coolheaded+1","Recycle","Core Surge","White Noise","Fission","Machine Learning+1","Double Energy+1","Steam Power+1","Genetic Algorithm","Glacier","Meteor Strike","Biased Cognition+1"],"special_seed":0,"relics":["Cracked Core","SsserpentHead","Mummified Hand","Matryoshka","Blue Candle","Philosopher\u0027s Stone","Lee\u0027s Waffle","Centennial Puzzle","Sundial","Strawberry","DataDisk","Old Coin","Astrolabe","Membership Card","Pantograph","Singing Bowl","Bag of Preparation","Bronze Scales","Bottled Flame","Whetstone","Mango","Incense Burner"],"potions_floor_usage":[56,56],"damage_taken":[{"damage":7.0,"enemies":"Jaw Worm","floor":1.0,"turns":4.0},{"damage":1.0,"enemies":"Cultist","floor":3.0,"turns":3.0},{"damage":0.0,"enemies":"Small Slimes","floor":4.0,"turns":3.0},{"damage":1.0,"enemies":"Looter","floor":7.0,"turns":2.0},{"damage":20.0,"enemies":"Lagavulin","floor":8.0,"turns":6.0},{"damage":2.0,"enemies":"Exordium Wildlife","floor":10.0,"turns":3.0},{"damage":8.0,"enemies":"3 Louse","floor":13.0,"turns":2.0},{"damage":11.0,"enemies":"3 Sentries","floor":14.0,"turns":5.0},{"damage":25.0,"enemies":"The Guardian","floor":16.0,"turns":12.0},{"damage":19.0,"enemies":"2 Thieves","floor":18.0,"turns":3.0},{"damage":23.0,"enemies":"3 Byrds","floor":19.0,"turns":4.0},{"damage":64.0,"enemies":"Gremlin Leader","floor":24.0,"turns":5.0},{"damage":28.0,"enemies":"Slavers","floor":29.0,"turns":5.0},{"damage":35.0,"enemies":"Collector","floor":33.0,"turns":8.0},{"damage":7.0,"enemies":"Orb Walker","floor":35.0,"turns":3.0},{"damage":1.0,"enemies":"3 Darklings","floor":36.0,"turns":3.0},{"damage":33.0,"enemies":"Writhing Mass","floor":38.0,"turns":6.0},{"damage":19.0,"enemies":"Nemesis","floor":40.0,"turns":5.0},{"damage":4.0,"enemies":"Giant Head","floor":42.0,"turns":7.0},{"damage":4.0,"enemies":"Nemesis","floor":44.0,"turns":3.0},{"damage":0.0,"enemies":"4 Shapes","floor":46.0,"turns":4.0},{"damage":1.0,"enemies":"Reptomancer","floor":48.0,"turns":4.0},{"damage":40.0,"enemies":"Awakened One","floor":50.0,"turns":12.0},{"damage":37.0,"enemies":"Time Eater","floor":51.0,"turns":15.0},{"damage":44.0,"enemies":"Shield and Spear","floor":55.0,"turns":5.0},{"damage":23,"enemies":"The Heart","floor":56,"turns":10}],"seed_played":"-2461399453758440351","potions_obtained":[{"floor":0.0,"key":"Strength Potion"},{"floor":0.0,"key":"SteroidPotion"},{"floor":1.0,"key":"Regen Potion"},{"floor":8.0,"key":"Energy Potion"},{"floor":10.0,"key":"AttackPotion"},{"floor":14.0,"key":"Ancient Potion"},{"floor":16.0,"key":"Fire Potion"},{"floor":24.0,"key":"Weak Potion"},{"floor":29.0,"key":"SkillPotion"},{"floor":35.0,"key":"FocusPotion"},{"floor":40.0,"key":"SkillPotion"},{"floor":46.0,"key":"Energy Potion"},{"floor":47.0,"key":"Strength Potion"}],"is_trial":false,"path_per_floor":["M","?","M","M","?","R","M","E","T","M","R","?","M","E","R","B",null,"M","M","$","?","?","R","E","R","T","R","$","E","$","?","R","B",null,"M","M","?","M","$","E","R","E","T","E","R","M","?","E","R","B","B",null,"R","$","E","B",null],"character_chosen":"DEFECT","items_purchased":["Lee\u0027s Waffle","FocusPotion","Recycle","Core Surge","Membership Card","Meteor Strike","Biased Cognition","Pantograph","Mango"],"campfire_rested":5,"item_purchase_floors":[20,20,28,28,39,39,39,39,54],"current_hp_per_floor":[57,57,56,56,56,56,55,35,35,33,33,33,25,28,28,3,54,35,12,78,78,78,78,14,37,44,69,69,41,41,41,66,31,72,65,64,64,31,31,14,40,38,38,36,63,65,65,66,66,51,39,81,81,95,53,55],"gold":44,"neow_bonus":"THREE_SMALL_POTIONS","is_prod":false,"is_daily":false,"chose_seed":false,"campfire_upgraded":5,"win_rate":0,"timestamp":1541861248,"path_taken":["M","?","?","M","?","R","M","E","T","M","R","?","M","E","R","BOSS","M","M","$","?","?","R","E","R","T","R","?","E","$","?","R","BOSS","M","M","?","M","$","E","R","E","T","E","R","M","?","E","R","BOSS","BOSS","R","$","E","BOSS"],"build_version":"2018-11-08","purchased_purges":2,"victory":true,"max_hp_per_floor":[71,71,71,71,71,71,71,71,71,71,71,71,71,71,71,71,71,71,71,78,78,78,78,78,78,85,85,85,85,85,85,85,85,85,85,85,85,85,85,87,87,89,89,91,91,93,93,95,95,95,95,95,95,109,111,111],"card_choices":[{"not_picked":["Coolheaded","Rebound"],"picked":"Compile Driver","floor":1.0},{"not_picked":["Beam Cell","Gash"],"picked":"Sweeping Beam","floor":3.0},{"not_picked":["Self Repair","Loop"],"picked":"Sunder","floor":4.0},{"not_picked":["Scrape","Sweeping Beam"],"picked":"Go for the Eyes","floor":7.0},{"not_picked":["Streamline","Machine Learning"],"picked":"Cold Snap","floor":8.0},{"not_picked":["Leap","Steam","Stack"],"picked":"SKIP","floor":10.0},{"not_picked":["Darkness","Turbo"],"picked":"Ball Lightning","floor":13.0},{"not_picked":["Reprogram","Coolheaded"],"picked":"Conserve Battery","floor":14.0},{"not_picked":["Buffer","Hyperbeam"],"picked":"Echo Form","floor":16.0},{"not_picked":["Redo","Turbo"],"picked":"Beam Cell+1","floor":18.0},{"not_picked":["Hello World","Gash","Barrage"],"picked":"SKIP","floor":19.0},{"not_picked":["Sweeping Beam","Heatsinks"],"picked":"Coolheaded+1","floor":24.0},{"not_picked":["Rebound","Sweeping Beam"],"picked":"White Noise","floor":29.0},{"not_picked":["Core Surge","Reboot"],"picked":"Fission","floor":33.0},{"not_picked":["Rebound","Cold Snap+1"],"picked":"Genetic Algorithm","floor":35.0},{"not_picked":["Stack","Streamline","Ball Lightning"],"picked":"SKIP","floor":36.0},{"not_picked":["Streamline","Compile Driver+1"],"picked":"Glacier","floor":38.0},{"not_picked":["Cold Snap","Force Field+1","Chaos"],"picked":"Singing Bowl","floor":40.0},{"not_picked":["Steam Power+1","Barrage","Darkness"],"picked":"Singing Bowl","floor":42.0},{"not_picked":["Chaos+1","Barrage","Rainbow"],"picked":"Singing Bowl","floor":44.0},{"not_picked":["Double Energy","Beam Cell+1","Redo"],"picked":"Singing Bowl","floor":46.0},{"not_picked":["Rip and Tear","Loop","Sweeping Beam"],"picked":"Singing Bowl","floor":48.0},{"not_picked":["Turbo","Compile Driver","Aggregate"],"picked":"Singing Bowl","floor":55.0}],"player_experience":1635604,"relics_obtained":[{"floor":8.0,"key":"Mummified Hand"},{"floor":9.0,"key":"Matryoshka"},{"floor":14.0,"key":"Blue Candle"},{"floor":24.0,"key":"Centennial Puzzle"},{"floor":26.0,"key":"Sundial"},{"floor":26.0,"key":"Strawberry"},{"floor":29.0,"key":"DataDisk"},{"floor":40.0,"key":"Singing Bowl"},{"floor":42.0,"key":"Bag of Preparation"},{"floor":43.0,"key":"Bronze Scales"},{"floor":44.0,"key":"Bottled Flame"},{"floor":48.0,"key":"Whetstone"},{"floor":55.0,"key":"Incense Burner"}],"event_choices":[{"damage_healed":0.0,"max_hp_gain":0.0,"max_hp_loss":0.0,"gold_gain":0.0,"event_name":"FaceTrader","player_choice":"Trade","floor":2.0,"gold_loss":0.0,"damage_taken":0.0,"relics_obtained":["SsserpentHead"]},{"cards_removed":["Strike_B"],"damage_healed":0.0,"max_hp_gain":0.0,"max_hp_loss":0.0,"gold_gain":0.0,"event_name":"The Cleric","player_choice":"Card Removal","floor":5.0,"gold_loss":75.0,"damage_taken":0.0},{"damage_healed":0.0,"max_hp_gain":0.0,"max_hp_loss":0.0,"gold_gain":0.0,"event_name":"Golden Idol","player_choice":"Ignored","floor":12.0,"gold_loss":0.0,"damage_taken":0.0},{"damage_healed":0.0,"max_hp_gain":0.0,"max_hp_loss":0.0,"gold_gain":0.0,"event_name":"The Library","player_choice":"Read","floor":21.0,"gold_loss":0.0,"damage_taken":0.0,"cards_obtained":["Electrodynamics"]},{"damage_healed":0.0,"max_hp_gain":0.0,"max_hp_loss":0.0,"gold_gain":0.0,"event_name":"Vampires","player_choice":"Ignored","floor":22.0,"gold_loss":0.0,"damage_taken":0.0},{"damage_healed":0.0,"max_hp_gain":0.0,"max_hp_loss":0.0,"gold_gain":0.0,"event_name":"Addict","player_choice":"Obtained Relic","floor":31.0,"gold_loss":85.0,"damage_taken":0.0,"relics_obtained":["Old Coin"]},{"damage_healed":0.0,"max_hp_gain":0.0,"max_hp_loss":0.0,"gold_gain":0.0,"event_name":"Tomb of Lord Red Mask","player_choice":"Ignored","floor":37.0,"gold_loss":0.0,"damage_taken":0.0},{"damage_healed":0.0,"max_hp_gain":0.0,"max_hp_loss":0.0,"gold_gain":0.0,"event_name":"Lab","player_choice":"Got Potions","floor":47.0,"gold_loss":0.0,"damage_taken":0.0}],"is_beta":true,"boss_relics":[{"not_picked":["Lizard Tail","Ectoplasm"],"picked":"Philosopher\u0027s Stone"},{"not_picked":["Calling Bell","Coffee Dripper"],"picked":"Astrolabe"}],"items_purged_floors":[20,54],"is_endless":false,"potions_floor_spawned":[1,8,10,14,16,24,29,35,38,40,46,55],"ascension_level":20}