{"path_per_floor":["M","M","M","?","M","E","R","$","T","R","$","E","M","T","R","B",null,"M","$","M","?","?","E","M","?","T","M","E","R","M","M","R","B",null,"M","?","$","M","?","R","E","R","T","M","$"],"character_chosen":"IRONCLAD","items_purchased":["Perfected Strike","Ancient Potion","Oddly Smooth Stone","Shrug It Off","Shrug It Off"],"gold_per_floor":[119,137,147,97,108,133,133,7,84,84,84,118,131,131,131,233,233,245,0,19,19,19,46,60,60,60,78,103,103,118,135,135,240,240,253,253,228,248,248,248,277,277,301,318,218,218],"floor_reached":46,"campfire_rested":0,"playtime":2094,"item_purchase_floors":[8,8,19,19,37],"current_hp_per_floor":[42,48,53,53,44,37,37,37,37,37,37,29,29,29,29,13,80,64,64,69,69,69,46,52,52,52,46,52,52,56,61,61,23,80,80,74,74,78,78,78,71,71,71,59,59,0],"items_purged":["Corruption+1","Parasite"],"gold":218,"score":698,"play_id":"a7376d00-8d2f-450b-bc80-3de84b468f3d","local_time":"20180609203235","is_prod":false,"is_daily":false,"chose_seed":false,"is_ascension_mode":false,"campfire_upgraded":7,"win_rate":0,"timestamp":1528572755,"campfire_choices":[{"data":"Clothesline","floor":7.0,"key":"SMITH"},{"data":"Bash","floor":10,"key":"SMITH"},{"data":"Armaments","floor":15,"key":"SMITH"},{"data":"True Grit","floor":29,"key":"SMITH"},{"data":"Perfected Strike","floor":32,"key":"SMITH"},{"data":"Shrug It Off","floor":40,"key":"SMITH"},{"data":"Shrug It Off","floor":42,"key":"SMITH"}],"path_taken":["M","?","M","?","M","E","R","$","T","R","$","E","M","?","R","BOSS","M","$","M","?","?","E","M","?","T","M","E","R","M","M","R","BOSS","M","?","$","M","?","R","E","R","T","M","$","E"],"build_version":"2018-06-08","seed_source_timestamp":0,"purchased_purges":2,"victory":false,"master_deck":["Strike_R+1","Strike_R+1","Strike_R+1","Strike_R+1","Defend_R+1","Defend_R+1","Defend_R+1","Defend_R+1","Bash+1","Anger","Clothesline+1","Shrug It Off+1","Perfected Strike+1","True Grit+1","Armaments+1","Shrug It Off+1","Iron Wave","Thunderclap+1","Wild Strike","Shrug It Off","Anger+1","Twin Strike+1","Shrug It Off","Twin Strike","Body Slam"],"max_hp_per_floor":[80,80,80,80,80,80,80,80,80,80,80,80,80,80,80,80,80,80,80,80,80,80,80,80,80,80,80,80,80,80,80,80,80,80,80,80,80,80,80,80,80,80,80,80,77,77],"relics":["Burning Blood","Champion Belt","Ginger","Mercury Hourglass","Ancient Tea Set","Frozen Egg 2","Cursed Key","Oddly Smooth Stone","Juzu Bracelet","Sundial","Snecko Eye","Dead Branch","Toolbox","Bag of Preparation"],"card_choices":[{"not_picked":["Thunderclap","Heavy Blade"],"picked":"Anger","floor":1.0},{"not_picked":["Warcry","Anger","Thunderclap"],"picked":"SKIP","floor":2.0},{"not_picked":["Feed","Perfected Strike"],"picked":"Clothesline","floor":3.0},{"not_picked":["Reckless Charge","Heavy Blade"],"picked":"Shrug It Off","floor":5.0},{"not_picked":["Sever Soul","Sentinel","Heavy Blade"],"picked":"SKIP","floor":6.0},{"not_picked":["Evolve","Sword Boomerang"],"picked":"True Grit","floor":12},{"not_picked":["Clash","Uppercut"],"picked":"Armaments","floor":13},{"not_picked":["Twin Strike+1","Entrench"],"picked":"Corruption+1","floor":18},{"not_picked":["Headbutt","Feel No Pain+1"],"picked":"Iron Wave","floor":20},{"not_picked":["Entrench","Armaments"],"picked":"Thunderclap+1","floor":23},{"not_picked":["Iron Wave","Feed"],"picked":"Wild Strike","floor":24},{"not_picked":["Second Wind","Armaments"],"picked":"Shrug It Off","floor":27},{"not_picked":["Seeing Red","Clothesline","Disarm"],"picked":"SKIP","floor":28},{"not_picked":["Thunderclap","Second Wind+1","Fire Breathing+1"],"picked":"SKIP","floor":30},{"not_picked":["Rampage","Wild Strike","Inflame+1"],"picked":"SKIP","floor":31},{"not_picked":["Clothesline","Wild Strike+1"],"picked":"Anger+1","floor":35},{"not_picked":["Heavy Blade+1","Seeing Red"],"picked":"Twin Strike+1","floor":36},{"not_picked":["Dropkick+1","Burning Pact","Spot Weakness+1"],"picked":"SKIP","floor":38},{"not_picked":["Headbutt+1","Feed","Fire Breathing+1"],"picked":"SKIP","floor":41},{"not_picked":["Wild Strike+1","Carnage+1"],"picked":"Body Slam","floor":44}],"player_experience":756573,"potions_floor_usage":[13,24,27,33,36,46,46],"damage_taken":[{"damage":4.0,"enemies":"Cultist","floor":1.0,"turns":5.0},{"damage":0.0,"enemies":"Small Slimes","floor":2.0,"turns":3.0},{"damage":1.0,"enemies":"Jaw Worm","floor":3.0,"turns":4.0},{"damage":15.0,"enemies":"Large Slime","floor":5.0,"turns":6.0},{"damage":13.0,"enemies":"Lagavulin","floor":6.0,"turns":6.0},{"damage":14,"enemies":"Gremlin Nob","floor":12,"turns":4},{"damage":6,"enemies":"Exordium Wildlife","floor":13,"turns":4},{"damage":22,"enemies":"Hexaghost","floor":16,"turns":11},{"damage":22,"enemies":"Spheric Guardian","floor":18,"turns":4},{"damage":1,"enemies":"Shell Parasite","floor":20,"turns":5},{"damage":29,"enemies":"Slavers","floor":23,"turns":7},{"damage":0,"enemies":"Snecko","floor":24,"turns":3},{"damage":12,"enemies":"Sentry and Sphere","floor":27,"turns":4},{"damage":0,"enemies":"Gremlin Leader","floor":28,"turns":10},{"damage":2,"enemies":"Snake Plant","floor":30,"turns":3},{"damage":1,"enemies":"Centurion and Healer","floor":31,"turns":7},{"damage":44,"enemies":"Champ","floor":33,"turns":11},{"damage":0,"enemies":"Flame Bruiser 1 Orb","floor":35,"turns":3},{"damage":12,"floor":36,"turns":5},{"damage":2,"enemies":"Orb Walker","floor":38,"turns":3},{"damage":13,"enemies":"2 Orb Walkers","floor":41,"turns":6},{"damage":18,"enemies":"Transient","floor":44,"turns":5},{"damage":68,"enemies":"Giant Head","floor":46,"turns":9}],"relics_obtained":[{"floor":6.0,"key":"Ginger"},{"floor":9,"key":"Mercury Hourglass"},{"floor":12,"key":"Ancient Tea Set"},{"floor":14,"key":"Frozen Egg 2"},{"floor":23,"key":"Juzu Bracelet"},{"floor":28,"key":"Sundial"},{"floor":36,"key":"Dead Branch"},{"floor":41,"key":"Toolbox"},{"floor":43,"key":"Bag of Preparation"}],"event_choices":[{"event_name":"The Cleric","player_choice":"Card Removal","floor":4.0,"damage_taken":0.0},{"event_name":"Ghosts","player_choice":"Ignored","floor":21,"damage_taken":0},{"event_name":"Addict","player_choice":"Ignored","floor":22,"damage_taken":0},{"event_name":"Back to Basics","player_choice":"Simplicity","floor":25,"damage_taken":0},{"event_name":"MindBloom","player_choice":"Fight","floor":36,"damage_taken":0},{"event_name":"Match and Keep!","player_choice":"1 cards matched","floor":39,"damage_taken":0}],"boss_relics":[{"not_picked":["Philosopher\u0027s Stone","Runic Dome"],"picked":"Cursed Key"},{"not_picked":["Pandora\u0027s Box","Sozu"],"picked":"Snecko Eye"}],"items_purged_floors":[19,45],"potions_floor_spawned":[2,3,12,23,24,31,33,44],"seed_played":"3227233956366244648","killed_by":"Giant Head","ascension_level":0,"potions_obtained":[{"floor":2.0,"key":"Explosive Potion"},{"floor":3.0,"key":"Swift Potion"},{"floor":12,"key":"Fire Potion"},{"floor":23,"key":"AttackPotion"},{"floor":24,"key":"Energy Potion"},{"floor":31,"key":"GamblersBrew"},{"floor":33,"key":"Energy Potion"},{"floor":44,"key":"Block Potion"}],"is_trial":false}