{"gold_per_floor":[17,35,35,53,73,73,102,112,112,145,145,163,163,180,180,255,255,255,255,255,255,255,255,255,255,255,255,255,255,143,143,143,143,143,143,143,143,143,17,17,17,17,17,17,17,17,17,17],"floor_reached":48,"playtime":2122,"items_purged":["Strike_G"],"score":1090,"play_id":"5abae8e2-024b-4b79-8c67-68607c898d29","local_time":"20190321191148","is_ascension_mode":true,"campfire_choices":[{"data":"Dagger Spray","floor":6.0,"key":"SMITH"},{"data":"Corpse Explosion","floor":11.0,"key":"SMITH"},{"floor":13.0,"key":"REST"},{"data":"Footwork","floor":15.0,"key":"SMITH"},{"data":"Malaise","floor":23.0,"key":"SMITH"},{"data":"Noxious Fumes","floor":25.0,"key":"SMITH"},{"floor":32.0,"key":"REST"},{"data":"Well Laid Plans","floor":40.0,"key":"SMITH"},{"floor":47,"key":"REST"}],"neow_cost":"NO_GOLD","seed_source_timestamp":0,"circlet_count":0,"master_deck":["AscendersBane","Defend_G","Defend_G","Defend_G","Defend_G","Defend_G","Strike_G","Survivor","Neutralize","Corpse Explosion+1","Crippling Poison","Dagger Spray+1","Caltrops","Unload","After Image","Footwork+1","Malaise+1","Noxious Fumes+1","Ghostly","Ghostly","Ghostly","PiercingWail","Backflip","Noxious Fumes","Burst","Backflip","Well Laid Plans+1","Dodge and Roll","Deadly Poison+1","Footwork"],"special_seed":0,"relics":["Ring of the Snake","StoneCalendar","Ninja Scroll","Letter Opener","Ectoplasm","Bottled Tornado","Regal Pillow","Empty Cage","Gambling Chip","Dream Catcher","Question Card"],"potions_floor_usage":[42],"damage_taken":[{"damage":0.0,"enemies":"2 Louse","floor":1.0,"turns":3.0},{"damage":1.0,"enemies":"Small Slimes","floor":2.0,"turns":4.0},{"damage":0.0,"enemies":"Cultist","floor":4.0,"turns":4.0},{"damage":0.0,"enemies":"Looter","floor":5.0,"turns":4.0},{"damage":12.0,"enemies":"3 Sentries","floor":7.0,"turns":3.0},{"damage":8.0,"enemies":"Large Slime","floor":8.0,"turns":7.0},{"damage":3.0,"enemies":"Gremlin Nob","floor":10.0,"turns":3.0},{"damage":6.0,"enemies":"Blue Slaver","floor":12.0,"turns":4.0},{"damage":0.0,"enemies":"Looter","floor":14.0,"turns":3.0},{"damage":37.0,"enemies":"Slime Boss","floor":16.0,"turns":9.0},{"damage":10.0,"enemies":"Spheric Guardian","floor":18.0,"turns":6.0},{"damage":0.0,"enemies":"Shell Parasite","floor":22.0,"turns":7.0},{"damage":0.0,"enemies":"Snecko","floor":24.0,"turns":7.0},{"damage":0.0,"enemies":"3 Cultists","floor":28.0,"turns":3.0},{"damage":7.0,"enemies":"Book of Stabbing","floor":29.0,"turns":6.0},{"damage":7.0,"enemies":"Chosen and Byrds","floor":31.0,"turns":7.0},{"damage":20.0,"enemies":"Automaton","floor":33.0,"turns":9.0},{"damage":1.0,"enemies":"3 Darklings","floor":35.0,"turns":5.0},{"damage":0.0,"enemies":"3 Shapes","floor":36.0,"turns":4.0},{"damage":26.0,"enemies":"2 Orb Walkers","floor":37.0,"turns":6.0},{"damage":0.0,"enemies":"Spire Growth","floor":41.0,"turns":6.0},{"damage":0,"enemies":"Reptomancer","floor":42,"turns":7},{"damage":12,"enemies":"Giant Head","floor":44,"turns":10},{"damage":31,"enemies":"Reptomancer","floor":48,"turns":5}],"seed_played":"-6400912376344946046","potions_obtained":[{"floor":1.0,"key":"SkillPotion"},{"floor":4.0,"key":"GamblersBrew"},{"floor":5.0,"key":"FearPotion"},{"floor":14.0,"key":"Regen Potion"},{"floor":16.0,"key":"Explosive Potion"},{"floor":18.0,"key":"EssenceOfSteel"},{"floor":33.0,"key":"Fire Potion"},{"floor":41.0,"key":"Strength Potion"}],"is_trial":false,"path_per_floor":["M","M","?","M","M","R","E","M","T","E","R","M","R","M","R","B",null,"M","?","?","?","M","R","M","R","T","?","M","E","$","M","R","B",null,"M","M","?","?","$","R","M","E","T","E","$","?","R","E"],"character_chosen":"THE_SILENT","items_purchased":["Noxious Fumes","Well Laid Plans","Dodge and Roll"],"campfire_rested":3,"item_purchase_floors":[30,39,39],"current_hp_per_floor":[59,58,51,51,51,51,39,31,31,28,28,22,41,41,41,18,54,44,44,33,27,27,27,27,27,27,27,27,20,20,13,33,13,28,27,27,1,27,27,27,27,27,27,15,15,15,26,0],"gold":17,"neow_bonus":"THREE_RARE_CARDS","is_prod":false,"is_daily":false,"chose_seed":false,"campfire_upgraded":6,"win_rate":0,"timestamp":1553195508,"path_taken":["M","M","?","M","M","R","E","M","T","E","R","M","R","M","R","BOSS","M","?","?","?","M","R","?","R","T","?","M","E","$","M","R","BOSS","M","M","?","?","$","R","M","E","T","E","$","?","R","E"],"build_version":"2019-03-15","purchased_purges":1,"victory":false,"max_hp_per_floor":[66,66,66,66,66,66,66,66,66,66,66,66,66,66,66,66,66,66,66,33,33,33,33,33,33,33,33,33,33,33,33,33,33,33,33,33,33,27,27,27,27,27,27,27,27,26,26,26],"card_choices":[{"not_picked":["Storm of Steel","Glass Knife"],"picked":"Corpse Explosion","floor":0.0},{"not_picked":["Setup","Acrobatics"],"picked":"Crippling Poison","floor":1.0},{"not_picked":["Prepared","Acrobatics"],"picked":"Dagger Spray","floor":2.0},{"not_picked":["Deflect","Dagger Spray"],"picked":"Caltrops","floor":4.0},{"not_picked":["Flying Knee","PiercingWail"],"picked":"Unload","floor":5.0},{"not_picked":["Distraction","Acrobatics"],"picked":"After Image","floor":7.0},{"not_picked":["Sucker Punch","Dagger Throw","Calculated Gamble"],"picked":"SKIP","floor":8.0},{"not_picked":["Skewer","Backflip","Bane"],"picked":"SKIP","floor":10.0},{"not_picked":["Acrobatics","Bane","Dodge and Roll"],"picked":"SKIP","floor":12.0},{"not_picked":["Cloak And Dagger","Bullet Time"],"picked":"Footwork","floor":14.0},{"not_picked":["Phantasmal Killer","After Image"],"picked":"Malaise","floor":16.0},{"not_picked":["Distraction","Backstab+1"],"picked":"Noxious Fumes","floor":18.0},{"not_picked":["Prepared","Backstab","Bane"],"picked":"SKIP","floor":22.0},{"not_picked":["Deadly Poison","Prepared"],"picked":"PiercingWail","floor":24.0},{"not_picked":["Underhanded Strike","Dagger Throw"],"picked":"Backflip","floor":28.0},{"not_picked":["All Out Attack","Crippling Poison","Slice+1"],"picked":"SKIP","floor":29.0},{"not_picked":["Underhanded Strike","Cloak And Dagger","Blade Dance"],"picked":"SKIP","floor":31.0},{"not_picked":["Envenom","Unload"],"picked":"Burst","floor":33.0},{"not_picked":["Blade Dance","Choke","Tactician+1"],"picked":"SKIP","floor":35.0},{"not_picked":["Distraction+1","Blade Dance+1"],"picked":"Backflip","floor":36.0},{"not_picked":["Flying Knee","Dagger Spray","Distraction+1"],"picked":"SKIP","floor":41.0},{"not_picked":["Deflect","Bouncing Flask"],"picked":"Deadly Poison+1","floor":42},{"not_picked":["Bane+1","Endless Agony"],"picked":"Footwork","floor":44}],"player_experience":1949331,"relics_obtained":[{"floor":7.0,"key":"StoneCalendar"},{"floor":9.0,"key":"Ninja Scroll"},{"floor":10.0,"key":"Letter Opener"},{"floor":26.0,"key":"Bottled Tornado"},{"floor":29.0,"key":"Regal Pillow"},{"floor":37.0,"key":"Gambling Chip"},{"floor":42,"key":"Dream Catcher"},{"floor":44,"key":"Question Card"}],"event_choices":[{"cards_removed":["Strike_G"],"damage_healed":0.0,"max_hp_gain":0.0,"max_hp_loss":0.0,"gold_gain":0.0,"event_name":"Golden Wing","player_choice":"Card Removal","floor":3.0,"gold_loss":0.0,"damage_taken":7.0},{"damage_healed":0.0,"max_hp_gain":0.0,"max_hp_loss":0.0,"gold_gain":0.0,"event_name":"Vampires","player_choice":"Ignored","floor":19.0,"gold_loss":0.0,"damage_taken":0.0},{"damage_healed":0.0,"max_hp_gain":0.0,"max_hp_loss":33.0,"gold_gain":0.0,"event_name":"Ghosts","player_choice":"Became a Ghost","floor":20.0,"gold_loss":0.0,"damage_taken":0.0,"cards_obtained":["Ghostly","Ghostly","Ghostly"]},{"damage_healed":0.0,"max_hp_gain":0.0,"max_hp_loss":0.0,"gold_gain":0.0,"event_name":"Knowing Skull","player_choice":"","floor":21.0,"potions_obtained":[],"gold_loss":0.0,"damage_taken":6.0,"cards_obtained":[]},{"damage_healed":0.0,"max_hp_gain":0.0,"max_hp_loss":0.0,"gold_gain":0.0,"event_name":"The Mausoleum","player_choice":"Ignored","floor":27.0,"gold_loss":0.0,"damage_taken":0.0},{"damage_healed":0.0,"max_hp_gain":0.0,"max_hp_loss":0.0,"gold_gain":0.0,"event_name":"Mysterious Sphere","player_choice":"Fight","floor":37.0,"gold_loss":0.0,"damage_taken":0.0},{"damage_healed":27.0,"max_hp_gain":0.0,"max_hp_loss":6.0,"gold_gain":0.0,"event_name":"The Moai Head","player_choice":"Heal","floor":38.0,"gold_loss":0.0,"damage_taken":0.0},{"damage_healed":0,"gold_gain":0,"player_choice":"Max HP","damage_taken":0,"max_hp_gain":0,"max_hp_loss":1,"event_name":"Winding Halls","floor":46,"gold_loss":0}],"is_beta":true,"boss_relics":[{"not_picked":["Philosopher\u0027s Stone","Tiny House"],"picked":"Ectoplasm"},{"not_picked":["Runic Dome","White Beast Statue"],"picked":"Empty Cage"}],"items_purged_floors":[30],"is_endless":false,"potions_floor_spawned":[1,4,5,14,16,18,22,29,31,33,35,37,41],"killed_by":"Reptomancer","ascension_level":20}