{"gold_per_floor":[119,119,44,57,57,57,83,83,109,121,147,16,45,63,63,160,160,173,248,248,69,84,84,84],"floor_reached":24,"playtime":1204,"items_purged":["Strike_B","Strike_B"],"score":227,"play_id":"da9439dd-6d69-4da7-92d9-98ef1e3784b9","local_time":"20190818004601","is_ascension_mode":false,"campfire_choices":[{"data":"White Noise","floor":6,"key":"SMITH"},{"data":"Machine Learning","floor":8,"key":"SMITH"},{"floor":10,"key":"RECALL"},{"floor":15,"key":"REST"},{"data":"RitualDagger","floor":23,"key":"SMITH"}],"neow_cost":"NONE","seed_source_timestamp":132920268689865,"circlet_count":0,"master_deck":["Strike_B","Defend_B","Defend_B","Defend_B","Defend_B","Zap","Dualcast","White Noise+1","Machine Learning+1","Melter","Ball Lightning","Reboot","RitualDagger+1","Self Repair","Conserve Battery"],"relics":["Cracked Core","NeowsBlessing","Dream Catcher","Bronze Scales","MawBank","Juzu Bracelet","Oddly Smooth Stone","Lizard Tail"],"potions_floor_usage":[14,24,24,24,24,24,24],"damage_taken":[{"damage":0,"enemies":"Cultist","floor":1,"turns":1},{"damage":0,"enemies":"Small Slimes","floor":4,"turns":1},{"damage":0,"enemies":"3 Sentries","floor":7,"turns":1},{"damage":1,"enemies":"2 Louse","floor":11,"turns":3},{"damage":30,"enemies":"Lagavulin","floor":13,"turns":8},{"damage":0,"enemies":"Lots of Slimes","floor":14,"turns":1},{"damage":27,"enemies":"The Guardian","floor":16,"turns":9},{"damage":26,"enemies":"3 Byrds","floor":18,"turns":3},{"damage":10,"enemies":"Shell Parasite","floor":22,"turns":6},{"damage":22,"enemies":"Slavers","floor":24,"turns":2}],"seed_played":"386725431868045183","potions_obtained":[{"floor":4,"key":"Explosive Potion"},{"floor":11,"key":"SteroidPotion"},{"floor":16,"key":"EntropicBrew"},{"floor":18,"key":"Strength Potion"},{"floor":22,"key":"Weak Potion"}],"is_trial":false,"path_per_floor":["M","?","$","M","?","R","E","R","T","R","M","$","E","M","R","B",null,"M","?","?","$","M","R","E"],"character_chosen":"DEFECT","items_purchased":["Juzu Bracelet","Self Repair"],"campfire_rested":1,"item_purchase_floors":[12,21],"current_hp_per_floor":[75,68,68,68,68,68,68,68,68,68,67,67,37,37,59,32,75,49,42,36,36,26,26,4],"gold":84,"neow_bonus":"THREE_ENEMY_KILL","is_prod":false,"is_daily":false,"chose_seed":false,"campfire_upgraded":3,"win_rate":0,"timestamp":1566114361,"path_taken":["M","?","$","M","?","R","E","R","T","R","M","$","E","M","R","BOSS","M","?","?","$","M","R","E"],"build_version":"2019-07-17","purchased_purges":2,"victory":false,"max_hp_per_floor":[75,75,75,75,75,75,75,75,75,75,75,75,75,75,75,75,75,75,75,75,75,75,75,75],"card_choices":[{"not_picked":["Turbo","Rip and Tear"],"picked":"White Noise","floor":1},{"not_picked":["Blizzard","Beam Cell","Doom and Gloom"],"picked":"SKIP","floor":4},{"not_picked":["Sweeping Beam","Beam Cell"],"picked":"Machine Learning","floor":7},{"not_picked":["Go for the Eyes","Streamline","Leap"],"picked":"SKIP","floor":11},{"not_picked":["Doom and Gloom","Recycle"],"picked":"Melter","floor":13},{"not_picked":["Barrage","Steam","Leap"],"picked":"SKIP","floor":14},{"not_picked":["Undo","Rebound"],"picked":"Ball Lightning","floor":15},{"not_picked":["All For One","Amplify"],"picked":"Reboot","floor":16},{"not_picked":["Force Field+1","Chaos","Streamline"],"picked":"SKIP","floor":18},{"not_picked":["Hologram","FTL+1"],"picked":"Conserve Battery","floor":22}],"player_experience":149351,"relics_obtained":[{"floor":7,"key":"Bronze Scales"},{"floor":9,"key":"MawBank"},{"floor":13,"key":"Oddly Smooth Stone"}],"event_choices":[{"damage_healed":0,"gold_gain":0,"player_choice":"Success","damage_taken":7,"relics_obtained":["Dream Catcher"],"max_hp_gain":0,"max_hp_loss":0,"event_name":"Scrap Ooze","floor":2,"gold_loss":0},{"cards_removed":["Strike_B"],"damage_healed":0,"gold_gain":0,"player_choice":"Forget","damage_taken":0,"max_hp_gain":0,"max_hp_loss":0,"event_name":"Living Wall","floor":5,"gold_loss":0},{"damage_healed":0,"gold_gain":75,"player_choice":"Touch","damage_taken":7,"max_hp_gain":0,"max_hp_loss":0,"event_name":"FaceTrader","floor":19,"gold_loss":0},{"damage_healed":0,"gold_gain":0,"player_choice":"Joined the Cult","damage_taken":6,"max_hp_gain":0,"max_hp_loss":0,"event_name":"Nest","floor":20,"gold_loss":0,"cards_obtained":["RitualDagger"]}],"is_beta":false,"boss_relics":[{"not_picked":["Pandora\u0027s Box","Velvet Choker"],"picked":"Lizard Tail"}],"items_purged_floors":[3,21],"is_endless":false,"potions_floor_spawned":[4,11,16,18,22],"killed_by":"Slavers","ascension_level":0}