{"gold_per_floor":[112,26,43,118,118,118,149,169,193,193,212,229,229,254,254,332,332,351,370,370,390,42,42,72,72,72,72,72,31,65,76,76,152,152,164,179,190,190,0,0,31,41,41,41,70,132,156,203,215,227,239],"floor_reached":51,"playtime":2098,"items_purged":["Heel Hook"],"score":1616,"play_id":"fa08d98d-8520-449c-84ba-d3122471443c","local_time":"20190515210803","is_ascension_mode":true,"campfire_choices":[{"data":"Dash","floor":6.0,"key":"SMITH"},{"floor":13.0,"key":"REST"},{"data":"Bouncing Flask","floor":15.0,"key":"SMITH"},{"data":"Catalyst","floor":23.0,"key":"SMITH"},{"data":"Crippling Poison","floor":25.0,"key":"SMITH"},{"floor":27.0,"key":"REST"},{"floor":32.0,"key":"REST"},{"floor":40.0,"key":"REST"},{"floor":44.0,"key":"REST"},{"floor":49.0,"key":"RECALL"}],"neow_cost":"NONE","seed_source_timestamp":0,"circlet_count":0,"master_deck":["AscendersBane","Survivor","Neutralize+1","Predator","Well Laid Plans","Dash+1","Crippling Poison+1","Deadly Poison","Bouncing Flask+1","Dagger Spray","Setup","Corpse Explosion","Masterful Stab","Bullet Time","Flying Knee+1","Deadly Poison","Dodge and Roll","Well Laid Plans","Bullet Time","Envenom","Catalyst+1","Noxious Fumes+1","Catalyst","After Image+1","Backflip+1","Footwork+1","PiercingWail","Dash+1"],"special_seed":0,"relics":["Ring of the Snake","Snake Skull","Centennial Puzzle","Art of War","Anchor","Pandora\u0027s Box","Frozen Egg 2","Whetstone","Pear","Paper Crane","Fusion Hammer","Red Mask","Blue Candle","MawBank","Regal Pillow"],"potions_floor_usage":[],"damage_taken":[{"damage":6.0,"enemies":"Jaw Worm","floor":1.0,"turns":7.0},{"damage":2.0,"enemies":"2 Louse","floor":3.0,"turns":3.0},{"damage":27.0,"enemies":"Lagavulin","floor":7.0,"turns":10.0},{"damage":0.0,"enemies":"Cultist","floor":8.0,"turns":3.0},{"damage":1.0,"enemies":"Large Slime","floor":11.0,"turns":4.0},{"damage":0.0,"enemies":"3 Louse","floor":12.0,"turns":3.0},{"damage":0.0,"enemies":"Gremlin Nob","floor":14.0,"turns":3.0},{"damage":3.0,"enemies":"Hexaghost","floor":16.0,"turns":8.0},{"damage":0.0,"enemies":"Chosen","floor":18.0,"turns":3.0},{"damage":5.0,"enemies":"Shell Parasite","floor":19.0,"turns":3.0},{"damage":22.0,"enemies":"Sentry and Sphere","floor":21.0,"turns":4.0},{"damage":6.0,"enemies":"Book of Stabbing","floor":24.0,"turns":3.0},{"damage":42.0,"enemies":"Gremlin Leader","floor":30.0,"turns":5.0},{"damage":10.0,"enemies":"Snecko","floor":31.0,"turns":3.0},{"damage":18.0,"enemies":"Collector","floor":33.0,"turns":5.0},{"damage":0.0,"enemies":"3 Shapes","floor":35.0,"turns":4.0},{"damage":0.0,"enemies":"3 Darklings","floor":36.0,"turns":2.0},{"damage":29.0,"enemies":"Spire Growth","floor":37.0,"turns":3.0},{"damage":20.0,"enemies":"Giant Head","floor":41.0,"turns":5.0},{"damage":0.0,"enemies":"Sphere and 2 Shapes","floor":42.0,"turns":1.0},{"damage":22.0,"enemies":"Reptomancer","floor":45.0,"turns":5.0},{"damage":0.0,"enemies":"Maw","floor":47.0,"turns":3.0},{"damage":0.0,"enemies":"Nemesis","floor":48.0,"turns":5.0},{"damage":12.0,"enemies":"Time Eater","floor":50.0,"turns":4.0},{"damage":26,"enemies":"Awakened One","floor":51,"turns":3}],"seed_played":"-907759528024255858","potions_obtained":[{"floor":7.0,"key":"AttackPotion"},{"floor":10.0,"key":"LiquidBronze"},{"floor":10.0,"key":"Poison Potion"},{"floor":11.0,"key":"EntropicBrew"},{"floor":16.0,"key":"Energy Potion"},{"floor":21.0,"key":"AttackPotion"},{"floor":47.0,"key":"SkillPotion"}],"is_trial":false,"path_per_floor":["M","$","M","?","?","R","E","M","T","?","M","M","R","E","R","B",null,"M","M","?","M","$","R","E","R","T","R","?","$","E","M","R","B",null,"M","M","M","?","?","R","E","M","T","R","E","?","M","E","R","B","B"],"character_chosen":"THE_SILENT","items_purchased":["Well Laid Plans","Frozen Egg 2","Noxious Fumes+1"],"campfire_rested":5,"item_purchase_floors":[2,22,29],"current_hp_per_floor":[53,53,51,40,35,35,8,8,8,8,7,7,26,26,26,23,55,55,50,50,28,28,28,22,22,32,54,54,54,12,2,24,6,59,59,59,30,30,30,52,32,32,32,54,32,32,32,32,32,20,0],"gold":239,"neow_bonus":"REMOVE_CARD","is_prod":false,"is_daily":false,"chose_seed":false,"campfire_upgraded":4,"win_rate":0,"timestamp":1557950883,"path_taken":["M","$","M","?","?","R","E","M","T","?","?","M","R","E","R","BOSS","M","M","?","M","$","R","E","R","T","R","?","?","E","M","R","BOSS","M","M","M","?","?","R","E","M","T","R","E","?","?","E","R","BOSS","BOSS"],"build_version":"2019-05-07","purchased_purges":1,"victory":false,"max_hp_per_floor":[66,66,66,66,66,66,66,66,66,66,66,66,66,66,66,66,66,66,66,66,66,66,66,66,66,76,76,76,76,76,76,76,76,76,76,76,76,76,76,76,76,76,76,76,76,76,76,76,76,76,76],"card_choices":[{"not_picked":["Dagger Throw","Escape Plan"],"picked":"Predator","floor":1.0},{"not_picked":["Dagger Spray","Underhanded Strike"],"picked":"Dash","floor":3.0},{"not_picked":["Dodge and Roll","Grand Finale"],"picked":"Crippling Poison","floor":7.0},{"not_picked":["Predator","Blade Dance"],"picked":"Deadly Poison","floor":8.0},{"not_picked":["Flechettes","Backflip","Outmaneuver"],"picked":"SKIP","floor":11.0},{"not_picked":["Deflect","Escape Plan"],"picked":"Bouncing Flask","floor":12.0},{"not_picked":["Unload","Backflip"],"picked":"Dagger Spray","floor":14.0},{"not_picked":["Dagger Throw","Outmaneuver"],"picked":"Dodge and Roll","floor":18.0},{"not_picked":["Bane","Quick Slash"],"picked":"Well Laid Plans","floor":19.0},{"not_picked":["Underhanded Strike","Poisoned Stab"],"picked":"Catalyst","floor":21.0},{"not_picked":["Skewer","Dodge and Roll","Prepared"],"picked":"SKIP","floor":24.0},{"not_picked":["Cloak And Dagger+1","Blade Dance"],"picked":"Catalyst","floor":30.0},{"not_picked":["Eviscerate","Cloak And Dagger","Caltrops+1"],"picked":"SKIP","floor":31.0},{"not_picked":["Burst","Glass Knife"],"picked":"After Image+1","floor":33.0},{"not_picked":["Deadly Poison","Dodge and Roll+1"],"picked":"Backflip+1","floor":35.0},{"not_picked":["Leg Sweep","Noxious Fumes+1"],"picked":"Footwork+1","floor":36.0},{"not_picked":["Backstab","Prepared","Sucker Punch"],"picked":"SKIP","floor":37.0},{"not_picked":["Deadly Poison","Masterful Stab+1","Bane"],"picked":"SKIP","floor":41.0},{"not_picked":["Poisoned Stab","Deflect"],"picked":"PiercingWail","floor":42.0},{"not_picked":["Endless Agony","Expertise"],"picked":"Dash+1","floor":45.0},{"not_picked":["Dagger Spray","Backstab","Masterful Stab+1"],"picked":"SKIP","floor":47.0},{"not_picked":["Endless Agony","All Out Attack+1","Bouncing Flask"],"picked":"SKIP","floor":48.0}],"player_experience":2057357,"relics_obtained":[{"floor":7.0,"key":"Centennial Puzzle"},{"floor":9.0,"key":"Art of War"},{"floor":14.0,"key":"Anchor"},{"floor":24.0,"key":"Whetstone"},{"floor":26.0,"key":"Pear"},{"floor":30.0,"key":"Paper Crane"},{"floor":41.0,"key":"Blue Candle"},{"floor":45.0,"key":"MawBank"},{"floor":48.0,"key":"Regal Pillow"}],"event_choices":[{"damage_healed":0.0,"max_hp_gain":0.0,"max_hp_loss":0.0,"gold_gain":75.0,"event_name":"World of Goop","player_choice":"Gather Gold","floor":4.0,"gold_loss":0.0,"damage_taken":11.0},{"damage_healed":0.0,"max_hp_gain":0.0,"max_hp_loss":0.0,"gold_gain":0.0,"event_name":"Scrap Ooze","player_choice":"Success","floor":5.0,"gold_loss":0.0,"damage_taken":5.0,"relics_obtained":["Snake Skull"]},{"damage_healed":0.0,"max_hp_gain":0.0,"max_hp_loss":0.0,"gold_gain":0.0,"event_name":"Lab","player_choice":"Got Potions","floor":10.0,"gold_loss":0.0,"damage_taken":0.0},{"damage_healed":0.0,"max_hp_gain":0.0,"max_hp_loss":0.0,"gold_gain":0.0,"cards_transformed":["Eviscerate","Riddle With Holes"],"event_name":"Drug Dealer","player_choice":"Became Test Subject","floor":20.0,"gold_loss":0.0,"damage_taken":0.0,"cards_obtained":["Bullet Time","Envenom"]},{"damage_healed":0.0,"max_hp_gain":0.0,"max_hp_loss":0.0,"gold_gain":0.0,"event_name":"Beggar","player_choice":"Ignored","floor":28.0,"gold_loss":0.0,"damage_taken":0.0},{"damage_healed":0.0,"max_hp_gain":0.0,"max_hp_loss":0.0,"gold_gain":0.0,"event_name":"The Moai Head","player_choice":"Ignored","floor":38.0,"gold_loss":0.0,"damage_taken":0.0},{"damage_healed":0.0,"max_hp_gain":0.0,"max_hp_loss":0.0,"gold_gain":0.0,"event_name":"Tomb of Lord Red Mask","player_choice":"Paid","floor":39.0,"gold_loss":190.0,"damage_taken":0.0,"relics_obtained":["Red Mask"]},{"damage_healed":0.0,"max_hp_gain":0.0,"max_hp_loss":0.0,"gold_gain":50.0,"event_name":"Golden Shrine","player_choice":"Pray","floor":46.0,"gold_loss":0.0,"damage_taken":0.0}],"is_beta":true,"boss_relics":[{"not_picked":["WristBlade","Sozu"],"picked":"Pandora\u0027s Box"},{"not_picked":["Coffee Dripper","Cursed Key"],"picked":"Fusion Hammer"}],"items_purged_floors":[22],"is_endless":false,"potions_floor_spawned":[7,11,12,16,21,31,33,37,47,48],"killed_by":"Awakened One","ascension_level":20}