{"gold_per_floor":[113,127,140,12,12,12,37,37,63,85,111,134,146,188,200,287,299,323,349,286,29,29,29,29],"floor_reached":24,"playtime":1101,"items_purged":[],"score":512,"play_id":"28d46742-86d1-47f8-9a69-7e95b08c133c","local_time":"20190621155526","is_ascension_mode":true,"campfire_choices":[{"data":"Dash","floor":6,"key":"SMITH"},{"data":"Bouncing Flask","floor":13,"key":"SMITH"},{"data":"Well Laid Plans","floor":15,"key":"SMITH"},{"data":"Deadly Poison","floor":23,"key":"SMITH"}],"neow_cost":"NONE","seed_source_timestamp":337570038345797,"circlet_count":0,"master_deck":["AscendersBane","Strike_G","Strike_G","Strike_G","Defend_G","Defend_G+1","Defend_G","Defend_G","Defend_G","Survivor+1","Neutralize","Dash+1","Masterful Stab","Well Laid Plans+1","Deadly Poison+1","Bouncing Flask+1","All Out Attack","Dash","Bullet Time","Catalyst+1","PiercingWail","Pain"],"special_seed":0,"relics":["Ring of the Snake","War Paint","Happy Flower","MawBank","Sundial","Coffee Dripper","Membership Card","WarpedTongs"],"potions_floor_usage":[7,14,24],"damage_taken":[{"damage":3,"enemies":"Jaw Worm","floor":1,"turns":7},{"damage":4,"enemies":"Cultist","floor":2,"turns":4},{"damage":0,"enemies":"Small Slimes","floor":3,"turns":3},{"damage":10,"enemies":"3 Sentries","floor":7,"turns":11},{"damage":0,"enemies":"Blue Slaver","floor":10,"turns":4},{"damage":2,"enemies":"Gremlin Gang","floor":11,"turns":4},{"damage":5,"enemies":"3 Louse","floor":12,"turns":3},{"damage":11,"enemies":"Gremlin Nob","floor":14,"turns":3},{"damage":0,"enemies":"The Guardian","floor":16,"turns":9},{"damage":12,"enemies":"Shell Parasite","floor":18,"turns":5},{"damage":34,"enemies":"3 Byrds","floor":19,"turns":5},{"damage":23,"enemies":"Slavers","floor":24,"turns":3}],"seed_played":"-4498548515560640280","potions_obtained":[{"floor":2,"key":"AttackPotion"},{"floor":3,"key":"Poison Potion"},{"floor":10,"key":"LiquidBronze"},{"floor":18,"key":"Strength Potion"}],"is_trial":false,"path_per_floor":["M","M","M","$","?","R","E","$","T","M","M","M","R","E","R","B",null,"M","M","?","$","?","R","E"],"character_chosen":"THE_SILENT","items_purchased":["Well Laid Plans","Deadly Poison","Membership Card","Regen Potion"],"campfire_rested":0,"item_purchase_floors":[4,4,21,21],"current_hp_per_floor":[56,52,52,52,52,52,42,42,42,42,40,35,35,24,24,24,56,44,10,10,10,10,10,0],"gold":29,"neow_bonus":"RANDOM_COMMON_RELIC","is_prod":false,"is_daily":false,"chose_seed":false,"campfire_upgraded":4,"win_rate":0,"timestamp":1561128926,"path_taken":["M","M","M","$","?","R","E","?","T","M","M","M","R","E","R","BOSS","M","M","?","$","?","R","E"],"build_version":"2019-06-20","purchased_purges":0,"victory":false,"max_hp_per_floor":[66,66,66,66,66,66,66,66,66,66,66,66,66,66,66,66,66,66,66,66,66,66,66,66],"card_choices":[{"not_picked":["Flying Knee","Escape Plan"],"picked":"Dash","floor":1},{"not_picked":["Acrobatics","Calculated Gamble"],"picked":"Masterful Stab","floor":2},{"not_picked":["Finisher","Blur","Underhanded Strike"],"picked":"SKIP","floor":3},{"not_picked":["Blade Dance","Venomology","Prepared"],"picked":"SKIP","floor":7},{"not_picked":["Underhanded Strike","Deflect","Bane"],"picked":"SKIP","floor":10},{"not_picked":["Deflect","Accuracy"],"picked":"Bouncing Flask","floor":11},{"not_picked":["Cloak And Dagger","Deflect"],"picked":"All Out Attack","floor":12},{"not_picked":["Flying Knee","Distraction"],"picked":"Dash","floor":14},{"not_picked":["Envenom","Storm of Steel"],"picked":"Bullet Time","floor":16},{"not_picked":["Dodge and Roll","Footwork"],"picked":"Catalyst+1","floor":18},{"not_picked":["Concentrate","Underhanded Strike"],"picked":"PiercingWail","floor":19}],"player_experience":2130646,"relics_obtained":[{"floor":7,"key":"Happy Flower"},{"floor":9,"key":"MawBank"},{"floor":14,"key":"Sundial"}],"event_choices":[{"cards_removed":["Strike_G"],"damage_healed":0,"gold_gain":0,"player_choice":"Purged","damage_taken":0,"max_hp_gain":0,"max_hp_loss":0,"event_name":"Purifier","floor":5,"gold_loss":0},{"cards_removed":["Strike_G"],"damage_healed":0,"gold_gain":0,"player_choice":"Gave Gold","damage_taken":0,"max_hp_gain":0,"max_hp_loss":0,"event_name":"Beggar","floor":20,"gold_loss":75},{"damage_healed":0,"gold_gain":0,"player_choice":"Rummage","damage_taken":0,"relics_obtained":["WarpedTongs"],"max_hp_gain":0,"max_hp_loss":0,"event_name":"Accursed Blacksmith","floor":22,"gold_loss":0,"cards_obtained":["Pain"]}],"is_beta":true,"boss_relics":[{"not_picked":["Cursed Key","Velvet Choker"],"picked":"Coffee Dripper"}],"items_purged_floors":[],"is_endless":false,"potions_floor_spawned":[2,3,10,12,18],"killed_by":"Slavers","ascension_level":20}