{"gold_per_floor":[369,384,55,55,71,71,100,118,118,118,118,118,132,132,132,205,205,225,235,30,30,30,30,56,86,110,122,122,141,141,67,67,141,141,155,174,174,174,174,174,204,26,26,26,98,98,112,143,143,143],"floor_reached":51,"playtime":3635,"items_purged":["Strike_R","Strike_R"],"score":1433,"play_id":"f3f1b5f1-4cb4-492c-8960-b4153017cfdd","local_time":"20180804171401","is_ascension_mode":true,"campfire_choices":[{"data":"Bash","floor":6.0,"key":"SMITH"},{"data":"Clothesline","floor":12.0,"key":"SMITH"},{"floor":15.0,"key":"REST"},{"data":"Armaments","floor":23.0,"key":"SMITH"},{"floor":25,"key":"DIG"},{"floor":32,"key":"REST"},{"floor":40,"key":"DIG"},{"floor":44,"key":"REST"},{"data":"Body Slam","floor":46,"key":"SMITH"},{"floor":49,"key":"DIG"}],"neow_cost":"TEN_PERCENT_HP_LOSS","seed_source_timestamp":0,"circlet_count":0,"master_deck":["Strike_R","Defend_R+1","Defend_R","Defend_R+1","Defend_R+1","Bash+1","AscendersBane","Iron Wave","Metallicize","Headbutt","Demon Form+1","Clothesline+1","Warcry+1","True Grit+1","Metallicize","Ghostly Armor+1","Feed","Metallicize","Barricade","Body Slam+1","Shrug It Off+1","Footwork+1","Power Through+1","Battle Trance+1","Shrug It Off+1"],"special_seed":0,"relics":["Burning Blood","Mummified Hand","Potion Belt","Strawberry","Toxic Egg 2","Velvet Choker","Shovel","Tiny Chest","War Paint","Eternal Feather","Gambling Chip","Dodecahedron","Art of War","Self Forming Clay","Juzu Bracelet","Red Skull"],"potions_floor_usage":[35,41,50,50],"damage_taken":[{"damage":6.0,"enemies":"Cultist","floor":1.0,"turns":3.0},{"damage":3.0,"enemies":"Small Slimes","floor":2.0,"turns":5.0},{"damage":0.0,"enemies":"2 Louse","floor":5.0,"turns":4.0},{"damage":30.0,"enemies":"Lagavulin","floor":7.0,"turns":8.0},{"damage":13.0,"enemies":"Large Slime","floor":8.0,"turns":6.0},{"damage":13.0,"enemies":"Lots of Slimes","floor":13.0,"turns":2.0},{"damage":7.0,"enemies":"Slime Boss","floor":16.0,"turns":8.0},{"damage":18.0,"enemies":"Shell Parasite","floor":18.0,"turns":5.0},{"damage":6.0,"enemies":"Spheric Guardian","floor":19.0,"turns":5.0},{"damage":24,"enemies":"Gremlin Leader","floor":24,"turns":8},{"damage":4,"enemies":"Snecko","floor":27,"turns":4},{"damage":26,"enemies":"Snake Plant","floor":29,"turns":5},{"damage":0,"enemies":"Champ","floor":33,"turns":14},{"damage":17,"enemies":"Flame Bruiser 1 Orb","floor":35,"turns":13},{"damage":10,"enemies":"3 Shapes","floor":36,"turns":12},{"damage":64,"enemies":"2 Orb Walkers","floor":41,"turns":10},{"damage":4,"enemies":"Flame Bruiser 2 Orb","floor":47,"turns":11},{"damage":0,"enemies":"Giant Head","floor":48,"turns":12},{"damage":28,"enemies":"Awakened One","floor":50,"turns":13}],"seed_played":"-1358395684309692830","potions_obtained":[{"floor":2.0,"key":"Energy Potion"},{"floor":5.0,"key":"Ancient Potion"},{"floor":7.0,"key":"Ancient Potion"},{"floor":13.0,"key":"Ancient Potion"},{"floor":19.0,"key":"Ancient Potion"},{"floor":29,"key":"AttackPotion"},{"floor":35,"key":"Block Potion"},{"floor":48,"key":"PowerPotion"}],"is_trial":false,"path_per_floor":["M","M","$","?","M","R","E","M","T","?","?","R","M","?","R","B",null,"M","M","$","?","?","R","E","R","T","M","?","M","?","$","R","B",null,"M","M","?","?","?","R","E","$","T","R","T","R","M","E","R","B"],"character_chosen":"IRONCLAD","items_purchased":["Metallicize","Mummified Hand","Headbutt","True Grit+1","Metallicize","Metallicize","LiquidBronze"],"campfire_rested":3,"item_purchase_floors":[3,3,3,20,20,31,42],"current_hp_per_floor":[68,68,68,68,68,68,44,37,44,44,21,21,14,14,36,35,65,53,53,53,53,53,53,35,35,35,37,37,17,17,17,39,45,68,61,61,61,61,61,73,18,18,18,55,55,67,72,81,92,70],"gold":143,"neow_bonus":"TWO_FIFTY_GOLD","is_prod":false,"is_daily":false,"chose_seed":false,"campfire_upgraded":4,"win_rate":0,"timestamp":1533399241,"path_taken":["M","M","$","?","M","R","E","M","T","?","?","R","M","?","R","BOSS","M","M","$","?","?","R","E","R","T","M","?","M","?","$","R","BOSS","M","M","?","?","?","R","E","?","T","R","?","R","?","E","R","BOSS"],"build_version":"2018-08-01","purchased_purges":2,"victory":true,"max_hp_per_floor":[68,68,68,68,68,68,68,68,75,75,75,75,75,75,75,75,75,75,75,75,75,75,75,75,75,75,75,75,75,75,75,75,75,75,79,83,83,83,83,83,86,86,86,86,86,86,89,92,92,92],"card_choices":[{"not_picked":["Rupture","Headbutt"],"picked":"Armaments","floor":1.0},{"not_picked":["Sword Boomerang","Combust"],"picked":"Iron Wave","floor":2.0},{"not_picked":["Blood for Blood","Headbutt"],"picked":"Combust","floor":5.0},{"not_picked":["True Grit","Headbutt"],"picked":"Demon Form","floor":7.0},{"not_picked":["Second Wind","Headbutt"],"picked":"Clothesline","floor":8.0},{"not_picked":["Thunderclap","Heavy Blade","Exhume+1"],"picked":"SKIP","floor":13.0},{"not_picked":["Evolve+1","Clash"],"picked":"Warcry+1","floor":18.0},{"not_picked":["Armaments+1","Cleave","Combust+1"],"picked":"SKIP","floor":19.0},{"not_picked":["Clash","Searing Blow"],"picked":"Ghostly Armor+1","floor":24},{"not_picked":["Evolve","Clothesline","Body Slam"],"picked":"SKIP","floor":27},{"not_picked":["Twin Strike","Battle Trance+1"],"picked":"Feed","floor":29},{"not_picked":["Demon Form","Feed"],"picked":"Barricade","floor":33},{"not_picked":["Burning Pact+1","Pommel Strike"],"picked":"Body Slam","floor":35},{"not_picked":["Armaments+1","Anger+1"],"picked":"Shrug It Off+1","floor":36},{"not_picked":["True Grit+1","Flex+1"],"picked":"Power Through+1","floor":41},{"not_picked":["Sword Boomerang","Uppercut"],"picked":"Battle Trance+1","floor":47},{"not_picked":["Blood for Blood","Sword Boomerang"],"picked":"Shrug It Off+1","floor":48}],"player_experience":1123955,"relics_obtained":[{"floor":7.0,"key":"Potion Belt"},{"floor":9.0,"key":"Strawberry"},{"floor":24,"key":"Shovel"},{"floor":25,"key":"Tiny Chest"},{"floor":26,"key":"War Paint"},{"floor":40,"key":"Gambling Chip"},{"floor":41,"key":"Dodecahedron"},{"floor":43,"key":"Art of War"},{"floor":45,"key":"Self Forming Clay"},{"floor":48,"key":"Juzu Bracelet"},{"floor":49,"key":"Red Skull"}],"event_choices":[{"event_name":"The Cleric","player_choice":"Leave","floor":4.0,"damage_taken":0.0},{"event_name":"WeMeetAgain","player_choice":"Potion","floor":10.0,"damage_taken":0.0},{"event_name":"Shining Light","player_choice":"Entered Light","floor":11.0,"damage_taken":0.0},{"event_name":"Living Wall","player_choice":"Grow","floor":14.0,"damage_taken":0.0},{"event_name":"Drug Dealer","player_choice":"Ignored","floor":21.0,"damage_taken":0.0},{"event_name":"The Mausoleum","player_choice":"No","floor":22.0,"damage_taken":0.0},{"event_name":"Back to Basics","player_choice":"Elegance","floor":28,"damage_taken":0},{"event_name":"Match and Keep!","player_choice":"0 cards matched","floor":30,"damage_taken":0},{"event_name":"Bonfire Elementals","player_choice":"BASIC","floor":37,"damage_taken":0},{"event_name":"NoteForYourself","player_choice":"Took Card","floor":38,"damage_taken":0},{"event_name":"Falling","player_choice":"Removed Power","floor":39,"damage_taken":0}],"is_beta":true,"boss_relics":[{"not_picked":["Astrolabe","Tiny House"],"picked":"Velvet Choker"},{"not_picked":["Mark of Pain","Pandora\u0027s Box"],"picked":"Eternal Feather"}],"items_purged_floors":[20,42],"is_endless":false,"potions_floor_spawned":[2,5,7,13,19,29,35,48],"ascension_level":15}