{"gold_per_floor":[115,133,144,144,8,8,58,58,108,108,128,128,154,172,172,172],"floor_reached":16,"playtime":595,"items_purged":[],"score":200,"play_id":"186d937d-2db2-4e42-9863-74e95485dad5","local_time":"20180908011905","is_ascension_mode":true,"campfire_choices":[{"data":"Bash","floor":6,"key":"SMITH"},{"data":"True Grit","floor":8,"key":"SMITH"},{"data":"Rampage","floor":10,"key":"SMITH"},{"data":"Pommel Strike","floor":15,"key":"SMITH"}],"neow_cost":"NONE","seed_source_timestamp":1825294119577549,"circlet_count":0,"master_deck":["Strike_R","Strike_R","Strike_R","Strike_R","Strike_R","Defend_R","Defend_R","Defend_R","Defend_R","Bash+1","AscendersBane","Flame Barrier+1","Pommel Strike+1","Rampage+1","True Grit+1","Feel No Pain","Anger"],"relics":["Burning Blood","Regal Pillow","Frozen Egg 2"],"potions_floor_usage":[11,16],"damage_taken":[{"damage":14,"enemies":"Jaw Worm","floor":1,"turns":4},{"damage":10,"enemies":"Small Slimes","floor":2,"turns":5},{"damage":0,"enemies":"2 Louse","floor":3,"turns":4},{"damage":11,"enemies":"Lots of Slimes","floor":11,"turns":6},{"damage":31,"enemies":"Gremlin Nob","floor":13,"turns":4},{"damage":8,"enemies":"Blue Slaver","floor":14,"turns":4},{"damage":58,"enemies":"The Guardian","floor":16,"turns":10}],"seed_played":"7702654465305443178","potions_obtained":[{"floor":1,"key":"Energy Potion"},{"floor":3,"key":"Regen Potion"}],"is_trial":false,"path_per_floor":["M","M","M","?","$","R","?","R","T","R","M","?","E","M","R"],"character_chosen":"IRONCLAD","items_purchased":["True Grit","Feel No Pain"],"campfire_rested":0,"item_purchase_floors":[5,5],"current_hp_per_floor":[67,63,69,74,74,74,74,74,74,74,69,69,44,42,42,0],"gold":172,"neow_bonus":"TEN_PERCENT_HP_BONUS","is_prod":false,"is_daily":false,"chose_seed":false,"campfire_upgraded":4,"win_rate":0,"timestamp":1536365945,"path_taken":["M","M","M","?","$","R","?","R","T","R","M","?","E","M","R","BOSS"],"build_version":"2018-09-06","purchased_purges":0,"victory":false,"max_hp_per_floor":[82,82,82,87,87,87,87,87,87,87,87,87,87,87,87,87],"card_choices":[{"not_picked":["Fire Breathing","Anger"],"picked":"Flame Barrier","floor":1},{"not_picked":["Carnage","Bloodletting"],"picked":"Pommel Strike","floor":2},{"not_picked":["Warcry","Rupture"],"picked":"Rampage","floor":3},{"not_picked":["Sever Soul","Heavy Blade"],"picked":"Anger","floor":11},{"not_picked":["Perfected Strike","Clash","Evolve"],"picked":"SKIP","floor":13},{"not_picked":["Perfected Strike","Anger","Wild Strike"],"picked":"SKIP","floor":14}],"player_experience":1277091,"relics_obtained":[{"floor":9,"key":"Regal Pillow"},{"floor":13,"key":"Frozen Egg 2"}],"event_choices":[{"event_name":"Big Fish","player_choice":"Donut","floor":4,"damage_taken":0},{"event_name":"Golden Shrine","player_choice":"Pray","floor":7,"damage_taken":0},{"event_name":"Living Wall","player_choice":"Grow","floor":12,"damage_taken":0}],"is_beta":true,"boss_relics":[],"items_purged_floors":[],"is_endless":false,"potions_floor_spawned":[1,3],"killed_by":"The Guardian","ascension_level":20}