{"gold_per_floor":[114,114,114,114,128,162,162,227,304,331,342,342,355,200,200,303,303,316,316,331,36,50,50,50,96,96,114,114,131,131,150,150,150],"floor_reached":33,"playtime":1660,"items_purged":[],"score":310,"play_id":"dcf8bc04-3d74-4323-8735-56b84ea65fef","local_time":"20190629013947","is_ascension_mode":false,"campfire_choices":[{"data":"Flex","floor":7,"key":"SMITH"},{"data":"Inflame","floor":12,"key":"SMITH"},{"floor":15,"key":"RECALL"},{"floor":24,"key":"REST"},{"data":"Brutality","floor":28,"key":"SMITH"},{"floor":32,"key":"REST"}],"neow_cost":"NONE","seed_source_timestamp":228942745489200,"circlet_count":0,"master_deck":["Strike_R","Strike_R","Strike_R","Strike_R","Strike_R","Defend_R","Defend_R","Defend_R","Defend_R","Bash","Twin Strike","Flex+1","Clothesline","Seeing Red","Inflame+1","Reaper","Battle Trance","Brutality+1","Sword Boomerang+1","RitualDagger","Sword Boomerang","Pummel","Metallicize+1","Warcry+1"],"relics":["Burning Blood","Smiling Mask","Tiny Chest","Strawberry","Blood Vial","Mark of Pain","Incense Burner","Lantern","Frozen Egg 2"],"potions_floor_usage":[8,10,16,23,23,33],"damage_taken":[{"damage":3,"enemies":"Small Slimes","floor":1,"turns":3},{"damage":5,"enemies":"Cultist","floor":5,"turns":4},{"damage":49,"enemies":"Lagavulin","floor":6,"turns":6},{"damage":22,"enemies":"3 Sentries","floor":8,"turns":9},{"damage":6,"enemies":"Gremlin Nob","floor":10,"turns":3},{"damage":1,"enemies":"Jaw Worm","floor":11,"turns":3},{"damage":32,"enemies":"Gremlin Gang","floor":13,"turns":3},{"damage":45,"enemies":"The Guardian","floor":16,"turns":12},{"damage":30,"enemies":"Shell Parasite","floor":18,"turns":5},{"damage":22,"enemies":"3 Byrds","floor":20,"turns":5},{"damage":38,"enemies":"Sentry and Sphere","floor":22,"turns":4},{"damage":40,"enemies":"Book of Stabbing","floor":23,"turns":6},{"damage":11,"enemies":"Chosen and Byrds","floor":27,"turns":3},{"damage":25,"enemies":"Snecko","floor":29,"turns":5},{"damage":20,"enemies":"Centurion and Healer","floor":31,"turns":5},{"damage":93,"enemies":"Champ","floor":33,"turns":9}],"seed_played":"8898347657189201649","potions_obtained":[{"floor":1,"key":"Strength Potion"},{"floor":6,"key":"Block Potion"},{"floor":11,"key":"SkillPotion"},{"floor":18,"key":"SmokeBomb"},{"floor":20,"key":"Block Potion"},{"floor":29,"key":"PowerPotion"}],"is_trial":false,"path_per_floor":["M","?","$","?","M","E","R","E","T","E","M","R","M","$","R","B",null,"M","?","M","$","M","E","R","T","T","M","R","M","?","M","R","B"],"character_chosen":"IRONCLAD","items_purchased":["Blood Vial","Incense Burner"],"campfire_rested":2,"item_purchase_floors":[14,21],"current_hp_per_floor":[88,88,88,88,88,45,45,29,29,36,41,41,43,43,43,16,95,71,65,61,61,38,14,42,42,42,56,56,39,39,35,63,0],"gold":150,"neow_bonus":"TEN_PERCENT_HP_BONUS","is_prod":false,"is_daily":false,"chose_seed":false,"campfire_upgraded":3,"win_rate":0,"timestamp":1561739987,"path_taken":["M","?","$","?","?","E","R","E","T","E","M","R","M","$","R","BOSS","M","?","M","$","M","E","R","?","T","M","R","?","?","M","R","BOSS"],"build_version":"2019-01-23","purchased_purges":0,"victory":false,"max_hp_per_floor":[88,88,88,88,88,88,88,88,88,95,95,95,95,95,95,95,95,95,95,95,95,95,95,95,95,95,95,95,95,95,95,95,95],"card_choices":[{"not_picked":["Uppercut","Clothesline"],"picked":"Twin Strike","floor":1},{"not_picked":["Infernal Blade","Rampage"],"picked":"Flex","floor":5},{"not_picked":["Dual Wield","Shrug It Off"],"picked":"Clothesline","floor":6},{"not_picked":["Combust","True Grit"],"picked":"Seeing Red","floor":8},{"not_picked":["Sword Boomerang","Entrench"],"picked":"Inflame","floor":10},{"not_picked":["Rupture","Shrug It Off"],"picked":"Reaper","floor":11},{"not_picked":["Twin Strike","Reckless Charge"],"picked":"Battle Trance","floor":13},{"not_picked":["Dark Embrace","Demon Form"],"picked":"Brutality","floor":16},{"not_picked":["Intimidate+1","Headbutt"],"picked":"Sword Boomerang+1","floor":18},{"not_picked":["Iron Wave","Combust"],"picked":"Sword Boomerang","floor":20},{"not_picked":["Shrug It Off","Anger"],"picked":"Pummel","floor":22},{"not_picked":["Rampage","Armaments"],"picked":"Metallicize+1","floor":27},{"not_picked":["True Grit","Perfected Strike","Anger"],"picked":"SKIP","floor":29},{"not_picked":["Whirlwind","Cleave"],"picked":"Warcry+1","floor":31}],"player_experience":35129,"relics_obtained":[{"floor":6,"key":"Smiling Mask"},{"floor":8,"key":"Tiny Chest"},{"floor":10,"key":"Strawberry"},{"floor":25,"key":"Lantern"},{"floor":26,"key":"Frozen Egg 2"}],"event_choices":[{"damage_healed":0,"gold_gain":0,"player_choice":"Ignored","damage_taken":0,"max_hp_gain":0,"max_hp_loss":0,"event_name":"Liars Game","floor":2,"gold_loss":0},{"damage_healed":0,"gold_gain":0,"player_choice":"Bought 0 Potions","damage_taken":0,"max_hp_gain":0,"max_hp_loss":0,"event_name":"The Woman in Blue","floor":4,"gold_loss":0},{"damage_healed":0,"gold_gain":0,"player_choice":"Joined the Cult","damage_taken":6,"max_hp_gain":0,"max_hp_loss":0,"event_name":"Nest","floor":19,"gold_loss":0,"cards_obtained":["RitualDagger"]},{"damage_healed":0,"gold_gain":0,"player_choice":"Ignored","damage_taken":0,"max_hp_gain":0,"max_hp_loss":0,"event_name":"Ghosts","floor":30,"gold_loss":0}],"is_beta":false,"boss_relics":[{"not_picked":["Snecko Eye","Tiny House"],"picked":"Mark of Pain"}],"items_purged_floors":[],"is_endless":false,"potions_floor_spawned":[1,6,11,18,20,23,29],"killed_by":"Champ","ascension_level":0}