{"gold_per_floor":[115,115,129,1,1,1,33,49,49,49,71,71,86,135,135,211,211,229,229,229,129,141,141,156,156,156,166,183,183,183,193,193,272,272,283,283,173,6,24,56,13,13,13,13,44,44,55,85,97,109,121],"floor_reached":52,"playtime":2380,"items_purged":["Shame","Strike_R+1"],"score":1897,"play_id":"ede8ddc8-9c6e-4ad5-a8c9-f14066b85d2c","local_time":"20180916002223","is_ascension_mode":true,"campfire_choices":[{"data":"Bash","floor":6,"key":"SMITH"},{"data":"True Grit","floor":10,"key":"SMITH"},{"data":"Inflame","floor":12,"key":"SMITH"},{"data":"Pommel Strike","floor":15,"key":"SMITH"},{"data":"Dark Embrace","floor":23,"key":"SMITH"},{"data":"Whirlwind","floor":29,"key":"SMITH"},{"floor":32,"key":"REST"},{"data":"Inflame","floor":42,"key":"SMITH"},{"data":"Clothesline","floor":44,"key":"SMITH"},{"data":"Iron Wave","floor":46,"key":"SMITH"},{"data":"Feel No Pain","floor":49,"key":"SMITH"}],"neow_cost":"CURSE","seed_source_timestamp":2505541085731803,"circlet_count":0,"master_deck":["Strike_R+1","Strike_R+1","Defend_R+1","Defend_R+1","Defend_R+1","Defend_R+1","Bash+1","AscendersBane","Anger","Shrug It Off","Pommel Strike+1","True Grit+1","Rampage","Inflame+1","Iron Wave+1","Dark Embrace+1","Armaments","Impervious","Clothesline+1","Whirlwind+1","Necronomicurse","Offering","Iron Wave+1","Reaper","Iron Wave+1","Inflame+1","Impervious","Feel No Pain+1"],"relics":["Burning Blood","FossilizedHelix","Happy Flower","Kunai","Odd Mushroom","Centennial Puzzle","Sozu","MutagenicStrength","Singing Bowl","Necronomicon","Velvet Choker","Red Skull","Bag of Marbles","Question Card","Pear","MawBank"],"potions_floor_usage":[16,51],"damage_taken":[{"damage":0,"enemies":"Jaw Worm","floor":1,"turns":4},{"damage":0,"enemies":"Cultist","floor":3,"turns":3},{"damage":20,"enemies":"Lagavulin","floor":7,"turns":6},{"damage":0,"enemies":"Small Slimes","floor":8,"turns":4},{"damage":11,"enemies":"The Mushroom Lair","floor":11,"turns":5},{"damage":0,"enemies":"Gremlin Gang","floor":13,"turns":5},{"damage":43,"enemies":"Hexaghost","floor":16,"turns":10},{"damage":0,"enemies":"Chosen","floor":18,"turns":3},{"damage":11,"enemies":"Spheric Guardian","floor":22,"turns":4},{"damage":16,"enemies":"Snake Plant","floor":24,"turns":4},{"damage":0,"enemies":"Cultist and Chosen","floor":27,"turns":7},{"damage":0,"enemies":"3 Cultists","floor":28,"turns":5},{"damage":0,"enemies":"Chosen and Byrds","floor":31,"turns":4},{"damage":57,"enemies":"Automaton","floor":33,"turns":10},{"damage":20,"enemies":"3 Darklings","floor":35,"turns":3},{"damage":16,"enemies":"3 Shapes","floor":39,"turns":10},{"damage":14,"enemies":"2 Orb Walkers","floor":40,"turns":3},{"damage":0,"enemies":"Nemesis","floor":45,"turns":7},{"damage":5,"enemies":"Maw","floor":47,"turns":7},{"damage":9,"enemies":"2 Orb Walkers","floor":48,"turns":3},{"damage":89,"enemies":"Awakened One","floor":50,"turns":10},{"damage":31,"enemies":"Donu and Deca","floor":51,"turns":7}],"seed_played":"6577949147684516599","potions_obtained":[{"floor":2,"key":"FearPotion"},{"floor":2,"key":"BloodPotion"},{"floor":3,"key":"GamblersBrew"},{"floor":7,"key":"LiquidBronze"}],"is_trial":false,"path_per_floor":["M","?","M","$","?","R","E","M","T","R","?","R","M","T","R","B",null,"M","?","?","$","M","R","M","?","T","M","M","R","?","M","R","B",null,"M","?","?","$","M","E","$","R","T","R","E","R","M","E","R","B","B"],"character_chosen":"IRONCLAD","items_purchased":["Pommel Strike","Red Skull","Inflame"],"campfire_rested":1,"item_purchase_floors":[4,38,41],"current_hp_per_floor":[74,74,75,75,75,75,61,67,67,67,62,62,68,68,68,31,64,70,49,49,49,44,44,34,34,34,40,48,48,27,35,60,9,65,51,51,51,51,70,64,64,64,64,64,90,90,98,95,95,38,53],"gold":133,"neow_bonus":"ONE_RARE_RELIC","is_prod":false,"is_daily":false,"chose_seed":false,"campfire_upgraded":10,"win_rate":0,"timestamp":1537053743,"path_taken":["M","?","?","$","?","R","E","?","T","R","?","R","M","?","R","BOSS","M","?","?","$","M","R","M","?","T","M","M","R","?","M","R","BOSS","M","?","?","$","M","E","?","R","T","R","E","R","M","E","R","BOSS","BOSS"],"build_version":"2018-09-12","purchased_purges":2,"victory":true,"max_hp_per_floor":[75,75,75,75,75,75,75,75,75,75,75,75,75,75,75,75,75,75,80,80,80,80,80,80,80,80,80,82,82,82,84,84,84,84,84,84,84,84,84,86,86,86,86,86,96,96,98,98,98,98,98],"card_choices":[{"not_picked":["Cleave","Havoc"],"picked":"Anger","floor":1},{"not_picked":["Armaments","Blood for Blood"],"picked":"Shrug It Off","floor":3},{"not_picked":["Hemokinesis","Armaments"],"picked":"True Grit","floor":7},{"not_picked":["Wild Strike","Dual Wield"],"picked":"Rampage","floor":8},{"not_picked":["Burning Pact","Havoc"],"picked":"Inflame","floor":11},{"not_picked":["Clash","Intimidate"],"picked":"Iron Wave","floor":13},{"not_picked":["Double Tap","Bludgeon"],"picked":"Dark Embrace","floor":16},{"not_picked":["Anger+1","Sword Boomerang"],"picked":"Armaments","floor":18},{"not_picked":["Heavy Blade","Sword Boomerang"],"picked":"Impervious","floor":22},{"not_picked":["Warcry","Headbutt+1"],"picked":"Clothesline","floor":24},{"not_picked":["Bloodletting+1","Searing Blow"],"picked":"Whirlwind","floor":27},{"not_picked":["Rupture+1","Anger","Cleave"],"picked":"Singing Bowl","floor":28},{"not_picked":["Pommel Strike+1","Fiend Fire","Flex"],"picked":"Singing Bowl","floor":31},{"not_picked":["Juggernaut","Double Tap"],"picked":"Offering","floor":33},{"not_picked":["Corruption","Havoc"],"picked":"Iron Wave","floor":35},{"not_picked":["Pummel","Power Through"],"picked":"Iron Wave+1","floor":39},{"not_picked":["Carnage","Bloodletting","Shockwave"],"picked":"Singing Bowl","floor":40},{"not_picked":["Thunderclap","Inflame","Carnage"],"picked":"Impervious","floor":45},{"not_picked":["Burning Pact","Pummel","Sentinel","Metallicize"],"picked":"Singing Bowl","floor":47},{"not_picked":["Sword Boomerang","Heavy Blade","Ghostly Armor"],"picked":"Feel No Pain","floor":48}],"player_experience":1307308,"relics_obtained":[{"floor":7,"key":"Happy Flower"},{"floor":9,"key":"Kunai"},{"floor":11,"key":"Odd Mushroom"},{"floor":14,"key":"Centennial Puzzle"},{"floor":26,"key":"Singing Bowl"},{"floor":30,"key":"Necronomicon"},{"floor":40,"key":"Bag of Marbles"},{"floor":43,"key":"Question Card"},{"floor":45,"key":"Pear"},{"floor":48,"key":"MawBank"}],"event_choices":[{"event_name":"The Lab","player_choice":"Got Potions","floor":2,"damage_taken":0},{"event_name":"Bonfire Elementals","player_choice":"BASIC","floor":5,"damage_taken":0},{"event_name":"Mushrooms","player_choice":"Fought Mushrooms","floor":11,"damage_taken":0},{"event_name":"Forgotten Altar","player_choice":"Shed Blood","floor":19,"damage_taken":0},{"event_name":"Back to Basics","player_choice":"Simplicity","floor":20,"damage_taken":0},{"event_name":"Drug Dealer","player_choice":"Inject Mutagens","floor":25,"damage_taken":0},{"event_name":"Cursed Tome","player_choice":"Obtained Book","floor":30,"damage_taken":0},{"event_name":"Match and Keep!","player_choice":"1 cards matched","floor":36,"damage_taken":0},{"event_name":"Designer","player_choice":"Full Service","floor":37,"damage_taken":0}],"is_beta":true,"boss_relics":[{"not_picked":["Calling Bell","Runic Pyramid"],"picked":"Sozu"},{"not_picked":["Runic Dome","Mark of Pain"],"picked":"Velvet Choker"}],"items_purged_floors":[4,21],"is_endless":false,"potions_floor_spawned":[3,7,13,18,24,28,45,47,48],"ascension_level":20}