{"gold_per_floor":[116,128,128,21,38,38,65,65,65,79,79,107,107,121,121,199,199,217,289,300,311,329,329,359,370,370,405,405,421,421,446,446,523,523,537,194,213,313,331,331,358,358,358,376,73,73,104,118,118,118,118,118,118,4,36,36],"floor_reached":57,"playtime":3755,"items_purged":["Strike_B"],"score":2814,"play_id":"d036feb5-08e6-4e9c-a22f-540f0b46ebb9","local_time":"20190804015721","is_ascension_mode":true,"campfire_choices":[{"data":"Defragment","floor":6.0,"key":"SMITH"},{"data":"Sweeping Beam","floor":8.0,"key":"SMITH"},{"floor":11.0,"key":"REST"},{"data":"Darkness","floor":15.0,"key":"SMITH"},{"floor":23.0,"key":"REST"},{"floor":28.0,"key":"REST"},{"floor":30.0,"key":"REST"},{"floor":32.0,"key":"DIG"},{"floor":40.0,"key":"REST"},{"floor":42.0,"key":"RECALL"},{"floor":49.0,"key":"DIG"},{"floor":53.0,"key":"DIG"}],"neow_cost":"NONE","seed_source_timestamp":0,"circlet_count":0,"master_deck":["AscendersBane","Strike_B","Strike_B","Strike_B","Defend_B","Defend_B","Defend_B","Defend_B","Zap+1","Dualcast","Coolheaded","Defragment+1","Sweeping Beam+1","Go for the Eyes","Ball Lightning","Ball Lightning","Darkness+1","Electrodynamics","Recycle+1","Genetic Algorithm+1","Echo Form","Genetic Algorithm","FTL","Loop+1","Coolheaded","Self Repair","Electrodynamics","Consume","Apotheosis","Static Discharge","Glacier+1","Seek","Consume","Glacier+1","Coolheaded"],"special_seed":0,"relics":["Cracked Core","Gremlin Horn","Bronze Scales","Mango","GremlinMask","Fusion Hammer","Ornamental Fan","Shovel","Symbiotic Virus","Regal Pillow","Oddly Smooth Stone","Ginger","Inserter","Incense Burner","Potion Belt","ClockworkSouvenir","Orichalcum","Strawberry","Blue Candle","Turnip"],"potions_floor_usage":[55,56,56,56],"damage_taken":[{"damage":1.0,"enemies":"Cultist","floor":1.0,"turns":3.0},{"damage":0.0,"enemies":"Small Slimes","floor":2.0,"turns":3.0},{"damage":2.0,"enemies":"Jaw Worm","floor":5.0,"turns":2.0},{"damage":22.0,"enemies":"3 Sentries","floor":7.0,"turns":5.0},{"damage":12.0,"enemies":"Exordium Wildlife","floor":10.0,"turns":4.0},{"damage":2.0,"enemies":"Lagavulin","floor":12.0,"turns":6.0},{"damage":11.0,"enemies":"Exordium Thugs","floor":14.0,"turns":3.0},{"damage":3.0,"enemies":"Slime Boss","floor":16.0,"turns":7.0},{"damage":4.0,"enemies":"3 Byrds","floor":18.0,"turns":2.0},{"damage":9.0,"enemies":"Chosen","floor":20.0,"turns":4.0},{"damage":42.0,"enemies":"Shelled Parasite and Fungi","floor":21.0,"turns":5.0},{"damage":3.0,"enemies":"Chosen and Byrds","floor":22.0,"turns":3.0},{"damage":31.0,"enemies":"Book of Stabbing","floor":24.0,"turns":4.0},{"damage":1.0,"enemies":"3 Cultists","floor":25.0,"turns":3.0},{"damage":10.0,"enemies":"Slavers","floor":27.0,"turns":3.0},{"damage":17.0,"enemies":"Centurion and Healer","floor":29.0,"turns":4.0},{"damage":0.0,"enemies":"Gremlin Leader","floor":31.0,"turns":4.0},{"damage":53.0,"enemies":"Collector","floor":33.0,"turns":8.0},{"damage":7.0,"enemies":"Orb Walker","floor":35.0,"turns":4.0},{"damage":15.0,"enemies":"3 Darklings","floor":37.0,"turns":3.0},{"damage":38.0,"enemies":"Mind Bloom Boss Battle","floor":38.0,"turns":6.0},{"damage":9.0,"enemies":"4 Shapes","floor":39.0,"turns":5.0},{"damage":58.0,"enemies":"Giant Head","floor":41.0,"turns":17.0},{"damage":0.0,"enemies":"Transient","floor":44.0,"turns":6.0},{"damage":33.0,"enemies":"Reptomancer","floor":47.0,"turns":6.0},{"damage":0.0,"enemies":"Sphere and 2 Shapes","floor":48.0,"turns":13.0},{"damage":28.0,"enemies":"Donu and Deca","floor":50.0,"turns":9.0},{"damage":51.0,"enemies":"Awakened One","floor":51.0,"turns":15.0},{"damage":55,"enemies":"Shield and Spear","floor":55,"turns":23},{"damage":36,"enemies":"The Heart","floor":56,"turns":13}],"seed_played":"3855027407593507723","potions_obtained":[{"floor":2.0,"key":"GamblersBrew"},{"floor":5.0,"key":"FearPotion"},{"floor":16.0,"key":"Energy Potion"},{"floor":24.0,"key":"Weak Potion"},{"floor":29.0,"key":"SpeedPotion"},{"floor":31.0,"key":"GamblersBrew"},{"floor":33.0,"key":"PowerPotion"},{"floor":44.0,"key":"Regen Potion"},{"floor":47.0,"key":"Regen Potion"},{"floor":55,"key":"Regen Potion"}],"is_trial":false,"path_per_floor":["M","M","?","$","M","R","E","R","T","M","R","E","?","M","R","B",null,"M","T","M","M","M","R","E","M","T","E","R","M","R","E","R","B",null,"M","$","M","?","M","R","E","R","T","M","$","?","E","M","R","B","B",null,"R","$","E","B",null],"character_chosen":"DEFECT","items_purchased":["Sweeping Beam","Go for the Eyes","Apotheosis","Static Discharge","ClockworkSouvenir","Ancient Potion","PowerPotion","Coolheaded"],"campfire_rested":5,"item_purchase_floors":[4,4,36,36,45,45,54,54],"current_hp_per_floor":[63,63,68,68,66,66,44,44,44,32,54,66,66,55,55,52,81,77,77,68,26,23,50,19,18,18,8,50,33,75,75,75,29,75,68,68,60,36,34,76,25,25,25,35,35,35,12,32,39,83,52,86,86,86,41,30],"gold":36,"neow_bonus":"UPGRADE_CARD","is_prod":false,"is_daily":false,"chose_seed":false,"campfire_upgraded":3,"win_rate":0,"timestamp":1564880241,"path_taken":["M","?","?","$","M","R","E","R","T","M","R","E","?","?","R","BOSS","M","?","?","M","M","R","E","M","T","E","R","M","R","E","R","BOSS","M","$","?","?","M","R","E","R","T","M","$","?","E","M","R","BOSS","BOSS","R","$","E","BOSS"],"build_version":"2019-07-18","purchased_purges":1,"victory":true,"max_hp_per_floor":[71,71,76,76,76,76,76,76,76,76,76,90,90,90,90,90,90,90,90,90,90,90,90,90,90,90,90,90,90,90,90,90,90,90,90,90,90,90,90,90,90,90,90,90,90,90,90,90,97,97,97,97,97,97,97,97],"card_choices":[{"not_picked":["Rebound","Tempest"],"picked":"Coolheaded","floor":1.0},{"not_picked":["Gash","Barrage"],"picked":"Defragment","floor":2.0},{"not_picked":["Steam","Go for the Eyes"],"picked":"Ball Lightning","floor":5.0},{"not_picked":["Tempest","Fusion","Machine Learning"],"picked":"SKIP","floor":7.0},{"not_picked":["Redo","Compile Driver"],"picked":"Ball Lightning","floor":10.0},{"not_picked":["Sunder","Glacier"],"picked":"Darkness","floor":12.0},{"not_picked":["Sweeping Beam","Darkness","Gash"],"picked":"SKIP","floor":14.0},{"not_picked":["Multi-Cast","All For One"],"picked":"Electrodynamics","floor":16.0},{"not_picked":["Gash","Conserve Battery"],"picked":"Recycle+1","floor":18.0},{"not_picked":["Turbo","Gash+1","Stack"],"picked":"SKIP","floor":20.0},{"not_picked":["Blizzard","Stack+1"],"picked":"Genetic Algorithm+1","floor":21.0},{"not_picked":["Tempest","Double Energy"],"picked":"Echo Form","floor":22.0},{"not_picked":["FTL","Hologram"],"picked":"Genetic Algorithm","floor":24.0},{"not_picked":["Rebound","BootSequence"],"picked":"FTL","floor":25.0},{"not_picked":["Defragment","Chaos"],"picked":"Loop+1","floor":27.0},{"not_picked":["Beam Cell","Leap"],"picked":"Coolheaded","floor":29.0},{"not_picked":["Stack+1","Creative AI"],"picked":"Self Repair","floor":31.0},{"not_picked":["Hyperbeam","Thunder Strike"],"picked":"Electrodynamics","floor":33.0},{"not_picked":["Beam Cell","Rebound"],"picked":"Consume","floor":35.0},{"not_picked":["Leap+1","Conserve Battery"],"picked":"Glacier+1","floor":37.0},{"not_picked":["Go for the Eyes","BootSequence"],"picked":"Seek","floor":38.0},{"not_picked":["Lockon+1","Loop"],"picked":"Consume","floor":39.0},{"not_picked":["Hello World","Fusion+1","Go for the Eyes"],"picked":"SKIP","floor":41.0},{"not_picked":["Aggregate","Conserve Battery","Capacitor+1"],"picked":"SKIP","floor":44.0},{"not_picked":["Reinforced Body","Barrage+1"],"picked":"Glacier+1","floor":47.0},{"not_picked":["Chaos","Cold Snap","Glacier+1"],"picked":"SKIP","floor":48.0},{"not_picked":["Go for the Eyes","Multi-Cast","Gash"],"picked":"SKIP","floor":55}],"player_experience":2279686,"relics_obtained":[{"floor":7.0,"key":"Gremlin Horn"},{"floor":9.0,"key":"Bronze Scales"},{"floor":12.0,"key":"Mango"},{"floor":19.0,"key":"Ornamental Fan"},{"floor":24.0,"key":"Shovel"},{"floor":26.0,"key":"Symbiotic Virus"},{"floor":27.0,"key":"Regal Pillow"},{"floor":31.0,"key":"Oddly Smooth Stone"},{"floor":32.0,"key":"Ginger"},{"floor":38.0,"key":"Incense Burner"},{"floor":41.0,"key":"Potion Belt"},{"floor":47.0,"key":"Orichalcum"},{"floor":49.0,"key":"Strawberry"},{"floor":53.0,"key":"Blue Candle"},{"floor":55,"key":"Turnip"}],"event_choices":[{"damage_healed":0.0,"max_hp_gain":5.0,"max_hp_loss":0.0,"gold_gain":0.0,"event_name":"Big Fish","player_choice":"Donut","floor":3.0,"gold_loss":0.0,"damage_taken":0.0},{"damage_healed":0.0,"max_hp_gain":0.0,"max_hp_loss":0.0,"gold_gain":0.0,"event_name":"FaceTrader","player_choice":"Trade","floor":13.0,"gold_loss":0.0,"damage_taken":0.0,"relics_obtained":["GremlinMask"]},{"damage_healed":0.0,"max_hp_gain":0.0,"max_hp_loss":0.0,"gold_gain":0.0,"event_name":"MindBloom","player_choice":"Fight","floor":38.0,"gold_loss":0.0,"damage_taken":0.0},{"damage_healed":0.0,"max_hp_gain":0.0,"max_hp_loss":0.0,"gold_gain":0.0,"event_name":"Match and Keep!","player_choice":"0 cards matched","floor":46.0,"gold_loss":0.0,"damage_taken":0.0,"cards_obtained":[]}],"is_beta":true,"boss_relics":[{"not_picked":["White Beast Statue","Busted Crown"],"picked":"Fusion Hammer"},{"not_picked":["Tiny House","Coffee Dripper"],"picked":"Inserter"}],"items_purged_floors":[36],"is_endless":false,"potions_floor_spawned":[2,5,16,20,24,29,31,33,37,39,44,47,55],"ascension_level":20}