{"gold_per_floor":[115,115,126,137,153,185,203,203,253,269,285,303,329,339,339,416,416,432,432,357,377,377,410,410,435,435,463,152,152,152,152,152,228,228,244,256,266,113,131,131,164,164,216,216,545,560,572,590,590,590,590],"floor_reached":51,"playtime":2929,"items_purged":["Regret","Shame","Decay"],"score":1472,"play_id":"49b3c971-d593-477f-a54c-268f084bce81","local_time":"20190614235841","is_ascension_mode":true,"campfire_choices":[{"data":"Inflame","floor":8.0,"key":"SMITH"},{"data":"Uppercut","floor":15.0,"key":"SMITH"},{"data":"True Grit","floor":24.0,"key":"SMITH"},{"data":"1","floor":29.0,"key":"LIFT"},{"floor":32.0,"key":"REST"},{"data":"2","floor":40.0,"key":"LIFT"},{"data":"3","floor":42.0,"key":"LIFT"},{"floor":49.0,"key":"RECALL"}],"neow_cost":"NONE","seed_source_timestamp":0,"circlet_count":0,"master_deck":["AscendersBane","Strike_R+1","Strike_R+1","Strike_R+1","Strike_R+1","Defend_R+1","Defend_R+1","Defend_R+1","Defend_R+1","Bash","Uppercut+1","Twin Strike","Armaments","Headbutt","Inflame+1","Sword Boomerang","True Grit+1","Impervious","Fiend Fire","Inflame","Juggernaut","Body Slam+1","Shrug It Off","Disarm+1","Seeing Red","True Grit+1"],"special_seed":0,"relics":["Burning Blood","PreservedInsect","Regal Pillow","Darkstone Periapt","Calling Bell","Strawberry","Meat on the Bone","Pocketwatch","Red Skull","Anchor","Molten Egg 2","Girya","OrangePellets","Nilry\u0027s Codex","Velvet Choker","Paper Frog","Centennial Puzzle","Old Coin"],"potions_floor_usage":[51],"damage_taken":[{"damage":1.0,"enemies":"2 Louse","floor":1.0,"turns":4.0},{"damage":0.0,"enemies":"Cultist","floor":3.0,"turns":3.0},{"damage":1.0,"enemies":"Small Slimes","floor":4.0,"turns":4.0},{"damage":8.0,"enemies":"Blue Slaver","floor":5.0,"turns":5.0},{"damage":30.0,"enemies":"3 Sentries","floor":6.0,"turns":7.0},{"damage":4.0,"enemies":"Looter","floor":7.0,"turns":4.0},{"damage":0.0,"enemies":"2 Fungi Beasts","floor":10.0,"turns":3.0},{"damage":17.0,"enemies":"Lots of Slimes","floor":11.0,"turns":4.0},{"damage":7.0,"enemies":"Large Slime","floor":12.0,"turns":5.0},{"damage":6.0,"enemies":"Gremlin Nob","floor":13.0,"turns":3.0},{"damage":6.0,"enemies":"Looter","floor":14.0,"turns":3.0},{"damage":34.0,"enemies":"The Guardian","floor":16.0,"turns":15.0},{"damage":13.0,"enemies":"Spheric Guardian","floor":18.0,"turns":3.0},{"damage":15.0,"enemies":"Shell Parasite","floor":21.0,"turns":3.0},{"damage":50.0,"enemies":"Book of Stabbing","floor":23.0,"turns":4.0},{"damage":5.0,"enemies":"Gremlin Leader","floor":27.0,"turns":6.0},{"damage":71.0,"enemies":"Collector","floor":33.0,"turns":8.0},{"damage":33.0,"enemies":"3 Darklings","floor":35.0,"turns":7.0},{"damage":2.0,"enemies":"Orb Walker","floor":36.0,"turns":2.0},{"damage":42.0,"enemies":"Jaw Worm Horde","floor":37.0,"turns":4.0},{"damage":17.0,"enemies":"Writhing Mass","floor":39.0,"turns":6.0},{"damage":17.0,"enemies":"Nemesis","floor":41.0,"turns":5.0},{"damage":18.0,"enemies":"Reptomancer","floor":45.0,"turns":3.0},{"damage":3.0,"enemies":"Sphere and 2 Shapes","floor":46.0,"turns":5.0},{"damage":17.0,"enemies":"Maw","floor":47.0,"turns":7.0},{"damage":21.0,"enemies":"Jaw Worm Horde","floor":48.0,"turns":5.0},{"damage":33.0,"enemies":"Time Eater","floor":50.0,"turns":10.0},{"damage":47,"enemies":"Donu and Deca","floor":51,"turns":5}],"seed_played":"1579065596359939296","potions_obtained":[{"floor":2.0,"key":"FairyPotion"},{"floor":2.0,"key":"Block Potion"},{"floor":3.0,"key":"FearPotion"},{"floor":5.0,"key":"Fruit Juice"},{"floor":6.0,"key":"SpeedPotion"},{"floor":10.0,"key":"SkillPotion"},{"floor":37.0,"key":"Weak Potion"},{"floor":41.0,"key":"Swift Potion"},{"floor":45.0,"key":"GamblersBrew"},{"floor":46.0,"key":"Block Potion"},{"floor":47.0,"key":"Dexterity Potion"}],"is_trial":false,"path_per_floor":["M","?","M","M","M","E","M","R","T","M","M","M","E","M","R","B",null,"M","?","$","M","?","E","R","T","T","E","$","R","?","?","R","B",null,"M","M","M","$","M","R","E","R","T","?","E","M","M","M","R","B","B"],"character_chosen":"IRONCLAD","items_purchased":["OrangePellets","Shrug It Off"],"campfire_rested":1,"item_purchase_floors":[28,38],"current_hp_per_floor":[73,73,75,75,73,54,56,56,56,62,51,50,50,50,50,22,91,84,84,84,75,75,43,43,43,43,56,56,56,35,35,81,28,86,59,63,39,39,40,40,41,41,41,41,41,56,57,54,54,39,0],"gold":590,"neow_bonus":"RANDOM_COMMON_RELIC","is_prod":false,"is_daily":false,"chose_seed":false,"campfire_upgraded":3,"win_rate":0,"timestamp":1560553121,"path_taken":["M","?","M","?","M","E","M","R","T","M","M","M","E","M","R","BOSS","M","?","$","M","?","E","R","?","T","E","?","R","?","?","R","BOSS","M","M","M","$","M","R","E","R","T","?","E","?","M","M","R","BOSS","BOSS"],"build_version":"2019-06-13","purchased_purges":3,"victory":false,"max_hp_per_floor":[75,75,75,75,75,80,80,80,80,80,80,80,80,80,80,80,105,105,105,105,105,105,105,105,105,105,105,105,105,105,105,105,105,105,105,105,105,105,105,105,105,105,105,105,105,105,105,105,105,105,105],"card_choices":[{"not_picked":["Cleave","Armaments"],"picked":"Uppercut","floor":1.0},{"not_picked":["Thunderclap","Searing Blow"],"picked":"Twin Strike","floor":3.0},{"not_picked":["Burning Pact","Evolve"],"picked":"Armaments","floor":4.0},{"not_picked":["Rupture","Warcry"],"picked":"Headbutt","floor":5.0},{"not_picked":["Shrug It Off","Wild Strike"],"picked":"Inflame","floor":6.0},{"not_picked":["Iron Wave","Rage"],"picked":"Sword Boomerang","floor":7.0},{"not_picked":["Searing Blow","Berserk","Twin Strike"],"picked":"SKIP","floor":10.0},{"not_picked":["Uppercut","Sentinel"],"picked":"True Grit","floor":11.0},{"not_picked":["Wild Strike","Whirlwind","Fire Breathing"],"picked":"SKIP","floor":12.0},{"not_picked":["Evolve","Spot Weakness"],"picked":"Impervious","floor":13.0},{"not_picked":["Pommel Strike","Warcry","Body Slam"],"picked":"SKIP","floor":14.0},{"not_picked":["Bludgeon","Exhume"],"picked":"Fiend Fire","floor":16.0},{"not_picked":["Body Slam","Rage"],"picked":"Inflame","floor":18.0},{"not_picked":["Body Slam","Wild Strike","Sword Boomerang"],"picked":"SKIP","floor":21.0},{"not_picked":["Berserk","Burning Pact","Intimidate"],"picked":"SKIP","floor":23.0},{"not_picked":["Bloodletting","Sentinel","Seeing Red"],"picked":"SKIP","floor":27.0},{"not_picked":["Demon Form","Brutality"],"picked":"Juggernaut","floor":33.0},{"not_picked":["Evolve+1","Entrench","Anger+1"],"picked":"SKIP","floor":35.0},{"not_picked":["Havoc","Anger+1","Wild Strike+1"],"picked":"SKIP","floor":36.0},{"not_picked":["Burning Pact","Rage"],"picked":"Body Slam+1","floor":37.0},{"not_picked":["Flex","Twin Strike+1","Sentinel"],"picked":"SKIP","floor":39.0},{"not_picked":["Rupture","Second Wind"],"picked":"Disarm+1","floor":41.0},{"not_picked":["Demon Form","Fire Breathing","Body Slam+1"],"picked":"SKIP","floor":45.0},{"not_picked":["Blood for Blood+1","Power Through","Thunderclap+1"],"picked":"SKIP","floor":46.0},{"not_picked":["Wild Strike+1","Headbutt+1","Anger+1"],"picked":"SKIP","floor":47.0},{"not_picked":["Heavy Blade+1","Blood for Blood+1"],"picked":"True Grit+1","floor":48.0}],"player_experience":2104791,"relics_obtained":[{"floor":6.0,"key":"Regal Pillow"},{"floor":13.0,"key":"Darkstone Periapt"},{"floor":17.0,"key":"Strawberry"},{"floor":17.0,"key":"Meat on the Bone"},{"floor":17.0,"key":"Pocketwatch"},{"floor":23.0,"key":"Red Skull"},{"floor":25.0,"key":"Anchor"},{"floor":26.0,"key":"Molten Egg 2"},{"floor":27.0,"key":"Girya"},{"floor":30.0,"key":"Nilry\u0027s Codex"},{"floor":41.0,"key":"Paper Frog"},{"floor":43.0,"key":"Centennial Puzzle"},{"floor":45.0,"key":"Old Coin"}],"event_choices":[{"damage_healed":0.0,"max_hp_gain":0.0,"max_hp_loss":0.0,"gold_gain":0.0,"event_name":"Lab","player_choice":"Got Potions","floor":2.0,"gold_loss":0.0,"damage_taken":0.0},{"damage_healed":0.0,"max_hp_gain":0.0,"max_hp_loss":0.0,"gold_gain":0.0,"event_name":"Back to Basics","player_choice":"Simplicity","floor":19.0,"gold_loss":0.0,"damage_taken":0.0,"cards_upgraded":["Strike_R","Strike_R","Strike_R","Strike_R","Strike_R","Defend_R","Defend_R","Defend_R","Defend_R"]},{"damage_healed":0.0,"max_hp_gain":0.0,"max_hp_loss":0.0,"gold_gain":0.0,"event_name":"The Mausoleum","player_choice":"Ignored","floor":22.0,"gold_loss":0.0,"damage_taken":0.0},{"damage_healed":0.0,"max_hp_gain":0.0,"max_hp_loss":0.0,"gold_gain":0.0,"event_name":"Cursed Tome","player_choice":"Obtained Book","floor":30.0,"gold_loss":0.0,"damage_taken":21.0},{"damage_healed":0.0,"max_hp_gain":0.0,"max_hp_loss":0.0,"gold_gain":0.0,"event_name":"Vampires","player_choice":"Ignored","floor":31.0,"gold_loss":0.0,"damage_taken":0.0},{"damage_healed":0.0,"max_hp_gain":0.0,"max_hp_loss":0.0,"gold_gain":0.0,"cards_transformed":["Strike_R"],"event_name":"Transmorgrifier","player_choice":"Transformed","floor":44.0,"gold_loss":0.0,"damage_taken":0.0,"cards_obtained":["Seeing Red"]}],"is_beta":true,"boss_relics":[{"not_picked":["Orrery","Runic Cube"],"picked":"Calling Bell"},{"not_picked":["Pandora\u0027s Box","Philosopher\u0027s Stone"],"picked":"Velvet Choker"}],"items_purged_floors":[20,28,38],"is_endless":false,"potions_floor_spawned":[3,5,6,10,12,18,37,41,45,46,47],"killed_by":"Donu and Deca","ascension_level":20}