{"gold_per_floor":[212,227,242,4,4,4,4,4,4,4,4,4,38,48,48,124,124,139,153,153,171,171,203,203,233,233,233,260,273,273],"floor_reached":30,"playtime":1241,"items_purged":["Strike_B"],"score":572,"play_id":"8771813d-e3b8-480a-ab01-beaa87620e31","local_time":"20190616215139","is_ascension_mode":true,"campfire_choices":[{"data":"White Noise","floor":6,"key":"SMITH"},{"data":"Capacitor","floor":8,"key":"SMITH"},{"data":"Ball Lightning","floor":12,"key":"SMITH"},{"data":"Coolheaded","floor":15,"key":"SMITH"},{"floor":24,"key":"REST"},{"floor":27,"key":"REST"}],"neow_cost":"NONE","seed_source_timestamp":90577596090117,"circlet_count":0,"master_deck":["AscendersBane","Strike_B","Strike_B","Defend_B","Defend_B","Defend_B","Defend_B","Zap+1","Dualcast","Ball Lightning+1","White Noise+1","Capacitor+1","Coolheaded+1","Cold Snap","Rainbow","Turbo","Steam+1","Necronomicurse","Biased Cognition","Self Repair","Steam"],"relics":["Cracked Core","Bag of Preparation","Ancient Tea Set","Nunchaku","Runic Pyramid","Necronomicon","Art of War","Blue Candle","Anchor","Strawberry"],"potions_floor_usage":[23,30],"damage_taken":[{"damage":0,"enemies":"Small Slimes","floor":1,"turns":3},{"damage":6,"enemies":"2 Louse","floor":2,"turns":3},{"damage":1,"enemies":"Cultist","floor":3,"turns":3},{"damage":15,"enemies":"Lagavulin","floor":13,"turns":5},{"damage":7,"enemies":"Blue Slaver","floor":14,"turns":3},{"damage":6,"enemies":"The Guardian","floor":16,"turns":11},{"damage":3,"enemies":"Chosen","floor":18,"turns":5},{"damage":11,"enemies":"Shell Parasite","floor":19,"turns":7},{"damage":1,"enemies":"Centurion and Healer","floor":21,"turns":7},{"damage":22,"enemies":"Slavers","floor":23,"turns":5},{"damage":22,"enemies":"Book of Stabbing","floor":25,"turns":4},{"damage":9,"enemies":"Gremlin Leader","floor":28,"turns":8},{"damage":24,"enemies":"Shelled Parasite and Fungi","floor":29,"turns":4},{"damage":26,"enemies":"Slavers","floor":30,"turns":3}],"seed_played":"-1156318966402508431","potions_obtained":[{"floor":3,"key":"Fire Potion"},{"floor":19,"key":"Swift Potion"},{"floor":28,"key":"Ancient Potion"}],"is_trial":false,"path_per_floor":["M","M","M","$","?","R","?","R","T","?","?","R","E","M","R","B",null,"M","M","?","M","?","E","R","E","T","R","E","M","E"],"character_chosen":"DEFECT","items_purchased":["Bag of Preparation"],"campfire_rested":2,"item_purchase_floors":[4],"current_hp_per_floor":[64,58,57,57,57,57,62,62,62,55,55,55,40,33,33,27,64,61,50,29,28,28,6,28,13,13,35,40,23,0],"gold":273,"neow_bonus":"HUNDRED_GOLD","is_prod":false,"is_daily":false,"chose_seed":false,"campfire_upgraded":4,"win_rate":0,"timestamp":1560718299,"path_taken":["M","M","M","$","?","R","?","R","T","?","?","R","E","M","R","BOSS","M","M","?","M","?","E","R","E","T","R","E","M","E"],"build_version":"2019-06-13","purchased_purges":1,"victory":false,"max_hp_per_floor":[71,71,71,71,71,71,76,76,76,76,76,76,76,76,76,76,76,76,76,76,76,76,76,76,76,76,76,83,83,83],"card_choices":[{"not_picked":["Stack","Storm"],"picked":"Ball Lightning","floor":1},{"not_picked":["Hologram","Streamline"],"picked":"White Noise","floor":2},{"not_picked":["Beam Cell","Barrage"],"picked":"Capacitor","floor":3},{"not_picked":["Reboot","Fission"],"picked":"Coolheaded","floor":13},{"not_picked":["Lockon","Genetic Algorithm"],"picked":"Cold Snap","floor":14},{"not_picked":["Fission","Multi-Cast"],"picked":"Rainbow","floor":16},{"not_picked":["Ball Lightning","Stack"],"picked":"Turbo","floor":18},{"not_picked":["Stack","Sweeping Beam"],"picked":"Steam+1","floor":19},{"not_picked":["Conserve Battery","Streamline"],"picked":"Biased Cognition","floor":21},{"not_picked":["Reinforced Body","Melter"],"picked":"Self Repair","floor":23},{"not_picked":["Machine Learning","Coolheaded"],"picked":"Steam","floor":25},{"not_picked":["Beam Cell","Redo","Barrage"],"picked":"SKIP","floor":28},{"not_picked":["Genetic Algorithm","Compile Driver","Self Repair"],"picked":"SKIP","floor":29}],"player_experience":2115862,"relics_obtained":[{"floor":9,"key":"Ancient Tea Set"},{"floor":13,"key":"Nunchaku"},{"floor":20,"key":"Necronomicon"},{"floor":23,"key":"Art of War"},{"floor":25,"key":"Blue Candle"},{"floor":26,"key":"Anchor"},{"floor":28,"key":"Strawberry"}],"event_choices":[{"damage_healed":0,"gold_gain":0,"player_choice":"Grow","damage_taken":0,"max_hp_gain":0,"max_hp_loss":0,"event_name":"Living Wall","floor":5,"gold_loss":0,"cards_upgraded":["Zap"]},{"damage_healed":0,"gold_gain":0,"player_choice":"Donut","damage_taken":0,"max_hp_gain":5,"max_hp_loss":0,"event_name":"Big Fish","floor":7,"gold_loss":0},{"cards_removed":["Strike_B"],"damage_healed":0,"gold_gain":0,"player_choice":"Card Removal","damage_taken":7,"max_hp_gain":0,"max_hp_loss":0,"event_name":"Golden Wing","floor":10,"gold_loss":0},{"damage_healed":0,"gold_gain":0,"player_choice":"Ignored","damage_taken":0,"max_hp_gain":0,"max_hp_loss":0,"event_name":"Liars Game","floor":11,"gold_loss":0},{"damage_healed":0,"gold_gain":0,"player_choice":"Obtained Book","damage_taken":21,"max_hp_gain":0,"max_hp_loss":0,"event_name":"Cursed Tome","floor":20,"gold_loss":0},{"damage_healed":0,"gold_gain":0,"player_choice":"Ignored","damage_taken":0,"max_hp_gain":0,"max_hp_loss":0,"event_name":"The Mausoleum","floor":22,"gold_loss":0}],"is_beta":true,"boss_relics":[{"not_picked":["Calling Bell","Ectoplasm"],"picked":"Runic Pyramid"}],"items_purged_floors":[4],"is_endless":false,"potions_floor_spawned":[3,19,21,28],"killed_by":"Slavers","ascension_level":20}