{"gold_per_floor":[112,37,48,58,69,69,83,113,113,146,157,185,204,204,204,279,279,297,297,316,366,416,416],"floor_reached":23,"playtime":1061,"items_purged":[],"score":373,"play_id":"26521c3d-1314-4a68-acda-644c12467bfc","local_time":"20180813004852","is_ascension_mode":true,"campfire_choices":[{"data":"Bash","floor":6,"key":"SMITH"},{"data":"Disarm","floor":15,"key":"SMITH"}],"neow_cost":"PERCENT_DAMAGE","seed_source_timestamp":1682491322039633,"circlet_count":0,"master_deck":["Defend_R","Defend_R","Defend_R","Defend_R","Bash+1","AscendersBane","Shrug It Off","Reckless Charge","Wild Strike","Disarm+1","Shrug It Off","Clothesline","Flame Barrier","Power Through","Armaments","Spot Weakness","Limit Break","Thunderclap+1","Limit Break+1","Combust+1","Evolve+1","Whirlwind+1"],"relics":["Burning Blood","Boot","Frozen Egg 2","Gremlin Horn","Darkstone Periapt","Astrolabe"],"potions_floor_usage":[16,20,23],"damage_taken":[{"damage":4,"enemies":"Jaw Worm","floor":1,"turns":3},{"damage":6,"enemies":"2 Louse","floor":3,"turns":3},{"damage":0,"enemies":"Small Slimes","floor":4,"turns":3},{"damage":0,"enemies":"Exordium Wildlife","floor":5,"turns":4},{"damage":1,"enemies":"2 Fungi Beasts","floor":7,"turns":5},{"damage":28,"enemies":"Gremlin Nob","floor":8,"turns":4},{"damage":32,"enemies":"3 Sentries","floor":10,"turns":12},{"damage":0,"enemies":"Gremlin Gang","floor":11,"turns":7},{"damage":18,"enemies":"Gremlin Nob","floor":12,"turns":5},{"damage":4,"enemies":"Blue Slaver","floor":13,"turns":5},{"damage":12,"enemies":"Hexaghost","floor":16,"turns":12},{"damage":8,"enemies":"Chosen","floor":18,"turns":7},{"damage":30,"enemies":"Spheric Guardian","floor":20,"turns":9},{"damage":42,"enemies":"Slavers","floor":23,"turns":3}],"seed_played":"-5538779544337691901","potions_obtained":[{"floor":1,"key":"SmokeBomb"},{"floor":4,"key":"LiquidBronze"},{"floor":8,"key":"Ancient Potion"},{"floor":20,"key":"Block Potion"}],"is_trial":false,"path_per_floor":["M","$","M","M","M","R","M","E","T","E","M","E","M","?","R","B",null,"M","?","M","?","?"],"character_chosen":"IRONCLAD","items_purchased":["Disarm"],"campfire_rested":0,"item_purchase_floors":[2],"current_hp_per_floor":[52,52,52,58,64,64,69,47,47,21,27,15,17,22,22,16,64,62,62,38,38,38,0],"gold":416,"neow_bonus":"TRANSFORM_TWO_CARDS","is_prod":false,"is_daily":false,"chose_seed":false,"campfire_upgraded":2,"win_rate":0,"timestamp":1534117732,"path_taken":["M","$","M","M","M","R","M","E","T","E","M","E","M","?","R","BOSS","M","?","M","?","?","E"],"build_version":"2018-08-08","purchased_purges":0,"victory":false,"max_hp_per_floor":[75,75,75,75,75,75,75,75,75,75,75,75,75,80,80,80,80,80,80,80,80,80,80],"card_choices":[{"not_picked":["Power Through","Rage"],"picked":"Wild Strike","floor":1},{"not_picked":["Flex","Dropkick","Carnage"],"picked":"SKIP","floor":3},{"not_picked":["Headbutt","Fire Breathing"],"picked":"Shrug It Off","floor":4},{"not_picked":["Fire Breathing","Rupture","Havoc"],"picked":"SKIP","floor":5},{"not_picked":["Flex","Carnage"],"picked":"Clothesline","floor":7},{"not_picked":["Clash","Anger"],"picked":"Flame Barrier","floor":8},{"not_picked":["Body Slam","Wild Strike"],"picked":"Power Through","floor":10},{"not_picked":["Carnage","Uppercut","Anger"],"picked":"SKIP","floor":11},{"not_picked":["Intimidate","Offering"],"picked":"Armaments","floor":12},{"not_picked":["Flex","True Grit"],"picked":"Spot Weakness","floor":13},{"not_picked":["Dark Embrace+1","Reaper"],"picked":"Limit Break","floor":16},{"not_picked":["Shockwave","Flex"],"picked":"Evolve+1","floor":18},{"not_picked":["Reckless Charge","Intimidate"],"picked":"Whirlwind+1","floor":20}],"player_experience":1138789,"relics_obtained":[{"floor":8,"key":"Boot"},{"floor":9,"key":"Frozen Egg 2"},{"floor":10,"key":"Gremlin Horn"},{"floor":12,"key":"Darkstone Periapt"}],"event_choices":[{"event_name":"Big Fish","player_choice":"Donut","floor":14,"damage_taken":0},{"event_name":"The Mausoleum","player_choice":"No","floor":19,"damage_taken":0},{"event_name":"Nest","player_choice":"Stole From Cult","floor":21,"damage_taken":0},{"event_name":"Golden Shrine","player_choice":"Pray","floor":22,"damage_taken":0}],"is_beta":true,"boss_relics":[{"not_picked":["Tiny House","Coffee Dripper"],"picked":"Astrolabe"}],"items_purged_floors":[],"is_endless":false,"potions_floor_spawned":[1,4,8,10,20],"killed_by":"Slavers","ascension_level":15}