{"gold_per_floor":[114,114,134,145,145,177,80,80,152,19,19,19,34,49,49,151,151,163,163,113,113,63,63,97,97,97,116,116,130,55,88,88,88],"floor_reached":33,"playtime":2124,"items_purged":["Strike_B","Strike_B","Rip and Tear","Decay"],"score":295,"play_id":"bf864f52-bd7f-4a88-aa2a-7b49312a9f84","local_time":"20190822031200","is_ascension_mode":true,"campfire_choices":[{"data":"Hologram","floor":8,"key":"SMITH"},{"data":"Impatience","floor":11,"key":"SMITH"},{"floor":15,"key":"REST"},{"data":"Hologram","floor":23,"key":"SMITH"},{"data":"Turbo","floor":25,"key":"SMITH"},{"data":"Seek","floor":28,"key":"SMITH"},{"floor":32,"key":"REST"}],"neow_cost":"NONE","seed_source_timestamp":8433703880960,"circlet_count":0,"master_deck":["Zap+1","Dualcast","Turbo+1","FTL","Meteor Strike","Hologram+1","Impatience+1","Darkness","Biased Cognition","Core Surge","Buffer","Hologram+1","Stack","Turbo","Conserve Battery","Darkness+1","Seek+1","Tempest"],"relics":["Cracked Core","NeowsBlessing","Smiling Mask","Art of War","Gremlin Horn","Pandora\u0027s Box","Omamori","Singing Bowl","Lantern"],"potions_floor_usage":[6,14,16,31],"damage_taken":[{"damage":0,"enemies":"2 Louse","floor":1,"turns":1},{"damage":0,"enemies":"Cultist","floor":3,"turns":1},{"damage":0,"enemies":"Jaw Worm","floor":4,"turns":1},{"damage":21,"enemies":"Lagavulin","floor":6,"turns":7},{"damage":31,"enemies":"Exordium Thugs","floor":13,"turns":5},{"damage":6,"enemies":"Large Slime","floor":14,"turns":3},{"damage":22,"enemies":"The Guardian","floor":16,"turns":7},{"damage":7,"enemies":"Chosen","floor":18,"turns":3},{"damage":19,"enemies":"Book of Stabbing","floor":24,"turns":5},{"damage":8,"enemies":"Spheric Guardian","floor":27,"turns":4},{"damage":8,"enemies":"Centurion and Healer","floor":29,"turns":4},{"damage":27,"enemies":"Gremlin Leader","floor":31,"turns":3},{"damage":59,"enemies":"Automaton","floor":33,"turns":6}],"seed_played":"6508403011438674974","potions_obtained":[{"floor":1,"key":"Regen Potion"},{"floor":4,"key":"Fire Potion"},{"floor":13,"key":"FocusPotion"},{"floor":14,"key":"SkillPotion"},{"floor":29,"key":"Regen Potion"}],"is_trial":false,"path_per_floor":["M","?","M","M","?","E","$","R","T","$","R","$","M","M","R","B",null,"M","?","$","?","$","R","E","R","T","M","R","M","?","E","R","B"],"character_chosen":"DEFECT","items_purchased":["Hologram","Impatience"],"campfire_rested":2,"item_purchase_floors":[7,10],"current_hp_per_floor":[75,75,75,75,75,54,54,54,54,54,54,54,23,17,39,17,75,68,68,68,68,68,68,49,49,49,41,41,33,33,17,40,0],"gold":88,"neow_bonus":"THREE_ENEMY_KILL","is_prod":false,"is_daily":false,"chose_seed":false,"campfire_upgraded":5,"win_rate":0,"timestamp":1566468720,"path_taken":["M","?","M","?","?","E","?","R","T","$","R","$","M","M","R","BOSS","M","?","$","?","$","R","E","R","T","M","R","?","?","E","R","BOSS"],"build_version":"2019-07-17","purchased_purges":4,"victory":false,"max_hp_per_floor":[75,75,75,75,75,75,75,75,75,75,75,75,75,75,75,75,75,75,75,75,75,75,75,75,75,75,75,75,75,75,77,77,77],"card_choices":[{"not_picked":["Force Field","Cold Snap"],"picked":"Turbo","floor":1},{"not_picked":["Blizzard","Stack"],"picked":"FTL","floor":3},{"not_picked":["Undo","Redo"],"picked":"Capacitor","floor":4},{"not_picked":["Conserve Battery","Hello World"],"picked":"Meteor Strike","floor":6},{"not_picked":["Barrage","Loop"],"picked":"Darkness","floor":13},{"not_picked":["Sunder","Go for the Eyes","Undo"],"picked":"SKIP","floor":14},{"not_picked":["Core Surge","Machine Learning"],"picked":"Biased Cognition","floor":16},{"not_picked":["Barrage","Redo+1"],"picked":"Conserve Battery","floor":18},{"not_picked":["Sweeping Beam","Streamline"],"picked":"Darkness+1","floor":24},{"not_picked":["Streamline","Skim"],"picked":"Seek","floor":27},{"not_picked":["Cold Snap+1","Skim"],"picked":"Tempest","floor":29},{"not_picked":["Coolheaded","FTL","Capacitor+1"],"picked":"Singing Bowl","floor":31}],"player_experience":182301,"relics_obtained":[{"floor":6,"key":"Art of War"},{"floor":9,"key":"Gremlin Horn"},{"floor":24,"key":"Omamori"},{"floor":26,"key":"Singing Bowl"},{"floor":31,"key":"Lantern"}],"event_choices":[{"damage_healed":0,"gold_gain":0,"player_choice":"Gave Potion","damage_taken":0,"relics_obtained":["Smiling Mask"],"max_hp_gain":0,"max_hp_loss":0,"event_name":"WeMeetAgain","floor":2,"gold_loss":0},{"damage_healed":0,"gold_gain":0,"player_choice":"Upgraded","damage_taken":0,"max_hp_gain":0,"max_hp_loss":0,"event_name":"Upgrade Shrine","floor":5,"gold_loss":0,"cards_upgraded":["Zap"]},{"damage_healed":0,"gold_gain":0,"player_choice":"Ignored","damage_taken":0,"max_hp_gain":0,"max_hp_loss":0,"event_name":"Ghosts","floor":19,"gold_loss":0},{"damage_healed":0,"gold_gain":0,"player_choice":"Smashed Altar","damage_taken":0,"max_hp_gain":0,"max_hp_loss":0,"event_name":"Forgotten Altar","floor":21,"gold_loss":0,"cards_obtained":["Decay"]},{"cards_removed":["Capacitor"],"damage_healed":0,"gold_gain":0,"player_choice":"Gave Gold","damage_taken":0,"max_hp_gain":0,"max_hp_loss":0,"event_name":"Beggar","floor":30,"gold_loss":75}],"is_beta":false,"boss_relics":[{"not_picked":["Runic Dome","Busted Crown"],"picked":"Pandora\u0027s Box"}],"items_purged_floors":[7,10,20,22],"is_endless":false,"potions_floor_spawned":[1,4,13,14,29],"killed_by":"Automaton","ascension_level":1}