{"gold_per_floor":[118,128,141,155,330,357,357,391,417,449,491,503,525,563,575,691,703,728,759,240,49,64,90,90,50,50,50,70,88,120,130,130,230,230,246,246,24,37,37,67,67,94,118,118,118,153,205,225,225,225,225,225,52,82,82],"floor_reached":56,"playtime":4371,"items_purged":["Strike_R"],"score":1656,"play_id":"2d2b4b69-e380-450c-994e-b6118dbf3f65","local_time":"20190823092607","is_ascension_mode":true,"campfire_choices":[{"floor":7,"key":"REST"},{"floor":15,"key":"REST"},{"floor":24,"key":"REST"},{"floor":32,"key":"REST"},{"floor":41,"key":"RECALL"},{"floor":44,"key":"REST"},{"floor":49,"key":"REST"},{"floor":52,"key":"REST"}],"neow_cost":"NONE","seed_source_timestamp":666103284881966,"circlet_count":0,"master_deck":["Strike_R","Strike_R","Strike_R","Strike_R","Defend_R","Defend_R","Defend_R","Defend_R","Bash","True Grit","Shockwave","Headbutt","Impervious","Rage","Clothesline","Cleave","Hemokinesis","Ghostly Armor","Bludgeon","Headbutt+1","Battle Trance","Rampage","Apotheosis","Flex+1","Pummel","Evolve","Corruption","Fire Breathing+1","Metallicize","Battle Trance","Double Tap","Battle Trance+1","Spot Weakness+1","Madness","Madness","Fiend Fire","Mayhem"],"relics":["Fusion Hammer","Strawberry","Bronze Scales","MawBank","Oddly Smooth Stone","Vajra","Runic Cube","Regal Pillow","Blood Vial","Lee\u0027s Waffle","Orichalcum","Dead Branch","Potion Belt","Busted Crown","Bag of Preparation","Ancient Tea Set","Darkstone Periapt","Mummified Hand","Turnip","Champion Belt"],"potions_floor_usage":[14,30,55,55,55,55],"damage_taken":[{"damage":2,"enemies":"Small Slimes","floor":1,"turns":4},{"damage":1,"enemies":"Cultist","floor":2,"turns":3},{"damage":0,"enemies":"2 Louse","floor":3,"turns":3},{"damage":8,"enemies":"Red Slaver","floor":4,"turns":3},{"damage":26,"enemies":"3 Sentries","floor":6,"turns":10},{"damage":24,"enemies":"Gremlin Nob","floor":8,"turns":5},{"damage":1,"enemies":"Large Slime","floor":10,"turns":5},{"damage":15,"enemies":"3 Sentries","floor":11,"turns":9},{"damage":0,"enemies":"Looter","floor":13,"turns":3},{"damage":18,"enemies":"Lagavulin","floor":14,"turns":3},{"damage":21,"enemies":"Hexaghost","floor":16,"turns":9},{"damage":0,"enemies":"Shell Parasite","floor":18,"turns":3},{"damage":9,"enemies":"Chosen","floor":19,"turns":3},{"damage":18,"enemies":"Centurion and Healer","floor":22,"turns":4},{"damage":24,"enemies":"Slavers","floor":23,"turns":3},{"damage":9,"enemies":"Cultist and Chosen","floor":28,"turns":4},{"damage":8,"enemies":"Sentry and Sphere","floor":29,"turns":4},{"damage":14,"enemies":"Book of Stabbing","floor":30,"turns":3},{"damage":13,"enemies":"Shelled Parasite and Fungi","floor":31,"turns":4},{"damage":9,"enemies":"Collector","floor":33,"turns":3},{"damage":3,"enemies":"3 Darklings","floor":35,"turns":3},{"damage":6,"enemies":"Orb Walker","floor":38,"turns":3},{"damage":6,"enemies":"Reptomancer","floor":40,"turns":5},{"damage":2,"enemies":"Giant Head","floor":42,"turns":6},{"damage":0,"enemies":"Nemesis","floor":46,"turns":5},{"damage":1,"enemies":"2 Orb Walkers","floor":47,"turns":2},{"damage":14,"enemies":"Transient","floor":48,"turns":5},{"damage":3,"enemies":"Donu and Deca","floor":50,"turns":3},{"damage":31,"enemies":"Shield and Spear","floor":54,"turns":4},{"damage":55,"enemies":"The Heart","floor":55,"turns":6}],"seed_played":"869854871535210874","potions_obtained":[{"floor":2,"key":"FearPotion"},{"floor":3,"key":"Explosive Potion"},{"floor":10,"key":"AttackPotion"},{"floor":16,"key":"LiquidBronze"},{"floor":19,"key":"Regen Potion"},{"floor":30,"key":"FearPotion"},{"floor":31,"key":"EssenceOfSteel"},{"floor":35,"key":"SteroidPotion"},{"floor":54,"key":"BloodPotion"}],"is_trial":false,"path_per_floor":["M","M","M","M","?","E","R","E","T","M","E","?","M","E","R","B",null,"M","M","$","$","M","E","R","$","T","?","M","M","E","M","R","B",null,"M","?","$","M","$","E","R","E","T","R","?","E","?","M","R","B",null,"R","$","E","B",null],"character_chosen":"IRONCLAD","items_purchased":["Regal Pillow","Rampage","Blood Vial","Lee\u0027s Waffle","Apotheosis","Evolve","Bag of Preparation","Mayhem"],"campfire_rested":7,"item_purchase_floors":[20,20,20,20,21,25,37,53],"current_hp_per_floor":[78,77,77,69,69,50,76,52,52,51,36,36,36,18,44,23,87,87,78,94,94,76,54,94,94,94,94,85,79,72,61,94,85,94,91,91,91,87,87,83,83,83,83,94,82,84,85,73,94,91,94,94,94,63,33],"gold":82,"neow_bonus":"BOSS_RELIC","is_prod":false,"is_daily":false,"chose_seed":false,"campfire_upgraded":0,"win_rate":0,"timestamp":1566541567,"path_taken":["M","M","M","M","?","E","R","E","T","M","E","?","?","E","R","BOSS","M","M","?","$","?","E","R","$","T","?","M","M","E","M","R","BOSS","M","?","$","?","$","E","R","E","T","R","?","E","?","M","R","BOSS","R","$","E","BOSS"],"build_version":"2019-07-17","purchased_purges":1,"victory":true,"max_hp_per_floor":[80,80,80,80,80,87,87,87,87,87,87,87,87,87,87,87,87,87,87,94,94,94,94,94,94,94,94,94,94,94,94,94,94,94,94,94,94,94,94,94,94,94,94,94,94,94,94,94,94,94,94,94,94,94,94],"card_choices":[{"not_picked":["Warcry","Hemokinesis"],"picked":"True Grit","floor":1},{"not_picked":["Reckless Charge","Thunderclap"],"picked":"Shockwave","floor":2},{"not_picked":["Warcry","Twin Strike"],"picked":"Headbutt","floor":3},{"not_picked":["Havoc","True Grit"],"picked":"Impervious","floor":4},{"not_picked":["Carnage","Power Through","Sword Boomerang"],"picked":"SKIP","floor":6},{"not_picked":["Shrug It Off","Sever Soul"],"picked":"Rage","floor":8},{"not_picked":["Second Wind","Anger"],"picked":"Clothesline","floor":10},{"not_picked":["Pummel","Shockwave"],"picked":"Cleave","floor":11},{"not_picked":["Seeing Red","Feel No Pain"],"picked":"Hemokinesis","floor":13},{"not_picked":["Wild Strike","Perfected Strike"],"picked":"Ghostly Armor","floor":14},{"not_picked":["Immolate","Limit Break"],"picked":"Bludgeon","floor":16},{"not_picked":["Iron Wave","Ghostly Armor"],"picked":"Headbutt+1","floor":18},{"not_picked":["Feel No Pain","Body Slam+1"],"picked":"Battle Trance","floor":19},{"not_picked":["Anger","Feel No Pain"],"picked":"Flex+1","floor":22},{"not_picked":["Ghostly Armor","Wild Strike"],"picked":"Pummel","floor":23},{"not_picked":["Clothesline","Anger"],"picked":"Fire Breathing+1","floor":28},{"not_picked":["Thunderclap","Berserk"],"picked":"Metallicize","floor":29},{"not_picked":["Armaments","Disarm+1"],"picked":"Battle Trance","floor":30},{"not_picked":["Sever Soul","Wild Strike+1","Twin Strike"],"picked":"SKIP","floor":31},{"not_picked":["Brutality","Fiend Fire"],"picked":"Double Tap","floor":33},{"not_picked":["Anger+1"],"picked":"SKIP","floor":35},{"not_picked":[],"picked":"Battle Trance+1","floor":38},{"not_picked":[],"picked":"Spot Weakness+1","floor":40},{"not_picked":["Impervious"],"picked":"SKIP","floor":42},{"not_picked":[],"picked":"Fiend Fire","floor":46},{"not_picked":["Pommel Strike"],"picked":"SKIP","floor":48},{"not_picked":["Rampage"],"picked":"SKIP","floor":54}],"player_experience":194208,"relics_obtained":[{"floor":6,"key":"Strawberry"},{"floor":8,"key":"Bronze Scales"},{"floor":9,"key":"MawBank"},{"floor":11,"key":"Oddly Smooth Stone"},{"floor":14,"key":"Vajra"},{"floor":23,"key":"Orichalcum"},{"floor":26,"key":"Dead Branch"},{"floor":30,"key":"Potion Belt"},{"floor":40,"key":"Ancient Tea Set"},{"floor":42,"key":"Darkstone Periapt"},{"floor":46,"key":"Mummified Hand"},{"floor":47,"key":"Turnip"},{"floor":54,"key":"Champion Belt"}],"event_choices":[{"damage_healed":0,"gold_gain":175,"player_choice":"AGREE","damage_taken":0,"max_hp_gain":0,"max_hp_loss":0,"event_name":"Liars Game","floor":5,"gold_loss":0,"cards_obtained":["Doubt"]},{"cards_removed":["Doubt"],"damage_healed":0,"gold_gain":0,"player_choice":"Purged","damage_taken":0,"max_hp_gain":0,"max_hp_loss":0,"event_name":"Purifier","floor":12,"gold_loss":0},{"damage_healed":0,"gold_gain":0,"player_choice":"Read","damage_taken":0,"max_hp_gain":0,"max_hp_loss":0,"event_name":"The Library","floor":27,"gold_loss":0,"cards_obtained":["Corruption"]},{"damage_healed":0,"gold_gain":0,"player_choice":"Ignored","damage_taken":0,"max_hp_gain":0,"max_hp_loss":0,"event_name":"SecretPortal","floor":36,"gold_loss":0},{"damage_healed":0,"gold_gain":0,"player_choice":"Embrace Madness","damage_taken":12,"max_hp_gain":0,"max_hp_loss":0,"event_name":"Winding Halls","floor":45,"gold_loss":0,"cards_obtained":["Madness","Madness"]},{"damage_healed":0,"gold_gain":0,"player_choice":"Fight","damage_taken":0,"max_hp_gain":0,"max_hp_loss":0,"event_name":"Mysterious Sphere","floor":47,"gold_loss":0}],"is_beta":false,"boss_relics":[{"not_picked":["Coffee Dripper","Orrery"],"picked":"Runic Cube"},{"not_picked":["Eternal Feather","Lizard Tail"],"picked":"Busted Crown"}],"items_purged_floors":[37],"is_endless":false,"potions_floor_spawned":[2,3,10,13,16,19,22,30,31,35,47,48,54],"ascension_level":4}