{"gold_per_floor":[118,118,43,61,79,105,160,173,173,173,191,220,236,8,8,82,82,92,107,22,22,22,54,54,89,89,103,103,83,110,130,130,130],"floor_reached":33,"playtime":1243,"items_purged":["Strike_B"],"score":630,"play_id":"413b1cd8-fb99-4819-aad8-fc49d1ec8619","local_time":"20190623191810","is_ascension_mode":true,"campfire_choices":[{"floor":10.0,"key":"REST"},{"data":"Zap","floor":15.0,"key":"SMITH"},{"data":"White Noise","floor":24.0,"key":"SMITH"},{"data":"Static Discharge","floor":28.0,"key":"SMITH"},{"data":"Seek","floor":32.0,"key":"SMITH"}],"neow_cost":"NONE","seed_source_timestamp":0,"circlet_count":0,"master_deck":["AscendersBane","Strike_B","Strike_B","Strike_B","Defend_B","Defend_B","Defend_B","Defend_B","Zap+1","Dualcast","Compile Driver","Echo Form","Ball Lightning","Cold Snap","Echo Form","White Noise+1","Seek+1","Capacitor","Ghostly","Ghostly","Ghostly","Static Discharge+1","Conserve Battery","Steam","Leap+1","Force Field"],"special_seed":0,"relics":["Cracked Core","Oddly Smooth Stone","Tiny Chest","Symbiotic Virus","DataDisk","Membership Card","Lizard Tail","Lantern","Ginger","Cables","Mummified Hand"],"potions_floor_usage":[],"damage_taken":[{"damage":1.0,"enemies":"Cultist","floor":1.0,"turns":3.0},{"damage":7.0,"enemies":"Jaw Worm","floor":4.0,"turns":3.0},{"damage":0.0,"enemies":"Small Slimes","floor":5.0,"turns":2.0},{"damage":28.0,"enemies":"Gremlin Nob","floor":6.0,"turns":4.0},{"damage":8.0,"enemies":"Exordium Thugs","floor":8.0,"turns":4.0},{"damage":3.0,"enemies":"Looter","floor":11.0,"turns":3.0},{"damage":4.0,"enemies":"Lagavulin","floor":12.0,"turns":5.0},{"damage":7.0,"enemies":"Blue Slaver","floor":13.0,"turns":2.0},{"damage":13.0,"enemies":"Hexaghost","floor":16.0,"turns":8.0},{"damage":20.0,"enemies":"3 Byrds","floor":18.0,"turns":5.0},{"damage":19.0,"enemies":"Spheric Guardian","floor":19.0,"turns":4.0},{"damage":3.0,"enemies":"Gremlin Leader","floor":23.0,"turns":6.0},{"damage":11.0,"enemies":"Book of Stabbing","floor":25.0,"turns":7.0},{"damage":0.0,"enemies":"Snake Plant","floor":27.0,"turns":5.0},{"damage":28.0,"enemies":"Slavers","floor":30.0,"turns":5.0},{"damage":0.0,"enemies":"Cultist and Chosen","floor":31.0,"turns":5.0},{"damage":11,"enemies":"Automaton","floor":33,"turns":6}],"seed_played":"3502565165636553667","potions_obtained":[{"floor":5.0,"key":"FocusPotion"},{"floor":8.0,"key":"AttackPotion"},{"floor":13.0,"key":"PowerPotion"},{"floor":29.0,"key":"Explosive Potion"},{"floor":30.0,"key":"FocusPotion"},{"floor":31.0,"key":"Explosive Potion"}],"is_trial":false,"path_per_floor":["M","?","$","M","M","E","T","M","T","R","M","E","M","$","R","B",null,"M","M","?","?","$","E","R","E","T","M","R","?","E","M","R","B"],"character_chosen":"DEFECT","items_purchased":["Membership Card"],"campfire_rested":1,"item_purchase_floors":[14],"current_hp_per_floor":[70,70,70,63,63,35,35,27,27,50,47,43,36,36,36,23,64,44,25,25,25,25,22,22,11,11,11,11,11,5,5,5,0],"gold":130,"neow_bonus":"TEN_PERCENT_HP_BONUS","is_prod":false,"is_daily":false,"chose_seed":false,"campfire_upgraded":4,"win_rate":0,"timestamp":1561313890,"path_taken":["M","?","$","M","?","E","?","M","T","R","M","E","M","$","R","BOSS","M","M","?","?","$","E","R","E","T","?","R","?","E","M","R","BOSS"],"build_version":"2019-06-21","purchased_purges":1,"victory":false,"max_hp_per_floor":[78,78,78,78,78,78,78,78,78,78,78,78,78,78,78,78,78,78,78,78,39,39,39,39,39,39,39,39,39,39,39,39,39],"card_choices":[{"not_picked":["Barrage","Double Energy"],"picked":"Compile Driver","floor":1.0},{"not_picked":["Fusion","Aggregate"],"picked":"Cold Snap","floor":4.0},{"not_picked":["Chaos","Skim","Compile Driver"],"picked":"SKIP","floor":5.0},{"not_picked":["Conserve Battery","Beam Cell"],"picked":"Echo Form","floor":6.0},{"not_picked":["Steam","Rebound","Skim"],"picked":"SKIP","floor":8.0},{"not_picked":["Double Energy","Beam Cell"],"picked":"White Noise","floor":11.0},{"not_picked":["Steam","Rebound","Darkness"],"picked":"SKIP","floor":12.0},{"not_picked":["Barrage","Sweeping Beam","Redo"],"picked":"SKIP","floor":13.0},{"not_picked":["Reboot","Creative AI"],"picked":"Seek","floor":16.0},{"not_picked":["Loop","Compile Driver"],"picked":"Capacitor","floor":18.0},{"not_picked":["Compile Driver","Blizzard","Beam Cell"],"picked":"SKIP","floor":19.0},{"not_picked":["Cold Snap","Compile Driver"],"picked":"Static Discharge","floor":23.0},{"not_picked":["All For One","Barrage"],"picked":"Conserve Battery","floor":25.0},{"not_picked":["Reprogram","Turbo"],"picked":"Steam","floor":27.0},{"not_picked":["Redo","Steam Power"],"picked":"Leap+1","floor":30.0},{"not_picked":["Turbo","Beam Cell"],"picked":"Force Field","floor":31.0}],"player_experience":2147192,"relics_obtained":[{"floor":6.0,"key":"Oddly Smooth Stone"},{"floor":7.0,"key":"Tiny Chest"},{"floor":9.0,"key":"Symbiotic Virus"},{"floor":12.0,"key":"DataDisk"},{"floor":23.0,"key":"Ginger"},{"floor":25.0,"key":"Cables"},{"floor":30.0,"key":"Mummified Hand"}],"event_choices":[{"damage_healed":0.0,"max_hp_gain":0.0,"max_hp_loss":0.0,"gold_gain":0.0,"event_name":"Match and Keep!","player_choice":"2 cards matched","floor":2.0,"gold_loss":0.0,"damage_taken":0.0,"cards_obtained":["Echo Form","Ball Lightning"]},{"damage_healed":0.0,"max_hp_gain":0.0,"max_hp_loss":0.0,"gold_gain":0.0,"event_name":"Addict","player_choice":"Obtained Relic","floor":20.0,"gold_loss":85.0,"damage_taken":0.0,"relics_obtained":["Lantern"]},{"damage_healed":0.0,"max_hp_gain":0.0,"max_hp_loss":39.0,"gold_gain":0.0,"event_name":"Ghosts","player_choice":"Became a Ghost","floor":21.0,"gold_loss":0.0,"damage_taken":0.0,"cards_obtained":["Ghostly","Ghostly","Ghostly"]},{"damage_healed":0.0,"max_hp_gain":0.0,"max_hp_loss":0.0,"gold_gain":0.0,"event_name":"The Woman in Blue","player_choice":"Bought 1 Potion","floor":29.0,"gold_loss":0.0,"damage_taken":0.0}],"is_beta":true,"boss_relics":[{"not_picked":["FrozenCore","Calling Bell"],"picked":"Lizard Tail"}],"items_purged_floors":[3],"is_endless":false,"potions_floor_spawned":[5,8,11,13,30,31],"killed_by":"Automaton","ascension_level":20}