{"gold_per_floor":[118,128,128,128,144,179,179,192,192,192],"floor_reached":10,"playtime":320,"items_purged":[],"score":136,"play_id":"fbfade53-dad6-4d71-bdc9-0ee84fda0eb3","local_time":"20190203204307","is_ascension_mode":true,"campfire_choices":[{"floor":7,"key":"REST"}],"neow_cost":"NONE","seed_source_timestamp":701325893023664,"circlet_count":0,"master_deck":["AscendersBane","Strike_B+1","Strike_B","Strike_B","Defend_B","Defend_B","Defend_B","Defend_B+1","Zap","Dualcast","Barrage","Defragment","Ball Lightning","Compile Driver","Go for the Eyes"],"relics":["Cracked Core","Golden Idol","Calipers","Singing Bowl"],"potions_floor_usage":[6],"damage_taken":[{"damage":7,"enemies":"Jaw Worm","floor":1,"turns":4},{"damage":4,"enemies":"Small Slimes","floor":2,"turns":3},{"damage":0,"enemies":"2 Louse","floor":5,"turns":2},{"damage":10,"enemies":"Lagavulin","floor":6,"turns":7},{"damage":19,"enemies":"Exordium Thugs","floor":8,"turns":4},{"damage":32,"enemies":"3 Sentries","floor":10,"turns":4}],"seed_played":"4761974685989097726","potions_obtained":[{"floor":2,"key":"Block Potion"}],"is_trial":false,"path_per_floor":["M","M","?","?","M","E","R","M","T","E"],"character_chosen":"DEFECT","items_purchased":[],"campfire_rested":1,"item_purchase_floors":[],"current_hp_per_floor":[57,53,53,34,34,24,43,24,24,0],"gold":192,"neow_bonus":"REMOVE_CARD","is_prod":false,"is_daily":false,"chose_seed":false,"campfire_upgraded":0,"win_rate":0,"timestamp":1549226587,"path_taken":["M","M","?","?","M","E","R","M","T","E"],"build_version":"2019-01-23","purchased_purges":0,"victory":false,"max_hp_per_floor":[71,71,64,64,64,64,64,64,64,64],"card_choices":[{"not_picked":["Steam","Redo"],"picked":"Barrage","floor":1},{"not_picked":["Compile Driver","Auto Shields"],"picked":"Defragment","floor":2},{"not_picked":["Compile Driver","Cold Snap"],"picked":"Ball Lightning","floor":5},{"not_picked":["Rebound","Reinforced Body"],"picked":"Compile Driver","floor":6},{"not_picked":["Barrage","Beam Cell"],"picked":"Go for the Eyes","floor":8}],"player_experience":1819735,"relics_obtained":[{"floor":6,"key":"Calipers"},{"floor":9,"key":"Singing Bowl"}],"event_choices":[{"damage_healed":0,"gold_gain":0,"player_choice":"Lose Max HP","damage_taken":0,"relics_obtained":["Golden Idol"],"max_hp_gain":0,"max_hp_loss":7,"event_name":"Golden Idol","floor":3,"gold_loss":0},{"damage_healed":0,"gold_gain":0,"player_choice":"Entered Light","damage_taken":19,"max_hp_gain":0,"max_hp_loss":0,"event_name":"Shining Light","floor":4,"gold_loss":0,"cards_upgraded":["Defend_B","Strike_B"]}],"is_beta":true,"boss_relics":[],"items_purged_floors":[],"is_endless":false,"potions_floor_spawned":[2],"killed_by":"3 Sentries","ascension_level":20}