{"gold_per_floor":[209,225,225,242,5,34,52,52,101,101,132,152,152,172,172,243,243,255,255,274,189,189,189,202,228,228,256,54,80,104,116,116,190,190,206,481,47,63,82,109,109,138,138,79,79,95,0,29,29,29,29,29,29,29,60,60],"floor_reached":57,"playtime":3271,"items_purged":["Strike_R","Regret"],"score":2991,"play_id":"96f37303-6e00-4c4d-96a1-1631dca35bf7","local_time":"20190724021328","is_ascension_mode":true,"campfire_choices":[{"data":"Uppercut","floor":8,"key":"SMITH"},{"data":"Spot Weakness","floor":10,"key":"SMITH"},{"data":"Disarm","floor":13,"key":"SMITH"},{"data":"Spot Weakness","floor":15,"key":"SMITH"},{"data":"Bash","floor":23,"key":"SMITH"},{"data":"Armaments","floor":32,"key":"SMITH"},{"data":"True Grit","floor":41,"key":"SMITH"},{"floor":45,"key":"RECALL"},{"data":"Feel No Pain","floor":49,"key":"SMITH"},{"data":"Disarm","floor":53,"key":"SMITH"}],"neow_cost":"NONE","seed_source_timestamp":639611772337358,"circlet_count":0,"master_deck":["AscendersBane","Strike_R","Strike_R","Strike_R","Strike_R","Defend_R","Defend_R","Defend_R","Defend_R","Bash+1","Spot Weakness+1","Anger","Uppercut+1","Pommel Strike","Power Through+1","Feed","Impervious","Disarm+1","Spot Weakness+1","Impervious","Power Through+1","Feel No Pain+1","Corruption+1","Armaments+1","Battle Trance","Corruption+1","Flame Barrier","Sword Boomerang","Reaper","True Grit+1","Disarm","Disarm+1","Heavy Blade","Feel No Pain+1","Reaper"],"special_seed":0,"relics":["Burning Blood","Mercury Hourglass","Medical Kit","Bag of Preparation","Regal Pillow","Pantograph","Mark of Pain","Gremlin Horn","Frozen Egg 2","Darkstone Periapt","Torii","Dodecahedron","Potion Belt","War Paint","Snecko Eye","Happy Flower","The Courier","Kunai","Red Mask","Letter Opener","Pear"],"potions_floor_usage":[18,29,38,56,56,56,56],"damage_taken":[{"damage":6.0,"enemies":"Cultist","floor":1.0,"turns":4.0},{"damage":7,"enemies":"Small Slimes","floor":2,"turns":3},{"damage":0,"enemies":"2 Louse","floor":4,"turns":2},{"damage":6,"enemies":"Gremlin Nob","floor":6,"turns":3},{"damage":10,"enemies":"Looter","floor":7,"turns":4},{"damage":5,"enemies":"Lagavulin","floor":11,"turns":7},{"damage":0,"enemies":"Exordium Wildlife","floor":12,"turns":2},{"damage":4,"enemies":"Lots of Slimes","floor":14,"turns":4},{"damage":14,"enemies":"Hexaghost","floor":16,"turns":11},{"damage":7,"enemies":"3 Byrds","floor":18,"turns":5},{"damage":14,"enemies":"Shell Parasite","floor":20,"turns":5},{"damage":20,"enemies":"Snecko","floor":24,"turns":8},{"damage":4,"enemies":"Gremlin Leader","floor":25,"turns":8},{"damage":3,"enemies":"Book of Stabbing","floor":27,"turns":7},{"damage":0,"enemies":"Slavers","floor":29,"turns":7},{"damage":10,"enemies":"Centurion and Healer","floor":31,"turns":6},{"damage":31,"enemies":"Automaton","floor":33,"turns":10},{"damage":4,"enemies":"3 Shapes","floor":35,"turns":9},{"damage":8,"enemies":"3 Darklings","floor":38,"turns":3},{"damage":27,"enemies":"Spire Growth","floor":39,"turns":6},{"damage":0,"enemies":"Giant Head","floor":40,"turns":8},{"damage":34,"enemies":"Nemesis","floor":42,"turns":17},{"damage":1,"enemies":"4 Shapes","floor":46,"turns":9},{"damage":0,"enemies":"Giant Head","floor":48,"turns":10},{"damage":22,"enemies":"Time Eater","floor":50,"turns":12},{"damage":19,"enemies":"Donu and Deca","floor":51,"turns":9},{"damage":55,"enemies":"Shield and Spear","floor":55,"turns":7},{"damage":61,"enemies":"The Heart","floor":56,"turns":9}],"seed_played":"6818340708540210575","potions_obtained":[{"floor":1.0,"key":"LiquidBronze"},{"floor":6,"key":"Dexterity Potion"},{"floor":14,"key":"Dexterity Potion"},{"floor":20,"key":"FearPotion"},{"floor":24,"key":"PowerPotion"},{"floor":27,"key":"SkillPotion"},{"floor":29,"key":"AttackPotion"},{"floor":38,"key":"SkillPotion"},{"floor":40,"key":"GamblersBrew"}],"is_trial":false,"path_per_floor":["M","M","?","M","$","E","M","R","T","R","E","M","R","M","R","B",null,"M","T","M","?","?","R","M","E","T","E","$","E","T","M","R","B",null,"M","?","$","M","M","E","R","E","T","$","R","M","?","E","R","B","B",null,"R","$","E","B",null],"character_chosen":"IRONCLAD","items_purchased":["Medical Kit","Pommel Strike","Battle Trance","Corruption+1","Disarm","LiquidBronze","Happy Flower","Feel No Pain+1"],"campfire_rested":0,"item_purchase_floors":[5,5,28,28,37,37,37,44],"current_hp_per_floor":[68,67,67,73,73,73,69,69,69,69,70,78,78,81,81,76,82,81,81,73,73,73,73,59,64,64,67,67,76,76,72,72,65,84,89,95,95,100,82,108,108,80,80,80,80,100,100,114,114,117,120,120,120,120,134,118],"gold":60,"neow_bonus":"HUNDRED_GOLD","is_prod":false,"is_daily":false,"chose_seed":false,"campfire_upgraded":9,"win_rate":0,"timestamp":1563930808,"path_taken":["M","?","?","M","$","E","M","R","T","R","E","M","R","M","R","BOSS","M","?","M","?","?","R","M","E","T","E","?","E","?","M","R","BOSS","M","?","$","?","M","E","R","E","T","$","R","M","?","E","R","BOSS","BOSS","R","$","E","BOSS"],"build_version":"2019-07-18","purchased_purges":2,"victory":true,"max_hp_per_floor":[75,75,75,75,75,75,75,75,75,75,75,78,78,81,81,84,84,84,84,84,84,84,84,84,87,87,87,87,90,90,90,90,90,90,93,99,99,102,105,108,108,108,108,108,108,111,111,114,114,117,120,120,120,120,134,137],"card_choices":[{"not_picked":["Warcry","Sentinel"],"picked":"Spot Weakness","floor":1.0},{"not_picked":["Bloodletting","Cleave"],"picked":"Anger","floor":2},{"not_picked":["True Grit","Dual Wield"],"picked":"Uppercut","floor":4},{"not_picked":["Clash","Twin Strike"],"picked":"Power Through","floor":6},{"not_picked":["Sword Boomerang","Anger"],"picked":"Feed","floor":7},{"not_picked":["Pommel Strike","Heavy Blade"],"picked":"Impervious","floor":11},{"not_picked":["Clothesline","Warcry"],"picked":"Disarm","floor":12},{"not_picked":["Sentinel","Cleave"],"picked":"Spot Weakness","floor":14},{"not_picked":["Barricade","Bludgeon"],"picked":"Impervious","floor":16},{"not_picked":["Warcry","Metallicize"],"picked":"Power Through","floor":18},{"not_picked":["Rage","Headbutt"],"picked":"Feel No Pain","floor":20},{"not_picked":["Reckless Charge","Headbutt"],"picked":"Armaments","floor":24},{"not_picked":["Dual Wield","Pommel Strike","Rampage"],"picked":"SKIP","floor":25},{"not_picked":["Entrench","Blood for Blood","Fire Breathing+1"],"picked":"SKIP","floor":27},{"not_picked":["Spot Weakness","Reckless Charge"],"picked":"Flame Barrier","floor":29},{"not_picked":["Iron Wave","Cleave"],"picked":"Sword Boomerang","floor":31},{"not_picked":["Immolate","Barricade+1"],"picked":"Reaper","floor":33},{"not_picked":["Dual Wield","Searing Blow+1"],"picked":"True Grit","floor":35},{"not_picked":["Cleave+1","Wild Strike","Fire Breathing+1"],"picked":"SKIP","floor":38},{"not_picked":["Sword Boomerang","Thunderclap","Pommel Strike"],"picked":"SKIP","floor":39},{"not_picked":["Wild Strike","Clothesline"],"picked":"Disarm","floor":40},{"not_picked":["Perfected Strike+1","Twin Strike"],"picked":"Heavy Blade","floor":42},{"not_picked":["Perfected Strike","Body Slam","Headbutt"],"picked":"SKIP","floor":46},{"not_picked":["Immolate","Uppercut+1"],"picked":"Reaper","floor":48},{"not_picked":["Bloodletting","Infernal Blade","Pommel Strike"],"picked":"SKIP","floor":55}],"player_experience":2239745,"relics_obtained":[{"floor":6,"key":"Bag of Preparation"},{"floor":9,"key":"Regal Pillow"},{"floor":11,"key":"Pantograph"},{"floor":19,"key":"Gremlin Horn"},{"floor":25,"key":"Darkstone Periapt"},{"floor":26,"key":"Torii"},{"floor":27,"key":"Dodecahedron"},{"floor":29,"key":"Potion Belt"},{"floor":30,"key":"War Paint"},{"floor":40,"key":"The Courier"},{"floor":42,"key":"Kunai"},{"floor":48,"key":"Letter Opener"},{"floor":55,"key":"Pear"}],"event_choices":[{"damage_healed":0,"gold_gain":0,"player_choice":"Gave Potion","damage_taken":0,"relics_obtained":["Mercury Hourglass"],"max_hp_gain":0,"max_hp_loss":0,"event_name":"WeMeetAgain","floor":3,"gold_loss":0},{"damage_healed":0,"gold_gain":0,"player_choice":"Obtained Relic","damage_taken":0,"relics_obtained":["Frozen Egg 2"],"max_hp_gain":0,"max_hp_loss":0,"event_name":"Addict","floor":21,"gold_loss":85},{"damage_healed":0,"gold_gain":0,"player_choice":"Read","damage_taken":0,"max_hp_gain":0,"max_hp_loss":0,"event_name":"The Library","floor":22,"gold_loss":0,"cards_obtained":["Corruption"]},{"damage_healed":0,"gold_gain":275,"player_choice":"Desecrate","damage_taken":0,"max_hp_gain":0,"max_hp_loss":0,"event_name":"Golden Shrine","floor":36,"gold_loss":0,"cards_obtained":["Regret"]},{"damage_healed":0,"gold_gain":0,"player_choice":"Paid","damage_taken":0,"relics_obtained":["Red Mask"],"max_hp_gain":0,"max_hp_loss":0,"event_name":"Tomb of Lord Red Mask","floor":47,"gold_loss":95}],"is_beta":true,"boss_relics":[{"not_picked":["Calling Bell","Fusion Hammer"],"picked":"Mark of Pain"},{"not_picked":["Lizard Tail","Black Blood"],"picked":"Snecko Eye"}],"items_purged_floors":[28,37],"is_endless":false,"potions_floor_spawned":[1,6,14,20,24,27,29,38,40,48],"ascension_level":20}