{"gold_per_floor":[114,25,25,100,116,148,148,158,158,184,18,18,18,32,32,32],"floor_reached":16,"playtime":424,"items_purged":[],"score":266,"play_id":"16f52d91-22db-407a-a3c9-4953a34c2fab","local_time":"20190312154040","is_ascension_mode":true,"campfire_choices":[{"data":"Poisoned Stab","floor":7,"key":"SMITH"},{"floor":13,"key":"REST"},{"data":"All Out Attack","floor":15,"key":"SMITH"}],"neow_cost":"NONE","seed_source_timestamp":559660684234374,"circlet_count":0,"master_deck":["AscendersBane","Defend_G","Defend_G","Defend_G+1","Defend_G","Defend_G+1","Strike_G","Strike_G","Strike_G","Strike_G","Strike_G","Survivor","Neutralize","Flying Knee","Caltrops+1","Poisoned Stab+1","All Out Attack+1","Cloak And Dagger"],"relics":["Ring of the Snake","NeowsBlessing","Sundial","Bag of Marbles","Blue Candle","Omamori"],"potions_floor_usage":[10,16,16],"damage_taken":[{"damage":0,"enemies":"Jaw Worm","floor":1,"turns":1},{"damage":0,"enemies":"Small Slimes","floor":5,"turns":2},{"damage":0,"enemies":"Lagavulin","floor":6,"turns":1},{"damage":0,"enemies":"2 Louse","floor":8,"turns":2},{"damage":25,"enemies":"Gremlin Nob","floor":10,"turns":4},{"damage":3,"enemies":"Lots of Slimes","floor":14,"turns":5},{"damage":19,"enemies":"Hexaghost","floor":16,"turns":9}],"seed_played":"4627810838748946513","potions_obtained":[{"floor":1,"key":"EssenceOfSteel"},{"floor":5,"key":"FearPotion"},{"floor":14,"key":"Weak Potion"}],"is_trial":false,"path_per_floor":["M","$","?","?","M","E","R","M","T","E","$","?","R","M","R","B"],"character_chosen":"THE_SILENT","items_purchased":["Caltrops","Omamori"],"campfire_rested":1,"item_purchase_floors":[2,11],"current_hp_per_floor":[59,59,39,28,28,28,28,28,28,3,3,3,22,19,19,0],"gold":32,"neow_bonus":"THREE_ENEMY_KILL","is_prod":false,"is_daily":false,"chose_seed":false,"campfire_upgraded":2,"win_rate":0,"timestamp":1552405240,"path_taken":["M","$","?","?","M","E","R","M","T","E","$","?","R","M","R","BOSS"],"build_version":"2019-02-06","purchased_purges":0,"victory":false,"max_hp_per_floor":[66,66,66,66,66,66,66,66,66,66,66,66,66,66,66,66],"card_choices":[{"not_picked":["Accuracy","Dodge and Roll"],"picked":"Flying Knee","floor":1},{"not_picked":["Distraction","Acrobatics","Escape Plan"],"picked":"SKIP","floor":5},{"not_picked":["Infinite Blades","Dagger Throw"],"picked":"Poisoned Stab","floor":6},{"not_picked":["Outmaneuver","Calculated Gamble"],"picked":"All Out Attack","floor":8},{"not_picked":["Deflect","Reflex"],"picked":"Cloak And Dagger","floor":10},{"not_picked":["Flechettes","Underhanded Strike","Dodge and Roll"],"picked":"SKIP","floor":14}],"player_experience":1925540,"relics_obtained":[{"floor":6,"key":"Sundial"},{"floor":9,"key":"Bag of Marbles"},{"floor":10,"key":"Blue Candle"}],"event_choices":[{"damage_healed":0,"gold_gain":0,"player_choice":"Entered Light","damage_taken":20,"max_hp_gain":0,"max_hp_loss":0,"event_name":"Shining Light","floor":3,"gold_loss":0,"cards_upgraded":["Defend_G","Defend_G"]},{"damage_healed":0,"gold_gain":75,"player_choice":"Gather Gold","damage_taken":11,"max_hp_gain":0,"max_hp_loss":0,"event_name":"World of Goop","floor":4,"gold_loss":0},{"damage_healed":0,"gold_gain":0,"player_choice":"Upgraded","damage_taken":0,"max_hp_gain":0,"max_hp_loss":0,"event_name":"Upgrade Shrine","floor":12,"gold_loss":0,"cards_upgraded":["Caltrops"]}],"is_beta":true,"boss_relics":[],"items_purged_floors":[],"is_endless":false,"potions_floor_spawned":[1,5,6,14],"killed_by":"Hexaghost","ascension_level":20}