{"gold_per_floor":[110,120,140,158,172,172,182,208,255,255,267,267,292,292,292,367,367,387,387,402,11,87,87,117,117,117,127,159,169,169,183,183,262,262,281,292,392,392,57,57,85,100,100,180,180,191,202,237,237,237,237,237,237,35,60,60],"floor_reached":56,"playtime":1904,"items_purged":["Strike_R","Strike_R","Strike_R"],"score":2018,"play_id":"21ec6aee-7f99-49ac-a6f4-7f65dfd6484c","local_time":"20190724001511","is_ascension_mode":true,"campfire_choices":[{"data":"Blood for Blood","floor":6.0,"key":"SMITH"},{"data":"Armaments","floor":10.0,"key":"SMITH"},{"data":"Brutality","floor":15.0,"key":"SMITH"},{"data":"Battle Trance","floor":23.0,"key":"SMITH"},{"floor":25.0,"key":"RECALL"},{"data":"True Grit","floor":30.0,"key":"SMITH"},{"data":"Shrug It Off","floor":32.0,"key":"SMITH"},{"data":"Power Through","floor":40.0,"key":"SMITH"},{"data":"1","floor":45.0,"key":"LIFT"},{"data":"2","floor":49.0,"key":"LIFT"},{"data":"3","floor":53.0,"key":"LIFT"}],"neow_cost":"NONE","seed_source_timestamp":264495500794800,"circlet_count":0,"master_deck":["AscendersBane","Defend_R","Defend_R","Defend_R","Defend_R+1","Bash","Shrug It Off+1","Carnage","Second Wind+1","Pommel Strike","Blood for Blood+1","Armaments+1","Cleave","Brutality+1","Battle Trance+1","Reaper","Flame Barrier","Offering","Pummel+1","True Grit+1","Combust+1","Juggernaut+1","Impervious","Flame Barrier+1","Juggernaut+1","Power Through+1","Power Through+1","Juggernaut+1","Feel No Pain+1","Clothesline+1","Evolve+1","Shockwave"],"special_seed":0,"relics":["Burning Blood","Red Skull","PreservedInsect","Ancient Tea Set","Velvet Choker","Centennial Puzzle","Frozen Egg 2","Meat on the Bone","Blood Vial","Coffee Dripper","Girya","Bag of Marbles","Molten Egg 2","Sundial","Letter Opener"],"potions_floor_usage":[],"damage_taken":[{"damage":8.0,"enemies":"2 Louse","floor":1.0,"turns":3.0},{"damage":4.0,"enemies":"Small Slimes","floor":2.0,"turns":4.0},{"damage":2.0,"enemies":"Jaw Worm","floor":3.0,"turns":3.0},{"damage":12.0,"enemies":"Exordium Thugs","floor":4.0,"turns":5.0},{"damage":30.0,"enemies":"Gremlin Gang","floor":5.0,"turns":6.0},{"damage":6.0,"enemies":"2 Fungi Beasts","floor":7.0,"turns":5.0},{"damage":18.0,"enemies":"Gremlin Nob","floor":8.0,"turns":4.0},{"damage":1.0,"enemies":"Looter","floor":11.0,"turns":3.0},{"damage":11.0,"enemies":"Lagavulin","floor":13.0,"turns":6.0},{"damage":5.0,"enemies":"Slime Boss","floor":16.0,"turns":6.0},{"damage":22.0,"enemies":"Chosen","floor":18.0,"turns":5.0},{"damage":10.0,"enemies":"Spheric Guardian","floor":20.0,"turns":4.0},{"damage":10.0,"enemies":"Book of Stabbing","floor":24.0,"turns":3.0},{"damage":33.0,"enemies":"Cultist and Chosen","floor":27.0,"turns":4.0},{"damage":9.0,"enemies":"Slavers","floor":28.0,"turns":4.0},{"damage":19.0,"enemies":"Shelled Parasite and Fungi","floor":29.0,"turns":3.0},{"damage":14.0,"enemies":"Centurion and Healer","floor":31.0,"turns":3.0},{"damage":80.0,"enemies":"Collector","floor":33.0,"turns":9.0},{"damage":18.0,"enemies":"3 Darklings","floor":35.0,"turns":5.0},{"damage":3.0,"enemies":"3 Shapes","floor":36.0,"turns":4.0},{"damage":13.0,"enemies":"Mind Bloom Boss Battle","floor":37.0,"turns":6.0},{"damage":53.0,"enemies":"Reptomancer","floor":41.0,"turns":5.0},{"damage":10.0,"enemies":"Maw","floor":42.0,"turns":5.0},{"damage":22.0,"enemies":"4 Shapes","floor":46.0,"turns":7.0},{"damage":19.0,"enemies":"Jaw Worm Horde","floor":47.0,"turns":4.0},{"damage":9.0,"enemies":"Giant Head","floor":48.0,"turns":4.0},{"damage":38.0,"enemies":"Time Eater","floor":50.0,"turns":9.0},{"damage":28.0,"enemies":"Donu and Deca","floor":51.0,"turns":6.0},{"damage":93.0,"enemies":"Shield and Spear","floor":55.0,"turns":5.0},{"damage":29,"enemies":"The Heart","floor":56,"turns":2}],"seed_played":"-132448421443962420","potions_obtained":[{"floor":2.0,"key":"GamblersBrew"},{"floor":4.0,"key":"SpeedPotion"},{"floor":18.0,"key":"Fruit Juice"},{"floor":20.0,"key":"Strength Potion"},{"floor":33.0,"key":"Fire Potion"},{"floor":35.0,"key":"GamblersBrew"},{"floor":41.0,"key":"BloodPotion"}],"is_trial":false,"path_per_floor":["M","M","M","M","M","R","M","E","T","R","M","?","E","?","R","B",null,"M","?","M","$","T","R","E","R","T","M","E","M","R","M","R","B",null,"M","M","?","?","$","R","E","M","T","T","R","M","M","E","R","B","B",null,"R","$","E","B"],"character_chosen":"IRONCLAD","items_purchased":["Offering","Centennial Puzzle","Power Through","Juggernaut+1","Evolve+1"],"campfire_rested":0,"item_purchase_floors":[21,21,39,39,54],"current_hp_per_floor":[73,75,79,73,49,49,49,37,37,37,42,17,12,12,12,13,65,54,54,50,50,50,50,53,53,53,42,57,54,54,60,60,24,71,76,87,87,83,83,83,48,52,52,52,52,50,51,50,50,41,51,75,75,75,22,0],"gold":60,"neow_bonus":"TEN_PERCENT_HP_BONUS","is_prod":false,"is_daily":false,"chose_seed":false,"campfire_upgraded":7,"win_rate":0,"timestamp":1563894911,"path_taken":["M","M","M","M","M","R","M","E","T","R","M","?","E","?","R","BOSS","M","?","M","$","?","R","E","R","T","M","E","M","R","M","R","BOSS","M","?","?","?","$","R","E","M","T","?","R","M","?","E","R","BOSS","BOSS","R","$","E","BOSS"],"build_version":"2019-07-17","purchased_purges":3,"victory":false,"max_hp_per_floor":[82,82,82,82,82,82,82,82,82,82,82,82,82,82,82,82,82,87,87,87,87,87,87,87,87,87,87,87,87,87,87,87,87,87,87,87,87,83,83,83,83,83,83,83,83,83,83,83,83,83,83,83,83,83,83,83],"card_choices":[{"not_picked":["Iron Wave","Sword Boomerang"],"picked":"Shrug It Off","floor":1.0},{"not_picked":["Twin Strike","Fire Breathing"],"picked":"Carnage","floor":2.0},{"not_picked":["Twin Strike","Body Slam"],"picked":"Second Wind","floor":3.0},{"not_picked":["Twin Strike","Sword Boomerang"],"picked":"Pommel Strike","floor":4.0},{"not_picked":["Limit Break","Perfected Strike"],"picked":"Blood for Blood","floor":5.0},{"not_picked":["True Grit","Inflame"],"picked":"Armaments","floor":7.0},{"not_picked":["Iron Wave","Wild Strike"],"picked":"Cleave","floor":8.0},{"not_picked":["Perfected Strike","Iron Wave"],"picked":"Brutality","floor":11.0},{"not_picked":["Iron Wave","Uppercut"],"picked":"Battle Trance","floor":13.0},{"not_picked":["Fiend Fire","Exhume"],"picked":"Reaper","floor":16.0},{"not_picked":["Armaments","Clash+1"],"picked":"Flame Barrier","floor":18.0},{"not_picked":["Reckless Charge","Clothesline","Body Slam"],"picked":"SKIP","floor":20.0},{"not_picked":["Bloodletting","Sword Boomerang"],"picked":"Pummel+1","floor":24.0},{"not_picked":["Fire Breathing+1","Sword Boomerang"],"picked":"True Grit","floor":27.0},{"not_picked":["Ghostly Armor","Flex","Perfected Strike"],"picked":"SKIP","floor":28.0},{"not_picked":["Pommel Strike+1","Wild Strike"],"picked":"Combust+1","floor":29.0},{"not_picked":["Warcry","Iron Wave+1"],"picked":"Juggernaut+1","floor":31.0},{"not_picked":["Brutality+1","Immolate"],"picked":"Impervious","floor":33.0},{"not_picked":["Iron Wave","Clash"],"picked":"Flame Barrier+1","floor":35.0},{"not_picked":["Warcry","Iron Wave"],"picked":"Juggernaut+1","floor":36.0},{"not_picked":["Anger","True Grit"],"picked":"Power Through+1","floor":37.0},{"not_picked":["Wild Strike+1","Havoc","Clash"],"picked":"SKIP","floor":41.0},{"not_picked":["Perfected Strike+1","Havoc","Pummel"],"picked":"SKIP","floor":42.0},{"not_picked":["Dual Wield","Rampage+1"],"picked":"Feel No Pain+1","floor":46.0},{"not_picked":["Thunderclap+1","Ghostly Armor"],"picked":"Clothesline+1","floor":47.0},{"not_picked":["Wild Strike+1","Clash+1","True Grit"],"picked":"SKIP","floor":48.0},{"not_picked":["Wild Strike+1","Sword Boomerang+1"],"picked":"Shockwave","floor":55.0}],"player_experience":5792789,"relics_obtained":[{"floor":8.0,"key":"Red Skull"},{"floor":9.0,"key":"PreservedInsect"},{"floor":13.0,"key":"Ancient Tea Set"},{"floor":24.0,"key":"Frozen Egg 2"},{"floor":26.0,"key":"Meat on the Bone"},{"floor":28.0,"key":"Blood Vial"},{"floor":37.0,"key":"Girya"},{"floor":41.0,"key":"Bag of Marbles"},{"floor":43.0,"key":"Molten Egg 2"},{"floor":48.0,"key":"Sundial"},{"floor":55.0,"key":"Letter Opener"}],"event_choices":[{"damage_healed":0.0,"max_hp_gain":0.0,"max_hp_loss":0.0,"gold_gain":0.0,"event_name":"Shining Light","player_choice":"Entered Light","floor":12.0,"gold_loss":0.0,"damage_taken":25.0,"cards_upgraded":["Second Wind","Defend_R"]},{"cards_removed":["Strike_R"],"damage_healed":0.0,"max_hp_gain":0.0,"max_hp_loss":0.0,"gold_gain":0.0,"event_name":"Living Wall","player_choice":"Forget","floor":14.0,"gold_loss":0.0,"damage_taken":0.0},{"cards_removed":["Strike_R"],"damage_healed":0.0,"max_hp_gain":0.0,"max_hp_loss":0.0,"gold_gain":0.0,"event_name":"Purifier","player_choice":"Purged","floor":19.0,"gold_loss":0.0,"damage_taken":0.0},{"damage_healed":0.0,"max_hp_gain":0.0,"max_hp_loss":0.0,"gold_gain":0.0,"event_name":"MindBloom","player_choice":"Fight","floor":37.0,"gold_loss":0.0,"damage_taken":0.0},{"damage_healed":0.0,"max_hp_gain":0.0,"max_hp_loss":4.0,"gold_gain":0.0,"event_name":"Winding Halls","player_choice":"Max HP","floor":38.0,"gold_loss":0.0,"damage_taken":0.0}],"is_beta":false,"boss_relics":[{"not_picked":["White Beast Statue","Mark of Pain"],"picked":"Velvet Choker"},{"not_picked":["Black Blood","Astrolabe"],"picked":"Coffee Dripper"}],"items_purged_floors":[21,39,54],"is_endless":false,"potions_floor_spawned":[2,4,7,18,20,33,35,41,46,48],"killed_by":"The Heart","ascension_level":20}