{"gold_per_floor":[110,110,110,126,143,173,173],"floor_reached":7,"playtime":151,"items_purged":[],"score":102,"play_id":"94f39d40-27c2-4891-92a2-d69d3825877d","local_time":"20190414002022","is_ascension_mode":true,"campfire_choices":[],"neow_cost":"NONE","seed_source_timestamp":174852486142900,"circlet_count":0,"master_deck":["AscendersBane","Defend_G","Defend_G","Defend_G","Defend_G","Defend_G","Strike_G","Strike_G","Strike_G","Strike_G","Survivor","Neutralize","Dagger Spray","Bouncing Flask","Underhanded Strike","Quick Slash","Sucker Punch"],"special_seed":0,"relics":["Ring of the Snake","Matryoshka"],"potions_floor_usage":[6],"damage_taken":[{"damage":3.0,"enemies":"Small Slimes","floor":1.0,"turns":3.0},{"damage":5.0,"enemies":"2 Louse","floor":4.0,"turns":3.0},{"damage":1,"enemies":"Cultist","floor":5,"turns":3},{"damage":24,"enemies":"Gremlin Nob","floor":6,"turns":4},{"damage":28,"enemies":"Large Slime","floor":7,"turns":6}],"seed_played":"-376713310897550428","potions_obtained":[{"floor":1.0,"key":"LiquidBronze"},{"floor":5,"key":"FearPotion"}],"is_trial":false,"path_per_floor":["M","?","?","M","M","E","M"],"character_chosen":"THE_SILENT","items_purchased":[],"campfire_rested":0,"item_purchase_floors":[],"current_hp_per_floor":[56,61,61,56,55,31,3],"gold":173,"neow_bonus":"THREE_CARDS","is_prod":false,"is_daily":false,"chose_seed":false,"campfire_upgraded":0,"win_rate":0,"timestamp":1555168822,"path_taken":["M","?","?","M","M","E","M"],"build_version":"2019-01-23","purchased_purges":0,"victory":false,"max_hp_per_floor":[66,71,71,71,71,71,71],"card_choices":[{"not_picked":["Acrobatics","Dagger Throw"],"picked":"Dagger Spray","floor":0.0},{"not_picked":["Accuracy","PiercingWail"],"picked":"Bouncing Flask","floor":1.0},{"not_picked":["Expertise","Deflect"],"picked":"Underhanded Strike","floor":4.0},{"not_picked":["Finisher","Outmaneuver"],"picked":"Quick Slash","floor":5},{"not_picked":["Slice","Accuracy"],"picked":"Sucker Punch","floor":6}],"player_experience":4776198,"relics_obtained":[{"floor":6,"key":"Matryoshka"}],"event_choices":[{"damage_healed":0.0,"max_hp_gain":5.0,"max_hp_loss":0.0,"gold_gain":0.0,"event_name":"Big Fish","player_choice":"Donut","floor":2.0,"gold_loss":0.0,"damage_taken":0.0},{"cards_removed":["Strike_G"],"damage_healed":0.0,"max_hp_gain":0.0,"max_hp_loss":0.0,"gold_gain":0.0,"event_name":"Purifier","player_choice":"Purged","floor":3.0,"gold_loss":0.0,"damage_taken":0.0}],"is_beta":false,"boss_relics":[],"items_purged_floors":[],"is_endless":false,"potions_floor_spawned":[1,5],"killed_by":"Large Slime","ascension_level":20}