{"gold_per_floor":[215,13,92,92,102,102,128,128,128,157,172,186,221,284,284,383,383,397,397,397,415,34,34,53,53,53,68,79,92,92,126,126,126],"floor_reached":33,"playtime":2002,"items_purged":[],"score":410,"play_id":"0f048d1a-92f7-4791-8f2b-161a01e3f753","local_time":"20190718190946","is_ascension_mode":true,"campfire_choices":[{"floor":6,"key":"DIG"},{"floor":8,"key":"REST"},{"floor":15,"key":"DIG"},{"data":"Bash","floor":23,"key":"SMITH"},{"floor":25,"key":"REST"},{"floor":30,"key":"REST"},{"floor":32,"key":"REST"}],"neow_cost":"NONE","seed_source_timestamp":28704395306800,"circlet_count":0,"master_deck":["Defend_R","Defend_R","Defend_R","Defend_R","Bash+1","Clothesline","Shrug It Off","Disarm","Whirlwind","Pommel Strike","Anger","Twin Strike","Double Tap","Feed","Infernal Blade","Dual Wield","Armaments","Warcry","Bite","Bite","Bite","Bite","Bite","Headbutt","Warcry","Feel No Pain","Berserk","Twin Strike+1","Burning Pact+1","Uppercut"],"relics":["Burning Blood","Lantern","Shovel","Anchor","Bottled Flame","Pear","Dream Catcher","Unceasing Top","Happy Flower","Charon\u0027s Ashes","Orrery","Paper Frog","Vajra","Strawberry"],"potions_floor_usage":[7,13,20,29,33,33],"damage_taken":[{"damage":3,"enemies":"Jaw Worm","floor":1,"turns":5},{"damage":4,"enemies":"Small Slimes","floor":5,"turns":4},{"damage":45,"enemies":"Lagavulin","floor":7,"turns":9},{"damage":25,"enemies":"Gremlin Nob","floor":10,"turns":5},{"damage":0,"enemies":"Cultist","floor":11,"turns":2},{"damage":0,"enemies":"Exordium Wildlife","floor":12,"turns":3},{"damage":20,"enemies":"Lagavulin","floor":13,"turns":5},{"damage":13,"enemies":"3 Sentries","floor":14,"turns":7},{"damage":27,"enemies":"Hexaghost","floor":16,"turns":11},{"damage":37,"enemies":"Spheric Guardian","floor":18,"turns":6},{"damage":12,"enemies":"3 Byrds","floor":21,"turns":5},{"damage":42,"enemies":"Snake Plant","floor":24,"turns":5},{"damage":26,"enemies":"Chosen and Byrds","floor":27,"turns":6},{"damage":32,"enemies":"3 Cultists","floor":28,"turns":8},{"damage":16,"enemies":"Snecko","floor":29,"turns":3},{"damage":24,"enemies":"Book of Stabbing","floor":31,"turns":4},{"damage":88,"enemies":"Champ","floor":33,"turns":10}],"seed_played":"-3976026332962751729","potions_obtained":[{"floor":7,"key":"Energy Potion"},{"floor":11,"key":"GamblersBrew"},{"floor":12,"key":"SneckoOil"},{"floor":18,"key":"Fruit Juice"},{"floor":20,"key":"Fire Potion"},{"floor":20,"key":"SteroidPotion"},{"floor":20,"key":"Poison Potion"}],"is_trial":false,"path_per_floor":["M","$","?","?","M","R","E","R","T","E","M","M","E","?","R","B",null,"M","?","?","M","$","R","M","R","T","M","M","M","R","E","R","B"],"character_chosen":"IRONCLAD","items_purchased":["Lantern","AttackPotion","Paper Frog","Warcry","Feel No Pain"],"campfire_rested":4,"item_purchase_floors":[2,2,22,22,22],"current_hp_per_floor":[75,75,75,75,77,77,38,62,72,53,59,65,51,44,44,23,73,45,45,50,57,57,57,33,54,54,42,29,21,43,38,62,0],"gold":126,"neow_bonus":"HUNDRED_GOLD","is_prod":false,"is_daily":false,"chose_seed":false,"campfire_upgraded":1,"win_rate":0,"timestamp":1563491386,"path_taken":["M","$","?","?","M","R","E","R","T","E","?","M","E","?","R","BOSS","M","?","?","M","$","R","M","R","T","M","?","?","R","E","R","BOSS"],"build_version":"2019-07-17","purchased_purges":0,"victory":false,"max_hp_per_floor":[80,80,80,80,80,80,80,80,90,90,90,90,90,90,90,90,90,93,65,70,73,73,73,73,73,73,73,76,76,76,83,83,83],"card_choices":[{"not_picked":["Sword Boomerang","Combust"],"picked":"Clothesline","floor":1},{"not_picked":["Whirlwind","Twin Strike"],"picked":"Shrug It Off","floor":5},{"not_picked":["Heavy Blade","Sword Boomerang"],"picked":"Disarm","floor":7},{"not_picked":["Dark Embrace","Heavy Blade"],"picked":"Whirlwind","floor":10},{"not_picked":["Anger","Seeing Red"],"picked":"Pommel Strike","floor":11},{"not_picked":["Pummel","Shrug It Off"],"picked":"Anger","floor":12},{"not_picked":["Pummel","Searing Blow"],"picked":"Twin Strike","floor":13},{"not_picked":["Berserk","Limit Break"],"picked":"Double Tap","floor":16},{"not_picked":["Rupture","Blood for Blood"],"picked":"Feed","floor":17},{"not_picked":["Sword Boomerang","Combust"],"picked":"Infernal Blade","floor":17},{"not_picked":["Shockwave","Sword Boomerang"],"picked":"Dual Wield","floor":17},{"not_picked":["Perfected Strike","Havoc"],"picked":"Armaments","floor":17},{"not_picked":["Iron Wave+1","Clash"],"picked":"Warcry","floor":18},{"not_picked":["Clash","Shrug It Off"],"picked":"Headbutt","floor":21},{"not_picked":["Wild Strike","Entrench+1","Clothesline"],"picked":"SKIP","floor":24},{"not_picked":["Clothesline","Armaments"],"picked":"Berserk","floor":27},{"not_picked":["Disarm","Carnage"],"picked":"Twin Strike+1","floor":28},{"not_picked":["Cleave","Thunderclap","Anger+1"],"picked":"SKIP","floor":29},{"not_picked":["Iron Wave","Heavy Blade"],"picked":"Burning Pact+1","floor":30},{"not_picked":["Body Slam","Barricade","Armaments"],"picked":"SKIP","floor":31},{"not_picked":["Inflame","Shockwave"],"picked":"Uppercut","floor":32}],"player_experience":252566,"relics_obtained":[{"floor":4,"key":"Shovel"},{"floor":6,"key":"Anchor"},{"floor":7,"key":"Bottled Flame"},{"floor":9,"key":"Pear"},{"floor":10,"key":"Dream Catcher"},{"floor":13,"key":"Unceasing Top"},{"floor":15,"key":"Charon\u0027s Ashes"},{"floor":26,"key":"Vajra"},{"floor":31,"key":"Strawberry"}],"event_choices":[{"damage_healed":0,"gold_gain":79,"player_choice":"Gained Gold","damage_taken":0,"max_hp_gain":0,"max_hp_loss":0,"event_name":"Golden Wing","floor":3,"gold_loss":0},{"damage_healed":0,"gold_gain":0,"player_choice":"Relic","damage_taken":0,"max_hp_gain":0,"max_hp_loss":0,"event_name":"Wheel of Change","floor":4,"gold_loss":0},{"damage_healed":0,"gold_gain":30,"player_choice":"Searched \u00273\u0027 times","damage_taken":0,"relics_obtained":["Happy Flower"],"max_hp_gain":0,"max_hp_loss":0,"event_name":"Dead Adventurer","floor":14,"gold_loss":0},{"damage_healed":0,"gold_gain":0,"player_choice":"Became a vampire","damage_taken":0,"max_hp_gain":0,"max_hp_loss":28,"event_name":"Vampires","floor":19,"gold_loss":0,"cards_obtained":["Bite","Bite","Bite","Bite","Bite"]},{"damage_healed":0,"gold_gain":0,"player_choice":"Got Potions","damage_taken":0,"max_hp_gain":0,"max_hp_loss":0,"event_name":"Lab","floor":20,"gold_loss":0}],"is_beta":false,"boss_relics":[{"not_picked":["Tiny House","Lizard Tail"],"picked":"Orrery"}],"items_purged_floors":[],"is_endless":false,"potions_floor_spawned":[7,11,12,18,21,28],"killed_by":"Champ","ascension_level":7}