{"gold_per_floor":[115,127,140,152,64,64,93,104,104,130,140,140,140,171,171,265,265,285,285,285,285,308,308,329,329,329,352,73,89,39,39,39,135,135,149,16,35,98,431,462,479,495,495,495,527,527,539,217,217,217,217,217,217,3,38,38],"floor_reached":56,"playtime":2196,"items_purged":["Pain","Pain","Strike_R","Parasite","Bash"],"score":1829,"play_id":"ab751813-8651-41cc-bf58-4533ebc3bee3","local_time":"20190517004605","is_ascension_mode":true,"campfire_choices":[{"data":"Blood for Blood","floor":6.0,"key":"SMITH"},{"floor":15.0,"key":"REST"},{"data":"Whirlwind","floor":23.0,"key":"SMITH"},{"data":"Armaments","floor":32.0,"key":"SMITH"},{"floor":44.0,"key":"REST"},{"data":"Offering","floor":46.0,"key":"SMITH"},{"floor":49.0,"key":"RECALL"},{"data":"Evolve","floor":53.0,"key":"SMITH"}],"neow_cost":"NONE","seed_source_timestamp":19149157603900,"circlet_count":0,"master_deck":["AscendersBane","Defend_R","Defend_R","Defend_R","Defend_R","Whirlwind+1","Blood for Blood+1","Combust","Power Through","Feel No Pain","Metallicize","Seeing Red","Armaments+1","Offering+1","Havoc+1","Necronomicurse","Battle Trance","Whirlwind+1","Evolve+1","Reaper","Metallicize+1","Uppercut+1","Pummel+1","Clothesline+1","Dual Wield+1","Second Wind","Limit Break","Spot Weakness","Offering"],"special_seed":0,"relics":["Burning Blood","Matryoshka","Boot","Pear","Lantern","Potion Belt","Cursed Key","Necronomicon","Smiling Mask","Singing Bowl","WarpedTongs","DollysMirror","CultistMask","Astrolabe","Thread and Needle","Blood Vial","Juzu Bracelet","Mummified Hand","Bag of Preparation","Dodecahedron"],"potions_floor_usage":[56],"damage_taken":[{"damage":6.0,"enemies":"2 Louse","floor":1.0,"turns":4.0},{"damage":15.0,"enemies":"Small Slimes","floor":2.0,"turns":4.0},{"damage":7.0,"enemies":"Jaw Worm","floor":3.0,"turns":4.0},{"damage":4.0,"enemies":"3 Louse","floor":4.0,"turns":2.0},{"damage":21.0,"enemies":"Gremlin Nob","floor":7.0,"turns":4.0},{"damage":17.0,"enemies":"Red Slaver","floor":8.0,"turns":4.0},{"damage":14.0,"enemies":"3 Sentries","floor":10.0,"turns":5.0},{"damage":12.0,"enemies":"Large Slime","floor":11.0,"turns":5.0},{"damage":19.0,"enemies":"Lagavulin","floor":14.0,"turns":6.0},{"damage":23.0,"enemies":"The Guardian","floor":16.0,"turns":15.0},{"damage":29.0,"enemies":"Spheric Guardian","floor":18.0,"turns":6.0},{"damage":38.0,"enemies":"Shell Parasite","floor":22.0,"turns":4.0},{"damage":6.0,"enemies":"Cultist and Chosen","floor":24.0,"turns":1.0},{"damage":0.0,"enemies":"Centurion and Healer","floor":27.0,"turns":1.0},{"damage":19.0,"enemies":"Snake Plant","floor":29.0,"turns":3.0},{"damage":54.0,"enemies":"Automaton","floor":33.0,"turns":8.0},{"damage":2.0,"enemies":"3 Darklings","floor":35.0,"turns":3.0},{"damage":6.0,"enemies":"3 Shapes","floor":37.0,"turns":1.0},{"damage":0.0,"enemies":"2 Orb Walkers","floor":38.0,"turns":1.0},{"damage":35.0,"enemies":"Giant Head","floor":40.0,"turns":7.0},{"damage":26.0,"enemies":"Sphere and 2 Shapes","floor":41.0,"turns":8.0},{"damage":18.0,"enemies":"Spire Growth","floor":42.0,"turns":3.0},{"damage":25.0,"enemies":"Nemesis","floor":45.0,"turns":11.0},{"damage":6.0,"enemies":"Transient","floor":47.0,"turns":6.0},{"damage":49.0,"enemies":"Donu and Deca","floor":50.0,"turns":8.0},{"damage":62.0,"enemies":"Time Eater","floor":51.0,"turns":13.0},{"damage":82.0,"enemies":"Shield and Spear","floor":55.0,"turns":7.0},{"damage":55,"enemies":"The Heart","floor":56,"turns":2}],"seed_played":"5734805261133557688","potions_obtained":[{"floor":1.0,"key":"Poison Potion"},{"floor":2.0,"key":"Explosive Potion"},{"floor":7.0,"key":"SkillPotion"},{"floor":8.0,"key":"Block Potion"},{"floor":14.0,"key":"EssenceOfSteel"},{"floor":16.0,"key":"SpeedPotion"},{"floor":24.0,"key":"Dexterity Potion"},{"floor":27.0,"key":"Regen Potion"},{"floor":35.0,"key":"Strength Potion"},{"floor":37.0,"key":"SteroidPotion"},{"floor":41.0,"key":"Dexterity Potion"},{"floor":45.0,"key":"Strength Potion"},{"floor":55.0,"key":"Ancient Potion"}],"is_trial":false,"path_per_floor":["M","M","M","M","$","R","E","M","T","E","M","?","?","E","R","B",null,"M","?","T","?","M","R","M","?","T","M","$","M","$","?","R","B",null,"M","$","M","?","?","E","M","M","T","R","E","R","M","$","R","B","B",null,"R","$","E","B"],"character_chosen":"IRONCLAD","items_purchased":["Feel No Pain","DollysMirror","Regen Potion","Mummified Hand","Bag of Preparation"],"campfire_rested":2,"item_purchase_floors":[5,28,36,48,54],"current_hp_per_floor":[68,59,58,60,60,60,45,34,44,36,30,30,30,17,40,23,64,41,20,20,87,57,57,57,57,57,65,65,52,52,52,52,19,73,77,77,91,91,91,62,46,38,38,66,71,71,97,94,94,83,94,94,94,94,46,0],"gold":38,"neow_bonus":"REMOVE_CARD","is_prod":false,"is_daily":false,"chose_seed":false,"campfire_upgraded":5,"win_rate":0,"timestamp":1558021565,"path_taken":["M","M","M","M","$","R","E","M","T","E","M","?","?","E","R","BOSS","M","?","?","?","M","R","?","?","T","?","$","M","$","?","R","BOSS","M","$","?","?","?","E","M","M","T","R","E","R","M","$","R","BOSS","BOSS","R","$","E","BOSS"],"build_version":"2019-01-23","purchased_purges":5,"victory":false,"max_hp_per_floor":[75,75,75,75,75,75,75,75,85,85,85,77,77,77,77,77,77,77,77,77,87,89,89,89,89,89,91,91,91,91,91,91,91,91,91,91,91,91,91,91,93,95,95,95,95,95,97,94,94,94,94,94,94,94,94,94],"card_choices":[{"not_picked":["Burning Pact","Clothesline"],"picked":"Whirlwind","floor":1.0},{"not_picked":["Shrug It Off","Cleave"],"picked":"Blood for Blood","floor":2.0},{"not_picked":["Havoc","Sword Boomerang"],"picked":"Combust","floor":3.0},{"not_picked":["Heavy Blade","Rampage"],"picked":"Power Through","floor":4.0},{"not_picked":["Body Slam","Iron Wave","Reckless Charge"],"picked":"SKIP","floor":7.0},{"not_picked":["Iron Wave","Anger"],"picked":"Metallicize","floor":8.0},{"not_picked":["Body Slam","True Grit"],"picked":"Exhume","floor":10.0},{"not_picked":["Uppercut","Heavy Blade"],"picked":"Seeing Red","floor":11.0},{"not_picked":["Spot Weakness","Body Slam"],"picked":"Armaments","floor":14.0},{"not_picked":["Exhume","Feed"],"picked":"Offering","floor":16.0},{"not_picked":["Thunderclap","Perfected Strike"],"picked":"Havoc+1","floor":18.0},{"not_picked":["Thunderclap","Body Slam","Cleave"],"picked":"Singing Bowl","floor":22.0},{"not_picked":["Headbutt","Warcry"],"picked":"Battle Trance","floor":24.0},{"not_picked":["Clothesline","Perfected Strike","Reckless Charge"],"picked":"Singing Bowl","floor":27.0},{"not_picked":["Juggernaut","Fire Breathing"],"picked":"Evolve","floor":29.0},{"not_picked":["Fiend Fire","Berserk"],"picked":"Reaper","floor":33.0},{"not_picked":["Shrug It Off","Rampage"],"picked":"Clothesline+1","floor":35.0},{"not_picked":["Iron Wave+1","Shockwave"],"picked":"Dual Wield+1","floor":37.0},{"not_picked":["Shrug It Off","Heavy Blade"],"picked":"Second Wind","floor":38.0},{"not_picked":["Twin Strike","Thunderclap+1"],"picked":"Limit Break","floor":40.0},{"not_picked":["Feel No Pain","Blood for Blood","Bloodletting"],"picked":"Singing Bowl","floor":41.0},{"not_picked":["Sword Boomerang","Shrug It Off","Cleave"],"picked":"Singing Bowl","floor":42.0},{"not_picked":["Headbutt","Twin Strike"],"picked":"Spot Weakness","floor":45.0},{"not_picked":["Reckless Charge","Body Slam","True Grit"],"picked":"Singing Bowl","floor":47.0},{"not_picked":["Second Wind","Headbutt"],"picked":"Offering","floor":55.0}],"player_experience":5050549,"relics_obtained":[{"floor":7.0,"key":"Matryoshka"},{"floor":9.0,"key":"Boot"},{"floor":9.0,"key":"Pear"},{"floor":10.0,"key":"Lantern"},{"floor":14.0,"key":"Potion Belt"},{"floor":19.0,"key":"Necronomicon"},{"floor":20.0,"key":"Smiling Mask"},{"floor":20.0,"key":"Singing Bowl"},{"floor":38.0,"key":"Thread and Needle"},{"floor":40.0,"key":"Blood Vial"},{"floor":45.0,"key":"Juzu Bracelet"},{"floor":55.0,"key":"Dodecahedron"}],"event_choices":[{"damage_healed":0.0,"max_hp_gain":0.0,"max_hp_loss":8.0,"gold_gain":0.0,"event_name":"Golden Idol","player_choice":"Lose Max HP","floor":12.0,"gold_loss":0.0,"damage_taken":0.0,"relics_obtained":["Golden Idol"]},{"damage_healed":0.0,"max_hp_gain":0.0,"max_hp_loss":0.0,"gold_gain":0.0,"event_name":"Liars Game","player_choice":"Ignored","floor":13.0,"gold_loss":0.0,"damage_taken":0.0},{"damage_healed":0.0,"max_hp_gain":0.0,"max_hp_loss":0.0,"gold_gain":0.0,"event_name":"Cursed Tome","player_choice":"Obtained Book","floor":19.0,"gold_loss":0.0,"damage_taken":21.0},{"cards_removed":["Exhume"],"damage_healed":57.0,"max_hp_gain":10.0,"max_hp_loss":0.0,"gold_gain":0.0,"event_name":"Bonfire Elementals","player_choice":"Offered Rare","floor":21.0,"gold_loss":0.0,"damage_taken":0.0},{"damage_healed":0.0,"max_hp_gain":0.0,"max_hp_loss":0.0,"gold_gain":0.0,"event_name":"Accursed Blacksmith","player_choice":"Rummage","floor":25.0,"gold_loss":0.0,"damage_taken":0.0,"relics_obtained":["WarpedTongs"],"cards_obtained":["Pain"]},{"damage_healed":0.0,"max_hp_gain":0.0,"max_hp_loss":0.0,"gold_gain":0.0,"event_name":"FaceTrader","player_choice":"Trade","floor":31.0,"gold_loss":0.0,"damage_taken":0.0,"relics_obtained":["CultistMask"]},{"damage_healed":0.0,"max_hp_gain":0.0,"max_hp_loss":0.0,"gold_gain":0.0,"event_name":"Mysterious Sphere","player_choice":"Fight","floor":38.0,"gold_loss":0.0,"damage_taken":0.0},{"damage_healed":0.0,"max_hp_gain":0.0,"max_hp_loss":0.0,"gold_gain":333.0,"event_name":"The Moai Head","player_choice":"Gave Idol","floor":39.0,"relics_lost":["Golden Idol"],"gold_loss":0.0,"damage_taken":0.0}],"is_beta":false,"boss_relics":[{"not_picked":["Eternal Feather","Coffee Dripper"],"picked":"Cursed Key"},{"not_picked":["Calling Bell","White Beast Statue"],"picked":"Astrolabe"}],"items_purged_floors":[28,30,36,48,54],"is_endless":false,"potions_floor_spawned":[1,2,7,8,14,16,24,27,35,37,41,45,55],"killed_by":"The Heart","ascension_level":20}