{"gold_per_floor":[115,127,145,158,48,48,83,83,83,93,93,118,149,249,249,340,340,360,360,360,37,57,90,90,105,154,193,212,127,27,51,51,145,145,160,160,185,185,29,63,63,103,178,198,217,255,268,292,292,292,292,292,292,124,160,160],"floor_reached":56,"playtime":3249,"items_purged":["Defend_R","Strike_R"],"score":2028,"play_id":"4c7ef559-9777-4d20-85b1-fe79c54b7af7","local_time":"20190405005638","is_ascension_mode":true,"campfire_choices":[{"data":"Armaments","floor":6.0,"key":"SMITH"},{"data":"Battle Trance","floor":8.0,"key":"SMITH"},{"data":"Inflame","floor":15.0,"key":"SMITH"},{"floor":24.0,"key":"REST"},{"floor":32.0,"key":"RECALL"},{"floor":41.0,"key":"REST"},{"floor":49.0,"key":"REST"},{"floor":53.0,"key":"REST"}],"neow_cost":"NONE","seed_source_timestamp":193139657532500,"circlet_count":0,"master_deck":["AscendersBane","Defend_R","Defend_R","Defend_R","Bash","Ghostly Armor","Pummel","Battle Trance+1","Flex","Inflame+1","Armaments+1","Sword Boomerang","Feel No Pain+1","Anger","Feed","Shrug It Off+1","Iron Wave","True Grit","Whirlwind+1","Reaper+1","Inflame+1","Double Tap","Second Wind","Evolve+1","Reaper","Burning Pact+1","Dark Embrace+1","Brutality+1","Corruption+1","Warcry","Power Through","Battle Trance","Sword Boomerang+1","Seeing Red+1","Seeing Red"],"special_seed":0,"relics":["Burning Blood","Shuriken","Frozen Egg 2","Golden Idol","Paper Frog","Fusion Hammer","Prayer Wheel","Whetstone","Bottled Tornado","Mummified Hand","Empty Cage","Strawberry","Blue Candle","Molten Egg 2","Vajra"],"potions_floor_usage":[56],"damage_taken":[{"damage":2.0,"enemies":"Cultist","floor":1.0,"turns":4.0},{"damage":10.0,"enemies":"Small Slimes","floor":2.0,"turns":4.0},{"damage":0.0,"enemies":"2 Louse","floor":3.0,"turns":2.0},{"damage":16.0,"enemies":"Blue Slaver","floor":4.0,"turns":6.0},{"damage":17.0,"enemies":"Lagavulin","floor":7.0,"turns":7.0},{"damage":1.0,"enemies":"Looter","floor":10.0,"turns":3.0},{"damage":12.0,"enemies":"3 Louse","floor":12.0,"turns":4.0},{"damage":20.0,"enemies":"Gremlin Nob","floor":13.0,"turns":4.0},{"damage":16.0,"enemies":"The Guardian","floor":16.0,"turns":11.0},{"damage":17.0,"enemies":"2 Thieves","floor":18.0,"turns":4.0},{"damage":6.0,"enemies":"Chosen","floor":22.0,"turns":5.0},{"damage":21.0,"enemies":"Book of Stabbing","floor":23.0,"turns":3.0},{"damage":0.0,"enemies":"Snake Plant","floor":25.0,"turns":3.0},{"damage":26.0,"enemies":"Slavers","floor":27.0,"turns":3.0},{"damage":23.0,"enemies":"Centurion and Healer","floor":28.0,"turns":5.0},{"damage":21.0,"enemies":"Cultist and Chosen","floor":31.0,"turns":7.0},{"damage":84.0,"enemies":"Automaton","floor":33.0,"turns":10.0},{"damage":0.0,"enemies":"3 Shapes","floor":35.0,"turns":8.0},{"damage":16.0,"enemies":"Orb Walker","floor":37.0,"turns":3.0},{"damage":65.0,"enemies":"Giant Head","floor":40.0,"turns":6.0},{"damage":114.0,"enemies":"Reptomancer","floor":42.0,"turns":10.0},{"damage":33.0,"enemies":"Transient","floor":44.0,"turns":6.0},{"damage":7.0,"enemies":"Maw","floor":45.0,"turns":8.0},{"damage":54.0,"enemies":"Nemesis","floor":46.0,"turns":5.0},{"damage":52.0,"enemies":"Jaw Worm Horde","floor":47.0,"turns":4.0},{"damage":65.0,"enemies":"Transient","floor":48.0,"turns":6.0},{"damage":110.0,"enemies":"Time Eater","floor":50.0,"turns":15.0},{"damage":78.0,"enemies":"Awakened One","floor":51.0,"turns":7.0},{"damage":64.0,"enemies":"Shield and Spear","floor":55.0,"turns":6.0},{"damage":142,"enemies":"The Heart","floor":56,"turns":9}],"seed_played":"6569649600517272310","potions_obtained":[{"floor":1.0,"key":"Energy Potion"},{"floor":7.0,"key":"Weak Potion"},{"floor":12.0,"key":"Swift Potion"},{"floor":16.0,"key":"EssenceOfSteel"},{"floor":22.0,"key":"FearPotion"},{"floor":23.0,"key":"Fire Potion"},{"floor":31.0,"key":"FearPotion"},{"floor":33.0,"key":"Poison Potion"},{"floor":37.0,"key":"SpeedPotion"},{"floor":42.0,"key":"Weak Potion"},{"floor":48.0,"key":"Poison Potion"}],"is_trial":false,"path_per_floor":["M","M","M","M","$","R","E","R","T","M","?","M","E","?","R","B",null,"M","?","?","$","M","E","R","M","T","E","M","?","$","M","R","B",null,"M","?","M","?","$","E","R","E","T","M","M","E","M","M","R","B","B",null,"R","$","E","B"],"character_chosen":"IRONCLAD","items_purchased":["Inflame","Armaments","Reaper","Inflame+1","Dark Embrace+1","Ancient Potion","Seeing Red"],"campfire_rested":4,"item_purchase_floors":[5,5,21,21,39,54,54],"current_hp_per_floor":[72,68,74,64,64,64,53,53,53,58,58,52,38,38,38,28,58,50,50,50,50,55,40,61,70,70,53,80,80,80,68,68,10,65,87,87,87,87,87,66,95,79,79,89,104,93,108,68,100,28,63,99,111,111,79,0],"gold":160,"neow_bonus":"THREE_CARDS","is_prod":false,"is_daily":false,"chose_seed":false,"campfire_upgraded":3,"win_rate":0,"timestamp":1554393398,"path_taken":["M","M","M","M","?","R","E","R","T","M","?","M","E","?","R","BOSS","M","?","?","$","M","E","R","M","T","E","M","?","?","?","R","BOSS","M","?","M","?","$","E","R","E","T","?","M","E","M","M","R","BOSS","BOSS","R","$","E","BOSS"],"build_version":"2019-01-23","purchased_purges":2,"victory":false,"max_hp_per_floor":[75,75,75,75,75,75,75,75,75,75,68,68,68,68,68,68,68,71,71,71,71,71,71,71,74,74,77,80,80,80,83,83,83,83,87,87,87,87,87,98,98,101,101,101,104,108,108,108,108,108,111,111,111,111,115,115],"card_choices":[{"not_picked":["Armaments","Warcry"],"picked":"Perfected Strike","floor":0.0},{"not_picked":["Havoc","Thunderclap"],"picked":"Ghostly Armor","floor":1.0},{"not_picked":["Warcry","Havoc"],"picked":"Pummel","floor":2.0},{"not_picked":["Havoc","Metallicize"],"picked":"Battle Trance","floor":3.0},{"not_picked":["Wild Strike","Clash"],"picked":"Flex","floor":4.0},{"not_picked":["Warcry","Flex"],"picked":"Sword Boomerang","floor":7.0},{"not_picked":["Rupture+1","Headbutt"],"picked":"Feel No Pain+1","floor":10.0},{"not_picked":["Berserk+1","Perfected Strike","Warcry"],"picked":"SKIP","floor":12.0},{"not_picked":["Heavy Blade","Wild Strike"],"picked":"Anger","floor":13.0},{"not_picked":["Bludgeon","Offering"],"picked":"Feed","floor":16.0},{"not_picked":["Combust+1","Anger"],"picked":"Shrug It Off+1","floor":18.0},{"not_picked":["Spot Weakness","True Grit","Shrug It Off"],"picked":"SKIP","floor":22.0},{"not_picked":["Armaments+1","Clash+1","Cleave"],"picked":"SKIP","floor":23.0},{"not_picked":["Twin Strike","True Grit"],"picked":"Double Tap","floor":25.0},{"not_picked":["Searing Blow","Rage","Headbutt"],"picked":"SKIP","floor":25.0},{"not_picked":["Warcry","Ghostly Armor"],"picked":"Second Wind","floor":27.0},{"not_picked":["Shrug It Off","Havoc"],"picked":"Evolve+1","floor":28.0},{"not_picked":["Thunderclap","Sword Boomerang","Body Slam"],"picked":"SKIP","floor":28.0},{"not_picked":["Perfected Strike","Wild Strike","Evolve+1"],"picked":"SKIP","floor":31.0},{"not_picked":["Reckless Charge","Seeing Red","Rampage"],"picked":"SKIP","floor":31.0},{"not_picked":["Perfected Strike","Wild Strike","Evolve+1"],"picked":"SKIP","floor":31.0},{"not_picked":["Reckless Charge","Seeing Red","Rampage"],"picked":"SKIP","floor":31.0},{"not_picked":["Bludgeon","Offering"],"picked":"Reaper","floor":33.0},{"not_picked":["Rage+1","Body Slam"],"picked":"Burning Pact","floor":35.0},{"not_picked":["Twin Strike","Flex","Rage"],"picked":"SKIP","floor":35.0},{"not_picked":["Combust+1","Hemokinesis","Entrench"],"picked":"SKIP","floor":37.0},{"not_picked":["Fire Breathing+1","Twin Strike","Whirlwind"],"picked":"SKIP","floor":37.0},{"not_picked":["Combust+1","Hemokinesis","Entrench"],"picked":"SKIP","floor":37.0},{"not_picked":["Fire Breathing+1","Twin Strike","Whirlwind"],"picked":"SKIP","floor":37.0},{"not_picked":["Ghostly Armor","Heavy Blade","Warcry"],"picked":"SKIP","floor":40.0},{"not_picked":["Ghostly Armor","Heavy Blade","Warcry"],"picked":"SKIP","floor":40.0},{"not_picked":["Thunderclap","Twin Strike"],"picked":"Brutality+1","floor":42.0},{"not_picked":["Iron Wave","Thunderclap+1"],"picked":"Corruption+1","floor":44.0},{"not_picked":["Warcry","Perfected Strike","Cleave"],"picked":"SKIP","floor":44.0},{"not_picked":["Perfected Strike","Cleave"],"picked":"Warcry","floor":44.0},{"not_picked":["Immolate","Ghostly Armor+1"],"picked":"Power Through","floor":45.0},{"not_picked":["Carnage","Heavy Blade+1"],"picked":"Battle Trance","floor":45.0},{"not_picked":["Anger","Sentinel","Fire Breathing+1"],"picked":"SKIP","floor":46.0},{"not_picked":["Warcry","Headbutt+1"],"picked":"Sword Boomerang+1","floor":47.0},{"not_picked":["Wild Strike+1","Hemokinesis+1","Spot Weakness+1"],"picked":"SKIP","floor":47.0},{"not_picked":["Pommel Strike+1","Carnage+1"],"picked":"Seeing Red+1","floor":48.0},{"not_picked":["Sword Boomerang+1","Evolve+1","Cleave+1"],"picked":"SKIP","floor":48.0},{"not_picked":["Twin Strike+1","Armaments","Headbutt+1"],"picked":"SKIP","floor":55.0}],"player_experience":4702624,"relics_obtained":[{"floor":7.0,"key":"Shuriken"},{"floor":9.0,"key":"Frozen Egg 2"},{"floor":13.0,"key":"Paper Frog"},{"floor":23.0,"key":"Prayer Wheel"},{"floor":26.0,"key":"Whetstone"},{"floor":27.0,"key":"Bottled Tornado"},{"floor":40.0,"key":"Strawberry"},{"floor":42.0,"key":"Blue Candle"},{"floor":46.0,"key":"Molten Egg 2"},{"floor":55.0,"key":"Vajra"}],"event_choices":[{"damage_healed":0.0,"max_hp_gain":0.0,"max_hp_loss":7.0,"gold_gain":0.0,"event_name":"Golden Idol","player_choice":"Lose Max HP","floor":11.0,"gold_loss":0.0,"damage_taken":0.0,"relics_obtained":["Golden Idol"]},{"damage_healed":0.0,"max_hp_gain":0.0,"max_hp_loss":0.0,"gold_gain":100.0,"event_name":"Wheel of Change","player_choice":"Gold","floor":14.0,"gold_loss":0.0,"damage_taken":0.0},{"damage_healed":0.0,"max_hp_gain":0.0,"max_hp_loss":0.0,"gold_gain":0.0,"cards_transformed":["Perfected Strike","Strike_R"],"event_name":"Drug Dealer","player_choice":"Became Test Subject","floor":19.0,"gold_loss":0.0,"damage_taken":0.0,"cards_obtained":["Iron Wave","True Grit"]},{"damage_healed":0.0,"max_hp_gain":0.0,"max_hp_loss":0.0,"gold_gain":0.0,"event_name":"The Library","player_choice":"Read","floor":20.0,"gold_loss":0.0,"damage_taken":0.0,"cards_obtained":["Whirlwind"]},{"damage_healed":0.0,"max_hp_gain":0.0,"max_hp_loss":0.0,"gold_gain":0.0,"event_name":"Addict","player_choice":"Obtained Relic","floor":29.0,"gold_loss":85.0,"damage_taken":0.0,"relics_obtained":["Mummified Hand"]},{"cards_removed":["Strike_R"],"damage_healed":0.0,"max_hp_gain":0.0,"max_hp_loss":0.0,"gold_gain":0.0,"event_name":"Falling","player_choice":"Removed Attack","floor":36.0,"gold_loss":0.0,"damage_taken":0.0},{"damage_healed":0.0,"max_hp_gain":0.0,"max_hp_loss":0.0,"gold_gain":0.0,"event_name":"Upgrade Shrine","player_choice":"Upgraded","floor":38.0,"gold_loss":0.0,"damage_taken":0.0,"cards_upgraded":["Burning Pact"]}],"is_beta":false,"boss_relics":[{"not_picked":["White Beast Statue","Snecko Eye"],"picked":"Fusion Hammer"},{"not_picked":["Tiny House","Lizard Tail"],"picked":"Empty Cage"}],"items_purged_floors":[21,30],"is_endless":false,"potions_floor_spawned":[1,7,12,16,22,23,31,33,37,42,48],"killed_by":"The Heart","ascension_level":20}