{"gold_per_floor":[413,413,429,604,614,644,644,672,695,695,706,281,281,301,301,301],"floor_reached":16,"playtime":1166,"items_purged":["Defend_R"],"score":116,"play_id":"904f3c85-7228-4651-987e-4c22a5124ae7","local_time":"20190723184305","is_ascension_mode":true,"campfire_choices":[{"floor":7,"key":"RECALL"},{"floor":10,"key":"REST"},{"floor":15,"key":"REST"}],"neow_cost":"CURSE","seed_source_timestamp":1125127125010700,"circlet_count":0,"master_deck":["Strike_R","Strike_R","Strike_R","Strike_R","Strike_R","Defend_R","Defend_R","Defend_R","Bash","Writhe","Searing Blow","Combust","Demon Form","Corruption","Doubt","Flame Barrier","Thunderclap","Spot Weakness","Heavy Blade","Dropkick"],"relics":["Burning Blood","Old Coin","Omamori","Red Skull","PreservedInsect","Chemical X","CultistMask"],"potions_floor_usage":[6,6,11,16],"damage_taken":[{"damage":8,"enemies":"Jaw Worm","floor":1,"turns":3},{"damage":13,"enemies":"Cultist","floor":3,"turns":4},{"damage":7,"enemies":"Small Slimes","floor":5,"turns":5},{"damage":19,"enemies":"3 Sentries","floor":6,"turns":6},{"damage":50,"enemies":"Gremlin Nob","floor":8,"turns":5},{"damage":18,"enemies":"Exordium Thugs","floor":11,"turns":4},{"damage":10,"enemies":"Lots of Slimes","floor":14,"turns":4},{"damage":46,"enemies":"Hexaghost","floor":16,"turns":7}],"seed_played":"5703017998693974792","potions_obtained":[{"floor":1,"key":"Swift Potion"},{"floor":3,"key":"Fire Potion"},{"floor":5,"key":"Explosive Potion"},{"floor":8,"key":"Block Potion"}],"is_trial":false,"path_per_floor":["M","?","M","?","M","E","R","E","T","R","M","$","?","M","R","B"],"character_chosen":"IRONCLAD","items_purchased":["PreservedInsect","Chemical X"],"campfire_rested":2,"item_purchase_floors":[12,12],"current_hp_per_floor":[78,78,71,71,70,57,57,13,13,37,25,25,25,21,45,0],"gold":301,"neow_bonus":"ONE_RARE_RELIC","is_prod":false,"is_daily":false,"chose_seed":false,"campfire_upgraded":0,"win_rate":0,"timestamp":1563925385,"path_taken":["M","?","?","?","M","E","R","E","T","R","M","?","?","?","R","BOSS"],"build_version":"2019-07-17","purchased_purges":1,"victory":false,"max_hp_per_floor":[80,80,80,80,80,80,80,80,80,80,80,80,80,80,80,80],"card_choices":[{"not_picked":["Clash","Sever Soul"],"picked":"Searing Blow","floor":1},{"not_picked":["Heavy Blade","Warcry"],"picked":"Corruption","floor":3},{"not_picked":["Clothesline","Pommel Strike"],"picked":"Flame Barrier","floor":5},{"not_picked":["Sword Boomerang","Perfected Strike"],"picked":"Thunderclap","floor":6},{"not_picked":["Seeing Red","Thunderclap"],"picked":"Spot Weakness","floor":8},{"not_picked":["Shrug It Off","Flex"],"picked":"Heavy Blade","floor":11},{"not_picked":["Headbutt","Clash"],"picked":"Dropkick","floor":14}],"player_experience":144566,"relics_obtained":[{"floor":6,"key":"Omamori"},{"floor":8,"key":"Red Skull"}],"event_choices":[{"damage_healed":0,"gold_gain":0,"player_choice":"2 cards matched","damage_taken":0,"max_hp_gain":0,"max_hp_loss":0,"event_name":"Match and Keep!","floor":2,"gold_loss":0,"cards_obtained":["Combust","Demon Form"]},{"damage_healed":0,"gold_gain":175,"player_choice":"AGREE","damage_taken":0,"max_hp_gain":0,"max_hp_loss":0,"event_name":"Liars Game","floor":4,"gold_loss":0,"cards_obtained":["Doubt"]},{"damage_healed":0,"gold_gain":0,"player_choice":"Trade","damage_taken":0,"relics_obtained":["CultistMask"],"max_hp_gain":0,"max_hp_loss":0,"event_name":"FaceTrader","floor":13,"gold_loss":0}],"is_beta":false,"boss_relics":[],"items_purged_floors":[12],"is_endless":false,"potions_floor_spawned":[1,3,5,8],"killed_by":"Hexaghost","ascension_level":1}