{"gold_per_floor":[112,287,297,316,316,345,310,0,0,0,15,15,44,63,63,167,167,180,10,24,51,1,1,34,52,52,87,102,102,0,0,0,97,97,114,64,80,0,12,12,12,22,22,22,38,38,0,10,10,10],"floor_reached":51,"playtime":3319,"items_purged":["Defend_R","Normality","Writhe","Clumsy"],"score":840,"play_id":"e2d3f0e3-28e5-4c92-8aab-30618fb68a62","local_time":"20190308173248","is_ascension_mode":true,"campfire_choices":[{"data":"Armaments","floor":12.0,"key":"SMITH"},{"data":"Anger","floor":15.0,"key":"SMITH"},{"data":"Hemokinesis","floor":23,"key":"SMITH"},{"floor":32,"key":"REST"},{"data":"Corruption","floor":40,"key":"SMITH"},{"data":"Infernal Blade","floor":44,"key":"SMITH"},{"data":"Impervious","floor":46,"key":"SMITH"},{"data":"Body Slam","floor":49,"key":"SMITH"}],"neow_cost":"NONE","seed_source_timestamp":85976543885014,"circlet_count":0,"master_deck":["Bash","Impervious+1","Armaments+1","Whirlwind","Hemokinesis+1","Disarm","Thunderclap","Offering","Anger+1","Immolate","Carnage","Intimidate","Shrug It Off","Corruption+1","Havoc+1","Flame Barrier","Bandage Up","Impervious","Metallicize","Bloodletting","Disarm","Metallicize","Second Wind","Combust","Sword Boomerang","Flame Barrier","Carnage","Infernal Blade+1","Body Slam+1","Parasite"],"special_seed":0,"relics":["Burning Blood","The Courier","Bag of Marbles","Orichalcum","Anchor","Vajra","Calling Bell","Smiling Mask","Matryoshka","Dead Branch","Centennial Puzzle","Ancient Tea Set","Bag of Preparation","Boot","Singing Bowl","Pear","Bronze Scales","Pandora\u0027s Box","Red Mask","PreservedInsect"],"potions_floor_usage":[20,33,39,50,50,50],"damage_taken":[{"damage":1.0,"enemies":"2 Louse","floor":1.0,"turns":3.0},{"damage":16.0,"enemies":"Jaw Worm","floor":3.0,"turns":4.0},{"damage":12.0,"enemies":"Small Slimes","floor":4.0,"turns":3.0},{"damage":37.0,"enemies":"Lagavulin","floor":6.0,"turns":6.0},{"damage":4.0,"enemies":"Looter","floor":11.0,"turns":2.0},{"damage":3.0,"enemies":"Gremlin Nob","floor":13.0,"turns":3.0},{"damage":3.0,"enemies":"Exordium Thugs","floor":14.0,"turns":3.0},{"damage":20.0,"enemies":"Slime Boss","floor":16.0,"turns":8.0},{"damage":25.0,"enemies":"Shell Parasite","floor":18.0,"turns":6.0},{"damage":15,"enemies":"2 Thieves","floor":20,"turns":2},{"damage":7,"enemies":"Slavers","floor":24,"turns":3},{"damage":14,"enemies":"Centurion and Healer","floor":25,"turns":4},{"damage":8,"enemies":"Gremlin Leader","floor":27,"turns":3},{"damage":8,"enemies":"Chosen and Byrds","floor":28,"turns":3},{"damage":46,"enemies":"Automaton","floor":33,"turns":7},{"damage":6,"enemies":"3 Darklings","floor":35,"turns":2},{"damage":9,"enemies":"3 Shapes","floor":37,"turns":1},{"damage":29,"enemies":"Spire Growth","floor":39,"turns":4},{"damage":3,"enemies":"Transient","floor":42,"turns":5},{"damage":0,"enemies":"Jaw Worm Horde","floor":45,"turns":3},{"damage":8,"enemies":"Writhing Mass","floor":48,"turns":4},{"damage":46,"enemies":"Time Eater","floor":50,"turns":13}],"seed_played":"1310813327761858557","potions_obtained":[{"floor":1.0,"key":"Poison Potion"},{"floor":4.0,"key":"Dexterity Potion"},{"floor":11.0,"key":"Poison Potion"},{"floor":13.0,"key":"Swift Potion"},{"floor":18.0,"key":"FearPotion"},{"floor":20,"key":"EssenceOfSteel"},{"floor":24,"key":"Weak Potion"},{"floor":33,"key":"PowerPotion"},{"floor":39,"key":"AttackPotion"},{"floor":45,"key":"Ancient Potion"}],"is_trial":false,"path_per_floor":["M","?","M","M","?","E","?","$","T","?","M","R","E","M","R","B",null,"M","$","M","T","$","R","E","M","T","E","M","?","?","?","R","B",null,"M","$","M","?","M","R","?","M","T","R","M","R","$","M","R","B",null],"character_chosen":"IRONCLAD","items_purchased":["Bag of Marbles","Orichalcum","Centennial Puzzle","Body Slam"],"campfire_rested":1,"item_purchase_floors":[8,8,19,47],"current_hp_per_floor":[80,80,70,64,64,33,53,53,53,53,55,55,58,61,61,47,80,61,61,52,52,52,52,51,43,53,51,49,49,49,49,76,40,90,92,92,89,89,72,72,72,79,79,79,91,91,91,95,95,59],"gold":10,"neow_bonus":"ONE_RANDOM_RARE_CARD","is_prod":false,"is_daily":false,"chose_seed":false,"campfire_upgraded":7,"win_rate":0,"timestamp":1552084368,"path_taken":["M","?","M","M","?","E","?","$","T","?","?","R","E","M","R","BOSS","M","$","M","?","?","R","E","?","T","E","M","?","?","?","R","BOSS","M","?","M","?","M","R","?","M","T","R","?","R","?","M","R","BOSS"],"build_version":"2019-01-23","purchased_purges":4,"victory":true,"max_hp_per_floor":[80,80,80,80,80,80,80,80,80,80,80,80,80,80,80,80,80,80,80,80,80,80,80,80,80,90,90,90,90,90,90,90,90,90,92,92,92,92,94,94,94,94,94,94,96,96,96,98,98,98],"card_choices":[{"not_picked":["Sever Soul","Havoc"],"picked":"Armaments","floor":1.0},{"not_picked":["Evolve","Sentinel"],"picked":"Whirlwind","floor":3.0},{"not_picked":["Pommel Strike","Sword Boomerang"],"picked":"Hemokinesis","floor":4.0},{"not_picked":["Clash","Second Wind"],"picked":"Disarm","floor":6.0},{"not_picked":["Perfected Strike","Flex","Body Slam"],"picked":"SKIP","floor":11.0},{"not_picked":["Anger","Twin Strike"],"picked":"Offering","floor":13.0},{"not_picked":["Sword Boomerang","Rage"],"picked":"Anger","floor":14.0},{"not_picked":["Offering","Reaper"],"picked":"Immolate","floor":16.0},{"not_picked":["Pommel Strike","Warcry"],"picked":"Carnage","floor":18.0},{"not_picked":["Pommel Strike","Dual Wield"],"picked":"Intimidate","floor":20},{"not_picked":["Disarm","Warcry","Headbutt"],"picked":"SKIP","floor":24},{"not_picked":["Pommel Strike+1","Rage"],"picked":"Shrug It Off","floor":25},{"not_picked":["Uppercut","Impervious"],"picked":"Corruption","floor":27},{"not_picked":["Clash","Iron Wave"],"picked":"Havoc+1","floor":28},{"not_picked":["Fiend Fire","Limit Break"],"picked":"Impervious","floor":33},{"not_picked":["Thunderclap","Entrench","Wild Strike"],"picked":"Singing Bowl","floor":35},{"not_picked":["Body Slam+1","Twin Strike+1"],"picked":"Flame Barrier","floor":37},{"not_picked":["Headbutt","Sword Boomerang","Shrug It Off"],"picked":"Singing Bowl","floor":39},{"not_picked":["Heavy Blade","Blood for Blood"],"picked":"Infernal Blade","floor":42},{"not_picked":["Hemokinesis","Cleave+1","Thunderclap"],"picked":"Singing Bowl","floor":45},{"not_picked":["Cleave","Rage","Disarm+1"],"picked":"Singing Bowl","floor":48}],"player_experience":108493,"relics_obtained":[{"floor":6.0,"key":"The Courier"},{"floor":9.0,"key":"Anchor"},{"floor":13.0,"key":"Vajra"},{"floor":17.0,"key":"Smiling Mask"},{"floor":17.0,"key":"Matryoshka"},{"floor":17.0,"key":"Dead Branch"},{"floor":21,"key":"Ancient Tea Set"},{"floor":21,"key":"Bag of Preparation"},{"floor":24,"key":"Boot"},{"floor":26,"key":"Singing Bowl"},{"floor":26,"key":"Pear"},{"floor":27,"key":"Bronze Scales"},{"floor":43,"key":"PreservedInsect"}],"event_choices":[{"damage_healed":0.0,"max_hp_gain":0.0,"max_hp_loss":0.0,"gold_gain":175.0,"event_name":"Liars Game","player_choice":"AGREE","floor":2.0,"gold_loss":0.0,"damage_taken":0.0,"cards_obtained":["Doubt"]},{"cards_removed":["Doubt"],"damage_healed":0.0,"max_hp_gain":0.0,"max_hp_loss":0.0,"gold_gain":0.0,"event_name":"Living Wall","player_choice":"Forget","floor":5.0,"gold_loss":0.0,"damage_taken":0.0},{"damage_healed":20.0,"max_hp_gain":0.0,"max_hp_loss":0.0,"gold_gain":0.0,"event_name":"The Cleric","player_choice":"Healed","floor":7.0,"gold_loss":35.0,"damage_taken":0.0},{"damage_healed":0.0,"max_hp_gain":0.0,"max_hp_loss":0.0,"gold_gain":0.0,"cards_transformed":["Defend_R"],"event_name":"Transmorgrifier","player_choice":"Transformed","floor":10.0,"gold_loss":0.0,"damage_taken":0.0,"cards_obtained":["Thunderclap"]},{"damage_healed":0,"gold_gain":0,"player_choice":"Read","damage_taken":0,"max_hp_gain":0,"max_hp_loss":0,"event_name":"The Library","floor":29,"gold_loss":0,"cards_obtained":["Flame Barrier"]},{"damage_healed":0,"gold_gain":0,"player_choice":"Paid Fearfully","damage_taken":0,"max_hp_gain":0,"max_hp_loss":0,"event_name":"Masked Bandits","floor":30,"gold_loss":102},{"damage_healed":0,"gold_gain":0,"player_choice":"1 cards matched","damage_taken":0,"max_hp_gain":0,"max_hp_loss":0,"event_name":"Match and Keep!","floor":31,"gold_loss":0,"cards_obtained":["Bandage Up"]},{"damage_healed":0,"gold_gain":0,"player_choice":"Paid","damage_taken":0,"relics_obtained":["Red Mask"],"max_hp_gain":0,"max_hp_loss":0,"event_name":"Tomb of Lord Red Mask","floor":38,"gold_loss":80},{"damage_healed":0,"gold_gain":0,"player_choice":"1 cards matched","damage_taken":0,"max_hp_gain":0,"max_hp_loss":0,"event_name":"Match and Keep!","floor":41,"gold_loss":0,"cards_obtained":["Carnage"]}],"is_beta":false,"boss_relics":[{"not_picked":["Runic Dome","Astrolabe"],"picked":"Calling Bell"},{"not_picked":["White Beast Statue","Tiny House"],"picked":"Pandora\u0027s Box"}],"items_purged_floors":[8,19,22,36],"is_endless":false,"potions_floor_spawned":[1,4,11,13,18,20,24,33,39,42,45],"ascension_level":2}