{"gold_per_floor":[119,134,148,163,174,174,200,200,227,227,60,60,90,103,103,174,174,184,201,216,216,216],"floor_reached":22,"playtime":703,"items_purged":["Defend_B"],"score":396,"play_id":"4dc8d996-8799-4057-bc2e-475e1c1e1ae4","local_time":"20190624023744","is_ascension_mode":true,"campfire_choices":[{"data":"Sunder","floor":6,"key":"SMITH"},{"data":"Beam Cell","floor":8,"key":"SMITH"},{"data":"Fusion","floor":12,"key":"SMITH"},{"data":"Dualcast","floor":15,"key":"SMITH"}],"neow_cost":"NONE","seed_source_timestamp":460428343418200,"circlet_count":0,"master_deck":["AscendersBane","Strike_B","Strike_B","Strike_B","Strike_B","Defend_B","Defend_B","Defend_B","Zap","Dualcast+1","Echo Form","Sweeping Beam","Glacier","Sunder+1","Conserve Battery","Conserve Battery","Beam Cell+1","Fusion+1","Leap","Barrage","Glacier","Creative AI","Hologram","Force Field+1"],"relics":["Cracked Core","Potion Belt","Pen Nib","CultistMask","Boot","Inserter"],"potions_floor_usage":[16],"damage_taken":[{"damage":1,"enemies":"Cultist","floor":1,"turns":3},{"damage":1,"enemies":"2 Louse","floor":2,"turns":3},{"damage":0,"enemies":"Small Slimes","floor":3,"turns":4},{"damage":7,"enemies":"Looter","floor":4,"turns":4},{"damage":1,"enemies":"2 Fungi Beasts","floor":5,"turns":3},{"damage":11,"enemies":"3 Sentries","floor":7,"turns":8},{"damage":32,"enemies":"Gremlin Nob","floor":13,"turns":4},{"damage":2,"enemies":"3 Louse","floor":14,"turns":3},{"damage":36,"enemies":"The Guardian","floor":16,"turns":10},{"damage":15,"enemies":"3 Byrds","floor":18,"turns":5},{"damage":22,"enemies":"Spheric Guardian","floor":19,"turns":5},{"damage":10,"enemies":"Snecko","floor":20,"turns":6},{"damage":15,"enemies":"Cultist and Chosen","floor":22,"turns":4}],"seed_played":"7081385903275688306","potions_obtained":[{"floor":3,"key":"FairyPotion"},{"floor":4,"key":"Dexterity Potion"},{"floor":7,"key":"Strength Potion"},{"floor":13,"key":"FearPotion"},{"floor":18,"key":"LiquidBronze"}],"is_trial":false,"path_per_floor":["M","M","M","M","M","R","E","R","T","?","$","R","E","M","R","B",null,"M","M","M","?","M"],"character_chosen":"DEFECT","items_purchased":["Fusion","Leap"],"campfire_rested":0,"item_purchase_floors":[11,11],"current_hp_per_floor":[63,62,62,55,54,54,43,43,43,43,43,43,11,9,9,7,55,40,18,8,8,0],"gold":216,"neow_bonus":"ONE_RANDOM_RARE_CARD","is_prod":false,"is_daily":false,"chose_seed":false,"campfire_upgraded":4,"win_rate":0,"timestamp":1561311464,"path_taken":["M","M","?","M","M","R","E","R","T","?","$","R","E","M","R","BOSS","M","?","M","?","M"],"build_version":"2019-01-23","purchased_purges":1,"victory":false,"max_hp_per_floor":[71,71,71,71,71,71,71,71,71,71,71,71,71,71,71,71,71,71,71,71,71,71],"card_choices":[{"not_picked":["White Noise","Loop"],"picked":"Sweeping Beam","floor":1},{"not_picked":["Loop","Lockon"],"picked":"Glacier","floor":2},{"not_picked":["Sweeping Beam","Recycle"],"picked":"Sunder","floor":3},{"not_picked":["Darkness","Leap"],"picked":"Conserve Battery","floor":4},{"not_picked":["Compile Driver","Loop"],"picked":"Conserve Battery","floor":5},{"not_picked":["Compile Driver","Steam"],"picked":"Beam Cell","floor":7},{"not_picked":["Heatsinks","Thunder Strike"],"picked":"Barrage","floor":13},{"not_picked":["Conserve Battery","Darkness"],"picked":"Glacier","floor":14},{"not_picked":["Buffer","Meteor Strike"],"picked":"Creative AI","floor":16},{"not_picked":["Coolheaded","Steam"],"picked":"Hologram","floor":18},{"not_picked":["Gash","Streamline","Sweeping Beam"],"picked":"SKIP","floor":19},{"not_picked":["Defragment","Compile Driver"],"picked":"Force Field+1","floor":20}],"player_experience":5471608,"relics_obtained":[{"floor":7,"key":"Potion Belt"},{"floor":9,"key":"Pen Nib"},{"floor":13,"key":"Boot"}],"event_choices":[{"damage_healed":0,"gold_gain":0,"player_choice":"Trade","damage_taken":0,"relics_obtained":["CultistMask"],"max_hp_gain":0,"max_hp_loss":0,"event_name":"FaceTrader","floor":10,"gold_loss":0},{"damage_healed":0,"gold_gain":0,"player_choice":"Ignored","damage_taken":0,"max_hp_gain":0,"max_hp_loss":0,"event_name":"Cursed Tome","floor":21,"gold_loss":0}],"is_beta":false,"boss_relics":[{"not_picked":["Tiny House","Runic Dome"],"picked":"Inserter"}],"items_purged_floors":[11],"is_endless":false,"potions_floor_spawned":[3,4,7,13,18],"killed_by":"Cultist and Chosen","ascension_level":20}