{"gold_per_floor":[119,131,143,163,176,176,201,201,201,215,226,251,251,269,269,343,343,354,370,397,244,254,285,285,300,325,359,371,371,391,8,8,85,85,100,118,137,47,65,91,91,120,147,157,157,187,187,206,206,206,206,206,206,33,59,59],"floor_reached":57,"playtime":2489,"items_purged":["Strike_R","Strike_R","Strike_R"],"score":3450,"play_id":"6819f1f5-91d3-4d56-b60d-c0eb7bb86287","local_time":"20190529024635","is_ascension_mode":true,"campfire_choices":[{"data":"RitualDagger","floor":6,"key":"SMITH"},{"data":"Evolve","floor":8,"key":"SMITH"},{"data":"Double Energy","floor":13,"key":"SMITH"},{"data":"Burning Pact","floor":15,"key":"SMITH"},{"data":"Offering","floor":24,"key":"SMITH"},{"data":"Corruption","floor":32,"key":"SMITH"},{"floor":41,"key":"RECALL"},{"data":"Disarm","floor":47,"key":"SMITH"},{"data":"Dual Wield","floor":49,"key":"SMITH"},{"data":"Bash","floor":53,"key":"SMITH"}],"neow_cost":"","seed_source_timestamp":185839014146300,"circlet_count":0,"master_deck":["RitualDagger+1","Exhume+1","Defend_R","Defend_R","Defend_R+1","Defend_R","Bash+1","Strike_R","Strike_R","Double Energy+1","Evolve+1","Ghostly Armor","Headbutt","Burning Pact+1","Ghostly Armor+1","Offering+1","Warcry+1","Corruption+1","Battle Trance+1","Barricade+1","Dual Wield+1","Corruption+1","True Grit+1","Disarm+1"],"relics":["Burning Blood","Strange Spoon","Charon\u0027s Ashes","Blue Candle","Pantograph","Dead Branch","Torii","Runic Cube","Ancient Tea Set","Frozen Egg 2","Smiling Mask","War Paint","Incense Burner","Sozu","Mummified Hand","Ornamental Fan","Paper Frog","Bag of Preparation","FossilizedHelix"],"potions_floor_usage":[5,10,11,22,27,27,56],"damage_taken":[{"damage":1,"enemies":"Cultist","floor":1,"turns":3},{"damage":5,"enemies":"Small Slimes","floor":2,"turns":4},{"damage":4,"enemies":"Jaw Worm","floor":3,"turns":3},{"damage":23,"enemies":"Gremlin Gang","floor":4,"turns":8},{"damage":6,"enemies":"Exordium Thugs","floor":5,"turns":5},{"damage":0,"enemies":"Gremlin Nob","floor":7,"turns":2},{"damage":28,"enemies":"3 Louse","floor":10,"turns":7},{"damage":8,"enemies":"Exordium Wildlife","floor":11,"turns":4},{"damage":0,"enemies":"Lagavulin","floor":12,"turns":3},{"damage":0,"enemies":"Blue Slaver","floor":14,"turns":2},{"damage":27,"enemies":"Hexaghost","floor":16,"turns":3},{"damage":9,"enemies":"Chosen","floor":18,"turns":4},{"damage":6,"enemies":"Spheric Guardian","floor":19,"turns":3},{"damage":12,"enemies":"3 Cultists","floor":22,"turns":4},{"damage":12,"enemies":"Gremlin Leader","floor":23,"turns":5},{"damage":0,"enemies":"Centurion and Healer","floor":25,"turns":1},{"damage":0,"enemies":"Book of Stabbing","floor":27,"turns":3},{"damage":7,"enemies":"Shelled Parasite and Fungi","floor":28,"turns":2},{"damage":6,"enemies":"Cultist and Chosen","floor":30,"turns":1},{"damage":6,"enemies":"Automaton","floor":33,"turns":2},{"damage":0,"enemies":"Orb Walker","floor":35,"turns":2},{"damage":0,"enemies":"3 Shapes","floor":36,"turns":4},{"damage":6,"enemies":"Writhing Mass","floor":37,"turns":2},{"damage":1,"enemies":"Jaw Worm Horde","floor":39,"turns":5},{"damage":6,"enemies":"Reptomancer","floor":40,"turns":2},{"damage":1,"enemies":"Nemesis","floor":42,"turns":1},{"damage":6,"enemies":"Spire Growth","floor":44,"turns":2},{"damage":6,"enemies":"Reptomancer","floor":46,"turns":3},{"damage":6,"enemies":"Maw","floor":48,"turns":3},{"damage":15,"enemies":"Time Eater","floor":50,"turns":4},{"damage":6,"enemies":"Awakened One","floor":51,"turns":10},{"damage":6,"enemies":"Shield and Spear","floor":55,"turns":5},{"damage":25,"enemies":"The Heart","floor":56,"turns":6}],"seed_played":"-1572207911091280399","potions_obtained":[{"floor":2,"key":"Regen Potion"},{"floor":3,"key":"AttackPotion"},{"floor":7,"key":"Block Potion"},{"floor":11,"key":"Energy Potion"},{"floor":14,"key":"BloodPotion"},{"floor":16,"key":"Regen Potion"},{"floor":23,"key":"SkillPotion"},{"floor":27,"key":"Strength Potion"}],"is_trial":true,"path_per_floor":["M","M","M","M","M","R","E","R","T","M","M","E","R","M","R","B",null,"M","M","T","$","M","E","R","M","T","E","M","?","M","$","R","B",null,"M","M","M","$","M","E","R","E","T","M","?","E","R","M","R","B","B",null,"R","$","E","B",null],"character_chosen":"IRONCLAD","items_purchased":["Corruption","Incense Burner","Corruption+1","Bag of Preparation"],"campfire_rested":0,"item_purchase_floors":[21,31,38,54],"current_hp_per_floor":[73,74,75,58,58,58,64,64,64,57,55,61,61,67,67,54,70,67,67,67,67,73,67,67,73,73,75,74,74,74,74,74,75,75,75,75,75,75,75,75,75,75,75,75,71,71,71,71,71,62,71,71,71,71,71,52],"gold":59,"neow_bonus":"","is_prod":false,"is_daily":false,"chose_seed":false,"campfire_upgraded":9,"win_rate":0,"timestamp":1559065595,"path_taken":["M","M","M","M","M","R","E","R","T","?","M","E","R","M","R","BOSS","M","M","?","$","M","E","R","M","T","E","M","?","M","$","R","BOSS","M","M","M","$","M","E","R","E","T","M","?","E","R","M","R","BOSS","BOSS","R","$","E","BOSS"],"build_version":"2019-01-23","purchased_purges":3,"victory":true,"max_hp_per_floor":[75,75,75,75,75,75,75,75,75,75,75,75,75,75,75,75,75,75,75,75,75,75,75,75,75,75,75,75,75,75,75,75,75,75,75,75,75,75,75,75,75,75,75,75,71,71,71,71,71,71,71,71,71,71,71,71],"card_choices":[{"not_picked":["Twin Strike","Warcry"],"picked":"Evolve","floor":1},{"not_picked":["Iron Wave","Wild Strike"],"picked":"Ghostly Armor","floor":2},{"not_picked":["Rampage","Iron Wave"],"picked":"Headbutt","floor":3},{"not_picked":["Rage","Rupture","Iron Wave"],"picked":"SKIP","floor":4},{"not_picked":["Rage","Rupture","Iron Wave"],"picked":"SKIP","floor":4},{"not_picked":["Clash","Searing Blow","Anger"],"picked":"SKIP","floor":5},{"not_picked":["Wild Strike","Immolate","Limit Break"],"picked":"SKIP","floor":7},{"not_picked":["Pummel","Reckless Charge"],"picked":"Burning Pact","floor":10},{"not_picked":["Whirlwind","Pummel","Wild Strike"],"picked":"SKIP","floor":11},{"not_picked":["True Grit","Body Slam","Dropkick"],"picked":"SKIP","floor":12},{"not_picked":["Pommel Strike","Clothesline"],"picked":"Ghostly Armor","floor":14},{"not_picked":["Fiend Fire","Juggernaut"],"picked":"Offering","floor":16},{"not_picked":["Armaments","Sentinel"],"picked":"Warcry+1","floor":18},{"not_picked":["Headbutt+1","Evolve","Twin Strike+1"],"picked":"SKIP","floor":19},{"not_picked":["Rage","Bloodletting","Rampage"],"picked":"SKIP","floor":22},{"not_picked":["Anger","Fire Breathing","Iron Wave"],"picked":"SKIP","floor":23},{"not_picked":["Headbutt","Perfected Strike"],"picked":"Battle Trance+1","floor":25},{"not_picked":["Flame Barrier","Fire Breathing+1","Whirlwind"],"picked":"SKIP","floor":27},{"not_picked":["Immolate","Seeing Red+1","Flex"],"picked":"SKIP","floor":28},{"not_picked":["Rage","Power Through","Perfected Strike"],"picked":"SKIP","floor":30},{"not_picked":["Rage","Power Through","Perfected Strike"],"picked":"SKIP","floor":30},{"not_picked":["Rage","Power Through","Perfected Strike"],"picked":"SKIP","floor":30},{"not_picked":["Impervious","Dark Embrace+1"],"picked":"Barricade+1","floor":33},{"not_picked":["Armaments+1","Clothesline","Headbutt"],"picked":"SKIP","floor":35},{"not_picked":["Searing Blow","Flex+1"],"picked":"Dual Wield","floor":36},{"not_picked":["Headbutt","Wild Strike","Sentinel+1"],"picked":"SKIP","floor":37},{"not_picked":["Fire Breathing+1","Flex","Clash"],"picked":"SKIP","floor":39},{"not_picked":["Pommel Strike+1","Warcry"],"picked":"True Grit+1","floor":40},{"not_picked":["Inflame+1","Carnage","Cleave"],"picked":"SKIP","floor":42},{"not_picked":["Berserk+1","Dual Wield"],"picked":"Disarm","floor":44},{"not_picked":["Metallicize+1","Flame Barrier","Heavy Blade+1"],"picked":"SKIP","floor":46},{"not_picked":["Carnage","Thunderclap","Battle Trance"],"picked":"SKIP","floor":48},{"not_picked":["Warcry","Thunderclap","Heavy Blade"],"picked":"SKIP","floor":55}],"player_experience":5188941,"relics_obtained":[{"floor":7,"key":"Pantograph"},{"floor":9,"key":"Dead Branch"},{"floor":12,"key":"Torii"},{"floor":20,"key":"Ancient Tea Set"},{"floor":23,"key":"Frozen Egg 2"},{"floor":26,"key":"Smiling Mask"},{"floor":27,"key":"War Paint"},{"floor":40,"key":"Mummified Hand"},{"floor":42,"key":"Ornamental Fan"},{"floor":46,"key":"Paper Frog"},{"floor":55,"key":"FossilizedHelix"}],"event_choices":[{"damage_healed":0,"gold_gain":0,"player_choice":"Ignored","damage_taken":0,"max_hp_gain":0,"max_hp_loss":0,"event_name":"The Mausoleum","floor":29,"gold_loss":0},{"damage_healed":0,"gold_gain":0,"player_choice":"Max HP","damage_taken":0,"max_hp_gain":0,"max_hp_loss":4,"event_name":"Winding Halls","floor":45,"gold_loss":0}],"is_beta":false,"boss_relics":[{"not_picked":["Busted Crown","Ectoplasm"],"picked":"Runic Cube"},{"not_picked":["Lizard Tail","Eternal Feather"],"picked":"Sozu"}],"items_purged_floors":[21,31,38],"is_endless":false,"potions_floor_spawned":[2,3,7,11,14,16,19,23,27,36,37,42,44,48],"ascension_level":20}