{"gold_per_floor":[118,137,137,137,157,157,200,263,263,288,321,321,14,14,14,104,104,122,143,159,99,113,113,113,113,113,147,147,172,172,210,210,306,306,329,353,95,119,132,132,167,167,167,167,190,215,72,90,90,90,90,90,90,0,35,35],"floor_reached":57,"playtime":3429,"items_purged":["Strike_B","Strike_B","Streamline+1"],"score":3189,"play_id":"c5d57456-e22a-4090-9edc-8b4b1cd85de6","local_time":"20190610025229","is_ascension_mode":true,"campfire_choices":[{"data":"Streamline","floor":6,"key":"SMITH"},{"data":"Apotheosis","floor":15,"key":"SMITH"},{"data":"Defend_B","floor":23,"key":"PURGE"},{"data":"Pain","floor":28,"key":"PURGE"},{"data":"Defend_B","floor":30,"key":"PURGE"},{"data":"Strike_B","floor":32,"key":"PURGE"},{"data":"Sweeping Beam","floor":40,"key":"PURGE"},{"data":"Defend_B","floor":42,"key":"PURGE"},{"data":"Defend_B","floor":44,"key":"PURGE"},{"floor":49,"key":"RECALL"},{"data":"Sweeping Beam","floor":53,"key":"PURGE"}],"neow_cost":"NONE","seed_source_timestamp":1225565785844600,"circlet_count":0,"master_deck":["AscendersBane","Zap","Dualcast","Cold Snap","Undo","Double Energy","Apotheosis+1","Echo Form","Cold Snap","Consume","Blizzard+1","Conserve Battery","Ghostly","Ghostly","Ghostly","Reboot","BootSequence","Skim","Creative AI","Capacitor","Capacitor","Ball Lightning+1","Chaos+1","Loop","Skim+1","Hologram+1","Seek","Coolheaded+1"],"relics":["Cracked Core","FossilizedHelix","Golden Idol","Potion Belt","Peace Pipe","The Courier","Centennial Puzzle","Ancient Tea Set","Blood Vial","Pantograph","Cursed Key","Bag of Preparation","Omamori","Bronze Scales","Orrery","TheAbacus","Oddly Smooth Stone","Happy Flower"],"potions_floor_usage":[11,16,27,33,33,39,50,55,56,56,56],"damage_taken":[{"damage":4,"enemies":"Jaw Worm","floor":1,"turns":4},{"damage":2,"enemies":"Small Slimes","floor":2,"turns":3},{"damage":0,"enemies":"2 Louse","floor":5,"turns":2},{"damage":8,"enemies":"Lagavulin","floor":7,"turns":5},{"damage":9,"enemies":"3 Sentries","floor":8,"turns":7},{"damage":0,"enemies":"Large Slime","floor":10,"turns":4},{"damage":13,"enemies":"Gremlin Nob","floor":11,"turns":6},{"damage":10,"enemies":"Slime Boss","floor":16,"turns":7},{"damage":17,"enemies":"2 Thieves","floor":18,"turns":4},{"damage":0,"enemies":"Spheric Guardian","floor":19,"turns":4},{"damage":17,"enemies":"Snake Plant","floor":20,"turns":4},{"damage":0,"enemies":"Centurion and Healer","floor":22,"turns":5},{"damage":5,"enemies":"Book of Stabbing","floor":27,"turns":7},{"damage":0,"enemies":"Snecko","floor":29,"turns":5},{"damage":0,"enemies":"Gremlin Leader","floor":31,"turns":5},{"damage":0,"enemies":"Automaton","floor":33,"turns":9},{"damage":0,"enemies":"3 Darklings","floor":35,"turns":6},{"damage":0,"enemies":"3 Shapes","floor":36,"turns":6},{"damage":0,"enemies":"Maw","floor":38,"turns":9},{"damage":0,"enemies":"Transient","floor":39,"turns":6},{"damage":0,"enemies":"Giant Head","floor":41,"turns":9},{"damage":0,"enemies":"Writhing Mass","floor":45,"turns":7},{"damage":0,"enemies":"Maw","floor":46,"turns":6},{"damage":0,"enemies":"Jaw Worm Horde","floor":48,"turns":5},{"damage":0,"enemies":"Awakened One","floor":50,"turns":12},{"damage":0,"enemies":"Donu and Deca","floor":51,"turns":12},{"damage":13,"enemies":"Shield and Spear","floor":55,"turns":9},{"damage":14,"enemies":"The Heart","floor":56,"turns":11}],"seed_played":"8702610019456266898","potions_obtained":[{"floor":7,"key":"SpeedPotion"},{"floor":10,"key":"Ancient Potion"},{"floor":11,"key":"EssenceOfSteel"},{"floor":18,"key":"SkillPotion"},{"floor":27,"key":"FearPotion"},{"floor":31,"key":"GamblersBrew"},{"floor":33,"key":"Swift Potion"},{"floor":38,"key":"SteroidPotion"},{"floor":48,"key":"FocusPotion"},{"floor":55,"key":"AttackPotion"}],"is_trial":false,"path_per_floor":["M","M","?","?","M","R","E","?","T","M","E","T","$","?","R","B",null,"M","M","M","$","M","R","?","?","T","E","R","M","R","E","R","B",null,"M","M","$","M","M","R","E","R","T","R","M","M","$","M","R","B","B",null,"R","$","E","B",null],"character_chosen":"DEFECT","items_purchased":["Apotheosis","Blood Vial","TheAbacus","Swift Potion","PowerPotion","SpeedPotion"],"campfire_rested":0,"item_purchase_floors":[13,13,37,47,54,54],"current_hp_per_floor":[60,58,47,47,47,47,39,30,30,30,17,17,17,17,17,34,57,42,44,29,29,31,31,31,31,31,27,27,29,29,31,31,32,32,32,32,32,32,32,32,32,32,32,32,32,32,32,32,32,32,32,32,32,32,19,18],"gold":35,"neow_bonus":"REMOVE_CARD","is_prod":false,"is_daily":false,"chose_seed":false,"campfire_upgraded":2,"win_rate":0,"timestamp":1560102749,"path_taken":["M","M","?","?","M","R","E","?","T","M","E","?","$","?","R","BOSS","M","M","M","$","?","R","?","?","T","E","R","M","R","E","R","BOSS","M","M","$","M","M","R","E","R","T","R","M","M","$","M","R","BOSS","BOSS","R","$","E","BOSS"],"build_version":"2019-01-23","purchased_purges":3,"victory":true,"max_hp_per_floor":[71,71,71,64,64,64,64,64,64,64,64,64,64,64,64,64,64,64,64,64,64,64,64,32,32,32,32,32,32,32,32,32,32,32,32,32,32,32,32,32,32,32,32,32,32,32,32,32,32,32,32,32,32,32,32,32],"card_choices":[{"not_picked":["Hologram","Static Discharge"],"picked":"Cold Snap","floor":1},{"not_picked":["Darkness","Static Discharge"],"picked":"Sweeping Beam","floor":2},{"not_picked":["Static Discharge","Turbo"],"picked":"Streamline","floor":5},{"not_picked":["Compile Driver","Go for the Eyes"],"picked":"Undo","floor":7},{"not_picked":["Go for the Eyes","Barrage"],"picked":"Double Energy","floor":10},{"not_picked":["Lockon","Barrage"],"picked":"Sweeping Beam","floor":11},{"not_picked":["Hyperbeam","Biased Cognition"],"picked":"Echo Form","floor":16},{"not_picked":["Rebound","Ball Lightning"],"picked":"Cold Snap","floor":18},{"not_picked":["Ball Lightning","Conserve Battery"],"picked":"Consume","floor":19},{"not_picked":["Coolheaded","Steam"],"picked":"Blizzard+1","floor":20},{"not_picked":["Stack","Sunder"],"picked":"Conserve Battery","floor":22},{"not_picked":["Compile Driver","Auto Shields"],"picked":"Reboot","floor":27},{"not_picked":["Conserve Battery","Barrage"],"picked":"BootSequence","floor":29},{"not_picked":["Redo","Steam Power"],"picked":"Skim","floor":31},{"not_picked":["Biased Cognition","Machine Learning"],"picked":"Creative AI","floor":33},{"not_picked":["Cold Snap","Steam"],"picked":"Capacitor","floor":34},{"not_picked":["Double Energy","Steam Power"],"picked":"Capacitor","floor":34},{"not_picked":["Compile Driver","BootSequence"],"picked":"Ball Lightning+1","floor":34},{"not_picked":["Consume","Darkness"],"picked":"Chaos+1","floor":34},{"not_picked":["Stack+1","Conserve Battery"],"picked":"Loop","floor":34},{"not_picked":["Biased Cognition","Ball Lightning","White Noise+1"],"picked":"SKIP","floor":35},{"not_picked":["Hologram","Beam Cell"],"picked":"Skim+1","floor":36},{"not_picked":["Tempest","Leap","Reinforced Body"],"picked":"SKIP","floor":38},{"not_picked":["Beam Cell","Force Field","Cold Snap+1"],"picked":"SKIP","floor":39},{"not_picked":["Sunder+1","Skim"],"picked":"Hologram+1","floor":41},{"not_picked":["Loop+1","Rebound+1"],"picked":"Seek","floor":45},{"not_picked":["Scrape","Conserve Battery","Streamline"],"picked":"SKIP","floor":46},{"not_picked":["Skim+1","Steam","Hologram+1"],"picked":"SKIP","floor":48},{"not_picked":["Sweeping Beam","Force Field"],"picked":"Coolheaded+1","floor":55}],"player_experience":5313169,"relics_obtained":[{"floor":7,"key":"Potion Belt"},{"floor":8,"key":"Peace Pipe"},{"floor":9,"key":"The Courier"},{"floor":11,"key":"Centennial Puzzle"},{"floor":12,"key":"Ancient Tea Set"},{"floor":26,"key":"Bag of Preparation"},{"floor":27,"key":"Omamori"},{"floor":31,"key":"Bronze Scales"},{"floor":41,"key":"Oddly Smooth Stone"},{"floor":55,"key":"Happy Flower"}],"event_choices":[{"damage_healed":0,"gold_gain":0,"player_choice":"Success","damage_taken":11,"relics_obtained":["FossilizedHelix"],"max_hp_gain":0,"max_hp_loss":0,"event_name":"Scrap Ooze","floor":3,"gold_loss":0},{"damage_healed":0,"gold_gain":0,"player_choice":"Lose Max HP","damage_taken":0,"relics_obtained":["Golden Idol"],"max_hp_gain":0,"max_hp_loss":7,"event_name":"Golden Idol","floor":4,"gold_loss":0},{"damage_healed":0,"gold_gain":30,"player_choice":"Searched \u00273\u0027 times","damage_taken":0,"max_hp_gain":0,"max_hp_loss":0,"event_name":"Dead Adventurer","floor":8,"gold_loss":0},{"damage_healed":0,"gold_gain":0,"player_choice":"Gave Potion","damage_taken":0,"relics_obtained":["Pantograph"],"max_hp_gain":0,"max_hp_loss":0,"event_name":"WeMeetAgain","floor":14,"gold_loss":0},{"damage_healed":0,"gold_gain":0,"player_choice":"Became a Ghost","damage_taken":0,"max_hp_gain":0,"max_hp_loss":32,"event_name":"Ghosts","floor":24,"gold_loss":0,"cards_obtained":["Ghostly","Ghostly","Ghostly"]},{"damage_healed":0,"gold_gain":0,"player_choice":"0 cards matched","damage_taken":0,"max_hp_gain":0,"max_hp_loss":0,"event_name":"Match and Keep!","floor":25,"gold_loss":0,"cards_obtained":[]}],"is_beta":false,"boss_relics":[{"not_picked":["Empty Cage","Fusion Hammer"],"picked":"Cursed Key"},{"not_picked":["Calling Bell","Pandora\u0027s Box"],"picked":"Orrery"}],"items_purged_floors":[21,37,47],"is_endless":false,"potions_floor_spawned":[7,10,11,18,27,31,33,38,48,55],"ascension_level":20}