{"gold_per_floor":[115,134,134,134,134,159,232,149,176,176,190,205,10,41,41,138,138,154,171,186,204,2,33,33,61,116,116,116,0,120,132,144,260,272,299,327,299,323,404,416,455,476,567,591,618,664,689,44,44,44],"floor_reached":51,"playtime":1354,"items_purged":[],"score":1454,"play_id":"824a6b36-a984-4606-aed6-805a8bbd0e36","local_time":"20190707011853","is_ascension_mode":true,"campfire_choices":[{"data":"Perfected Strike","floor":10,"key":"SMITH"},{"floor":15,"key":"REST"},{"data":"Perfected Strike","floor":24,"key":"SMITH"},{"data":"Perfected Strike","floor":27,"key":"SMITH"},{"data":"Bash","floor":32,"key":"SMITH"},{"floor":40,"key":"REST"},{"floor":49,"key":"REST"}],"neow_cost":"","seed_source_timestamp":1339746748317347,"circlet_count":0,"master_deck":["Strike_R","Strike_R","Strike_R","Strike_R","Defend_R+1","Defend_R+1","Defend_R+1","Bash+1","Perfected Strike+1","Wild Strike","Thunderclap","vexMod:CursedStrike+1","ReplayTheSpireMod:Strike From Hell+1","strawberrySpire:FortFortyFour+1","Perfected Strike+1","Perfected Strike+1","strawberrySpire:Harvest+1","Flex+1","Wild Strike","vexMod:TrainingStrike","Flame Barrier+1","strawberrySpire:PumpUp+1","strawberrySpire:PowerStomp+1","Wild Strike","vexMod:CurseBlast+1","Sword Boomerang+1","Perfected Strike+1","Perfected Strike+1","Perfected Strike+1","Perfected Strike+1","Perfected Strike+1","Twin Strike"],"relics":["Burning Blood","vexMod:CardConverter","StuffTheSpire:ForceGauntlet","MerchantsRug","Bag of Marbles","Gremlin Food","conspire:Flyswatter","Sozu","vexMod:PillTracker","Lantern","StuffTheSpire:DarkSteelAnvil","Vajra","Busted Crown","MawBank","energizedSpire:DeadBattery","King of Hearts","Shuriken","StuffTheSpire:Barrel","Gremlin Horn","Strawberry","strawberrySpire:BrokenPrinter"],"potions_floor_usage":[50,50],"damage_taken":[{"damage":0,"enemies":"Jaw Worm","floor":1,"turns":3},{"damage":6,"enemies":"Small Slimes","floor":2,"turns":2},{"damage":30,"enemies":"3 Sentries","floor":6,"turns":6},{"damage":3,"enemies":"2 Louse","floor":11,"turns":2},{"damage":0,"enemies":"Large Slime","floor":12,"turns":2},{"damage":0,"enemies":"Gremlin Nob","floor":14,"turns":2},{"damage":41,"enemies":"The Guardian","floor":16,"turns":7},{"damage":11,"enemies":"2 Thieves","floor":18,"turns":2},{"damage":7,"enemies":"Chosen","floor":19,"turns":2},{"damage":11,"enemies":"3 Cultists","floor":20,"turns":4},{"damage":0,"enemies":"Snecko","floor":21,"turns":3},{"damage":19,"enemies":"Slavers","floor":23,"turns":5},{"damage":0,"enemies":"Book of Stabbing","floor":25,"turns":3},{"damage":30,"enemies":"conspire:MysteriousRune","floor":33,"turns":5},{"damage":0,"enemies":"3 Shapes","floor":35,"turns":2},{"damage":0,"enemies":"Orb Walker","floor":36,"turns":1},{"damage":40,"enemies":"Sphere and 2 Shapes","floor":38,"turns":4},{"damage":0,"enemies":"Reptomancer","floor":41,"turns":1},{"damage":8,"enemies":"Maw","floor":44,"turns":4},{"damage":0,"enemies":"3 Darklings","floor":45,"turns":2},{"damage":50,"enemies":"Nemesis","floor":46,"turns":5},{"damage":6,"enemies":"Jaw Worm Horde","floor":47,"turns":3},{"damage":113,"enemies":"conspire:OrnateMirror","floor":50,"turns":9}],"seed_played":"-2283724139585014092","potions_obtained":[{"floor":6,"key":"Strength Potion"},{"floor":12,"key":"FearPotion"},{"floor":14,"key":"FearPotion"},{"floor":16,"key":"SteroidPotion"}],"is_trial":false,"path_per_floor":["M","M","$","?","?","E","T","$","T","R","M","M","$","E","R","B",null,"M","M","M","M","$","E","R","E","T","R","AVR","?","?","?","R","B",null,"M","M","?","M","?","R","E","$","T","M","M","E","M","$","R","B",null],"character_chosen":"IRONCLAD","items_purchased":["Perfected Strike","Wild Strike","MerchantsRug","Gremlin Food","Perfected Strike","vexMod:PillTracker","Gremlin Horn","Strawberry","strawberrySpire:BrokenPrinter","Twin Strike"],"campfire_rested":3,"item_purchase_floors":[0,0,8,13,13,22,48,48,48,48],"current_hp_per_floor":[60,63,63,63,66,45,48,48,48,48,51,60,63,69,75,43,67,68,70,71,75,75,62,62,71,71,71,71,71,71,71,71,51,69,75,75,75,44,17,39,45,45,45,73,75,31,36,61,82,45],"gold":44,"neow_bonus":"","is_prod":false,"is_daily":false,"chose_seed":false,"campfire_upgraded":4,"win_rate":0,"timestamp":1562458733,"path_taken":["M","M","$","?","?","E","?","$","T","R","M","M","$","E","R","BOSS","M","M","M","M","$","E","R","E","T","R","AVR","?","?","?","R","BOSS","M","M","?","?","?","R","E","$","T","M","?","E","M","$","R","BOSS"],"build_version":"2019-07-05","purchased_purges":0,"victory":true,"max_hp_per_floor":[75,75,75,75,75,75,75,75,75,75,75,75,75,75,75,75,75,75,75,75,75,75,75,75,75,75,75,75,75,75,75,75,75,75,75,75,75,75,75,75,75,75,75,75,75,75,75,82,82,82],"card_choices":[{"not_picked":["Iron Wave","Second Wind"],"picked":"Thunderclap","floor":1},{"not_picked":["conspire:Charge","strawberrySpire:Aggression"],"picked":"vexMod:CursedStrike","floor":2},{"not_picked":["Metallicize","strawberrySpire:FireDrill"],"picked":"ReplayTheSpireMod:Strike From Hell","floor":6},{"not_picked":["Thunderclap","strawberrySpire:Spite","vexMod:CleverClash"],"picked":"SKIP","floor":11},{"not_picked":["Run Through","StuffTheSpire:AbyssLink"],"picked":"Perfected Strike","floor":12},{"not_picked":["Inflame","Disarm","Reckless Charge"],"picked":"SKIP","floor":14},{"not_picked":["Hemogenesis","vexMod:Elimination"],"picked":"strawberrySpire:Harvest","floor":16},{"not_picked":["Havoc","vexMod:TrainingStrike"],"picked":"Flex","floor":18},{"not_picked":["Fire Breathing","strawberrySpire:DraftPunk+1"],"picked":"Wild Strike","floor":19},{"not_picked":["Sword Boomerang","StuffTheSpire:RockThrow","hubris:CleavingFinish"],"picked":"SKIP","floor":20},{"not_picked":["Headbutt","Bloodletting"],"picked":"vexMod:TrainingStrike","floor":21},{"not_picked":["Body Slam","Entrench","Ghostly Armor"],"picked":"SKIP","floor":23},{"not_picked":["strawberrySpire:Incursion+1","Shockwave+1"],"picked":"Flame Barrier+1","floor":25},{"not_picked":["strawberrySpire:DebrisPile+1"],"picked":"SKIP","floor":35},{"not_picked":[],"picked":"strawberrySpire:PumpUp+1","floor":36},{"not_picked":[],"picked":"strawberrySpire:PowerStomp+1","floor":38},{"not_picked":[],"picked":"Wild Strike","floor":39},{"not_picked":["Headbutt"],"picked":"SKIP","floor":41},{"not_picked":["strawberrySpire:ZonePlayer+1"],"picked":"SKIP","floor":44},{"not_picked":[],"picked":"vexMod:CurseBlast","floor":45},{"not_picked":["strawberrySpire:JustAWound"],"picked":"SKIP","floor":46},{"not_picked":[],"picked":"Sword Boomerang+1","floor":47}],"player_experience":217949,"relics_obtained":[{"floor":6,"key":"StuffTheSpire:ForceGauntlet"},{"floor":7,"key":"strawberrySpire:CharschorBlot"},{"floor":9,"key":"Bag of Marbles"},{"floor":14,"key":"conspire:Flyswatter"},{"floor":23,"key":"Lantern"},{"floor":25,"key":"StuffTheSpire:DarkSteelAnvil"},{"floor":26,"key":"Vajra"},{"floor":39,"key":"King of Hearts"},{"floor":41,"key":"War Paint"},{"floor":43,"key":"Shuriken"},{"floor":46,"key":"StuffTheSpire:Barrel"}],"event_choices":[{"damage_healed":0,"gold_gain":0,"player_choice":"Disagree","damage_taken":0,"max_hp_gain":0,"max_hp_loss":0,"event_name":"conspire:LoneGhost","floor":4,"gold_loss":0},{"damage_healed":0,"gold_gain":0,"player_choice":"Upgraded Two","damage_taken":0,"max_hp_gain":0,"max_hp_loss":0,"event_name":"Designer","floor":37,"gold_loss":40,"cards_upgraded":["ReplayTheSpireMod:Strike From Hell","Defend_R"]}],"is_beta":false,"boss_relics":[{"not_picked":["hubris:VirtuousBlindfold","StuffTheSpire:RunicConfusion"],"picked":"Sozu"},{"not_picked":["strawberrySpire:Dictionifier","vexMod:EndlessSickness"],"picked":"energizedSpire:DeadBattery"}],"items_purged_floors":[],"is_endless":false,"potions_floor_spawned":[6,12,14,16,19,20,21,33,35,41,44,45],"ascension_level":7}