{"gold_per_floor":[217,17,117,128,6,6,17,17,17,17,35,35,60,70,70,167,167,187,187,102,113,13,13,38,38],"floor_reached":25,"playtime":615,"items_purged":["Strike_R","Strike_R"],"score":274,"play_id":"5d38d7b5-94d6-484f-8cbd-edc0dc070772","local_time":"20190706160711","is_ascension_mode":true,"campfire_choices":[{"data":"Bash","floor":6,"key":"SMITH"},{"data":"Sword Boomerang","floor":8,"key":"SMITH"},{"data":"Sword Boomerang","floor":10,"key":"SMITH"},{"data":"Flex","floor":15,"key":"SMITH"},{"floor":23,"key":"REST"}],"neow_cost":"NONE","seed_source_timestamp":1307393962895194,"circlet_count":0,"master_deck":["Defend_R","Defend_R","Defend_R","Defend_R","Bash+1","Sword Boomerang+1","Sword Boomerang+1","Dropkick","Flex+1","Feed"],"relics":["Burning Blood","Bag of Marbles","Unceasing Top","Oddly Smooth Stone","Empty Cage","Question Card","Pear"],"potions_floor_usage":[14,14,16,24],"damage_taken":[{"damage":8,"enemies":"2 Louse","floor":1,"turns":4},{"damage":6,"enemies":"Cultist","floor":4,"turns":3},{"damage":7,"enemies":"Jaw Worm","floor":7,"turns":2},{"damage":7,"enemies":"Exordium Thugs","floor":11,"turns":3},{"damage":20,"enemies":"Lagavulin","floor":13,"turns":6},{"damage":0,"enemies":"2 Fungi Beasts","floor":14,"turns":1},{"damage":42,"enemies":"Hexaghost","floor":16,"turns":9},{"damage":32,"enemies":"2 Thieves","floor":18,"turns":3},{"damage":15,"enemies":"3 Byrds","floor":21,"turns":5},{"damage":58,"enemies":"Slavers","floor":24,"turns":7},{"damage":20,"enemies":"Snake Plant","floor":25,"turns":2}],"seed_played":"-4482990720394563626","potions_obtained":[{"floor":4,"key":"Explosive Potion"},{"floor":7,"key":"Energy Potion"},{"floor":11,"key":"Dexterity Potion"},{"floor":21,"key":"Dexterity Potion"}],"is_trial":false,"path_per_floor":["M","$","?","M","$","R","M","R","T","R","M","$","E","M","R","B",null,"M","?","?","M","$","R","E","M"],"character_chosen":"IRONCLAD","items_purchased":["Bag of Marbles","Sword Boomerang","Flex"],"campfire_rested":1,"item_purchase_floors":[2,2,5],"current_hp_per_floor":[78,78,78,78,78,78,77,77,77,77,76,76,62,68,68,32,68,42,42,42,36,36,60,18,0],"gold":38,"neow_bonus":"HUNDRED_GOLD","is_prod":false,"is_daily":false,"chose_seed":false,"campfire_upgraded":4,"win_rate":0,"timestamp":1562425631,"path_taken":["M","$","?","M","?","R","?","R","T","R","M","$","E","M","R","BOSS","M","?","?","M","$","R","E","M"],"build_version":"2019-07-05","purchased_purges":2,"victory":false,"max_hp_per_floor":[80,80,80,80,80,80,80,80,80,80,80,80,80,80,80,80,80,80,80,80,83,83,83,93,93],"card_choices":[{"not_picked":["Anger","Body Slam"],"picked":"Sword Boomerang","floor":1},{"not_picked":["Iron Wave","Flex"],"picked":"Dropkick","floor":4},{"not_picked":["Hemokinesis","Body Slam","Fire Breathing"],"picked":"SKIP","floor":7},{"not_picked":["Warcry","Anger","Intimidate"],"picked":"SKIP","floor":11},{"not_picked":["Uppercut","Flex","Ghostly Armor"],"picked":"SKIP","floor":13},{"not_picked":["Sword Boomerang","Thunderclap","Perfected Strike"],"picked":"SKIP","floor":14},{"not_picked":["Bludgeon","Demon Form"],"picked":"Feed","floor":16},{"not_picked":["Havoc","Wild Strike+1","Rampage+1"],"picked":"SKIP","floor":18},{"not_picked":["Shockwave","Iron Wave","Clothesline+1","Pommel Strike"],"picked":"SKIP","floor":21},{"not_picked":["Combust+1","Sword Boomerang","Armaments","Body Slam"],"picked":"SKIP","floor":24}],"player_experience":187185,"relics_obtained":[{"floor":9,"key":"Unceasing Top"},{"floor":13,"key":"Oddly Smooth Stone"},{"floor":24,"key":"Pear"}],"event_choices":[{"damage_healed":0,"gold_gain":100,"player_choice":"Pray","damage_taken":0,"max_hp_gain":0,"max_hp_loss":0,"event_name":"Golden Shrine","floor":3,"gold_loss":0},{"cards_removed":["Strike_R"],"damage_healed":0,"gold_gain":0,"player_choice":"Elegance","damage_taken":0,"max_hp_gain":0,"max_hp_loss":0,"event_name":"Back to Basics","floor":19,"gold_loss":0},{"damage_healed":0,"gold_gain":0,"player_choice":"Obtained Relic","damage_taken":0,"relics_obtained":["Question Card"],"max_hp_gain":0,"max_hp_loss":0,"event_name":"Addict","floor":20,"gold_loss":85}],"is_beta":false,"boss_relics":[{"not_picked":["Ectoplasm","Philosopher\u0027s Stone"],"picked":"Empty Cage"}],"items_purged_floors":[5,22],"is_endless":false,"potions_floor_spawned":[4,7,11,21],"killed_by":"Snake Plant","ascension_level":5}