{"gold_per_floor":[110,110,110,121,121,121,140,12,12,25,44,71,90,52,52,155,155,165,183,193,210,34,34,34],"floor_reached":24,"playtime":1184,"items_purged":["Shame","Strike_R"],"score":240,"play_id":"508ae7f7-cc5c-416f-a9d2-b96846e76f5c","local_time":"20190704015155","is_ascension_mode":true,"campfire_choices":[{"data":"Bash","floor":6,"key":"SMITH"},{"data":"strawberrySpire:JustAWound","floor":15,"key":"SMITH"},{"floor":23,"key":"REST"}],"neow_cost":"NONE","seed_source_timestamp":1082705716588545,"circlet_count":0,"master_deck":["Strike_R","Defend_R","Defend_R","Defend_R","Defend_R","Bash+1","Reckless Charge+1","vexMod:Taunt+1","Survey Options","Shrug It Off+1","hubris:ReadiedAction","strawberrySpire:GettingOverIt","Uppercut","strawberrySpire:JustAWound+1","strawberrySpire:DraftPunk","vexMod:Hatred+1","Hemogenesis+1","Shrug It Off","Warcry+1","strawberrySpire:Endurance+1","Limit Break","Dual Wield"],"relics":["Burning Blood","hubris:SphereOfDissonance","aspiration:HummingbirdHeart","vexMod:ImprovementManual"],"potions_floor_usage":[19,24,24],"damage_taken":[{"damage":0,"enemies":"2 Louse","floor":1,"turns":4},{"damage":0,"enemies":"Cultist","floor":4,"turns":3},{"damage":6,"enemies":"Small Slimes","floor":7,"turns":3},{"damage":15,"enemies":"Gremlin Gang","floor":10,"turns":6},{"damage":3,"enemies":"Red Slaver","floor":11,"turns":3},{"damage":26,"enemies":"Gremlin Nob","floor":12,"turns":4},{"damage":10,"enemies":"Large Slime","floor":13,"turns":3},{"damage":13,"enemies":"vexMod:DaggerThrower","floor":16,"turns":7},{"damage":4,"enemies":"Chosen","floor":18,"turns":5},{"damage":56,"enemies":"3 Byrds","floor":19,"turns":7},{"damage":18,"enemies":"Snake Plant","floor":20,"turns":3},{"damage":13,"enemies":"conspire:HollyBat","floor":21,"turns":8},{"damage":63,"enemies":"conspire:Head Lice","floor":24,"turns":10}],"seed_played":"-1130500092637537737","potions_obtained":[{"floor":1,"key":"Poison Potion"},{"floor":7,"key":"Elixir"},{"floor":10,"key":"Elixir"},{"floor":13,"key":"LifebloodPotion"},{"floor":20,"key":"Weak Potion"}],"is_trial":false,"path_per_floor":["M","?","?","M","?","R","M","$","T","M","M","E","M","$","R","B",null,"M","M","M","M","$","R","E"],"character_chosen":"IRONCLAD","items_purchased":["hubris:ReadiedAction","vexMod:Hatred","Dual Wield"],"campfire_rested":1,"item_purchase_floors":[8,14,22],"current_hp_per_floor":[80,80,80,80,80,80,80,80,80,71,74,54,50,50,50,43,80,80,30,18,19,19,43,0],"gold":34,"neow_bonus":"REMOVE_CARD","is_prod":false,"is_daily":false,"chose_seed":false,"campfire_upgraded":2,"win_rate":0,"timestamp":1562201515,"path_taken":["M","?","?","M","?","R","M","$","T","M","?","E","M","?","R","BOSS","M","M","M","M","$","R","E"],"build_version":"2019-07-01","purchased_purges":2,"victory":false,"max_hp_per_floor":[80,80,80,80,80,80,80,80,80,80,80,80,80,80,80,80,80,80,80,80,80,80,80,80],"card_choices":[{"not_picked":["ReplayTheSpireMod:Strike From Hell","hubris:ReadiedAction"],"picked":"Reckless Charge","floor":1},{"not_picked":["Dropkick","vexMod:CleverClash","Fire Breathing"],"picked":"SKIP","floor":4},{"not_picked":["Shockwave","vexMod:StrikeStorm"],"picked":"Shrug It Off","floor":7},{"not_picked":["True Grit","Flex"],"picked":"strawberrySpire:GettingOverIt","floor":10},{"not_picked":["Run Through","infinitespire:OneForAll"],"picked":"Uppercut","floor":11},{"not_picked":["Replay:Undeath\u0027s Touch","Heavy Blade"],"picked":"strawberrySpire:JustAWound","floor":12},{"not_picked":["True Grit","strawberrySpire:Overwork"],"picked":"strawberrySpire:DraftPunk","floor":13},{"not_picked":["vexMod:Taunt","Demon Form"],"picked":"Hemogenesis","floor":16},{"not_picked":["strawberrySpire:Overwork","Shockwave"],"picked":"Shrug It Off","floor":18},{"not_picked":["Carnage+1","Iron Wave+1"],"picked":"Warcry+1","floor":19},{"not_picked":["strawberrySpire:FireDrill","Heavy Blade"],"picked":"strawberrySpire:Endurance+1","floor":20},{"not_picked":["True Grit","Shrug It Off"],"picked":"Limit Break","floor":21}],"player_experience":121120,"relics_obtained":[{"floor":9,"key":"hubris:SphereOfDissonance"},{"floor":12,"key":"aspiration:HummingbirdHeart"}],"event_choices":[],"is_beta":false,"boss_relics":[{"not_picked":["Astrolabe","Pandora\u0027s Box"],"picked":"vexMod:ImprovementManual"}],"items_purged_floors":[8,22],"is_endless":false,"potions_floor_spawned":[1,7,10,13,18,20,21],"killed_by":"conspire:Head Lice","ascension_level":4}