{"gold_per_floor":[11,31,31,31,31,31,31,44,116,141,141,166,180,203,203,299,299,314,229,18,18,18,18,31,57,125,125,143,171,171,9,9,86,86,100,111,122,137,0,0,0,0,0,0,0,20,33,33,33,33,33],"floor_reached":51,"playtime":1481,"items_purged":["Strike_B"],"score":1354,"play_id":"72bc5ae2-6e7e-41d1-8647-9ff09be6eb9e","local_time":"20190616234351","is_ascension_mode":true,"campfire_choices":[{"data":"Buffer","floor":6.0,"key":"SMITH"},{"floor":11.0,"key":"REST"},{"data":"Buffer","floor":15.0,"key":"SMITH"},{"data":"Buffer","floor":23.0,"key":"SMITH"},{"floor":27.0,"key":"RECALL"},{"data":"Fusion","floor":32.0,"key":"SMITH"},{"data":"Loop","floor":40.0,"key":"SMITH"},{"data":"Force Field","floor":42.0,"key":"SMITH"},{"data":"Glacier","floor":44.0,"key":"SMITH"},{"data":"Defragment","floor":49.0,"key":"SMITH"}],"neow_cost":"NO_GOLD","seed_source_timestamp":193313059032000,"circlet_count":0,"master_deck":["AscendersBane","Strike_B","Defend_B","Defend_B","Defend_B","Defend_B","Zap","Dualcast","Buffer+1","Gash","Sweeping Beam","Melter","Glacier+1","FTL+1","Beam Cell+1","Streamline+1","Buffer+1","Buffer+1","Cold Snap+1","Cold Snap+1","Self Repair","Go for the Eyes+1","Fusion+1","Electrodynamics","Loop+1","Barrage+1","Barrage+1","Blizzard+1","Force Field+1","Chill","Skim","Defragment+1"],"special_seed":0,"relics":["Cracked Core","Bloody Idol","Molten Egg 2","Cursed Key","MawBank","Runic Capacitor","Prayer Wheel","Pear","Symbiotic Virus","Coffee Dripper","Red Mask"],"potions_floor_usage":[],"damage_taken":[{"damage":0.0,"enemies":"Jaw Worm","floor":1.0,"turns":4.0},{"damage":12.0,"enemies":"Small Slimes","floor":2.0,"turns":3.0},{"damage":0.0,"enemies":"Cultist","floor":8.0,"turns":3.0},{"damage":0.0,"enemies":"Exordium Wildlife","floor":10.0,"turns":3.0},{"damage":0.0,"enemies":"2 Fungi Beasts","floor":12.0,"turns":4.0},{"damage":0.0,"enemies":"Blue Slaver","floor":13.0,"turns":2.0},{"damage":8.0,"enemies":"Large Slime","floor":14.0,"turns":4.0},{"damage":0.0,"enemies":"The Guardian","floor":16.0,"turns":10.0},{"damage":0.0,"enemies":"Chosen","floor":18.0,"turns":5.0},{"damage":0.0,"enemies":"Spheric Guardian","floor":24.0,"turns":1.0},{"damage":19.0,"enemies":"Book of Stabbing","floor":25.0,"turns":5.0},{"damage":27.0,"enemies":"Snake Plant","floor":28.0,"turns":5.0},{"damage":14.0,"enemies":"Slavers","floor":29.0,"turns":8.0},{"damage":57.0,"enemies":"Collector","floor":33.0,"turns":20.0},{"damage":1.0,"enemies":"Orb Walker","floor":35.0,"turns":3.0},{"damage":3.0,"enemies":"3 Shapes","floor":36.0,"turns":7.0},{"damage":0.0,"enemies":"Maw","floor":37.0,"turns":7.0},{"damage":0.0,"enemies":"Jaw Worm Horde","floor":38.0,"turns":5.0},{"damage":7.0,"enemies":"Transient","floor":46.0,"turns":6.0},{"damage":0.0,"enemies":"Sphere and 2 Shapes","floor":47.0,"turns":3.0},{"damage":36.0,"enemies":"Donu and Deca","floor":50.0,"turns":13.0},{"damage":68,"enemies":"Awakened One","floor":51,"turns":8}],"seed_played":"3818844422822163903","potions_obtained":[{"floor":2.0,"key":"FocusPotion"},{"floor":13.0,"key":"Fire Potion"},{"floor":25.0,"key":"Poison Potion"},{"floor":29.0,"key":"Regen Potion"},{"floor":33.0,"key":"PowerPotion"},{"floor":35.0,"key":"FearPotion"},{"floor":46.0,"key":"SkillPotion"}],"is_trial":false,"path_per_floor":["M","M","?","?","?","R","?","M","T","M","R","M","M","M","R","B",null,"M","?","$","?","?","R","M","E","T","R","M","E","?","$","R","B",null,"M","M","M","M","?","R","?","R","T","R","T","M","M","?","R","B","B"],"character_chosen":"DEFECT","items_purchased":["Runic Capacitor","Fusion"],"campfire_rested":1,"item_purchase_floors":[20,31],"current_hp_per_floor":[64,52,28,21,21,21,21,21,21,21,42,42,42,34,34,34,62,62,62,62,62,62,62,67,53,68,68,46,44,44,44,44,14,64,68,77,81,81,81,81,81,81,81,81,81,81,81,77,77,48,0],"gold":33,"neow_bonus":"THREE_RARE_CARDS","is_prod":false,"is_daily":false,"chose_seed":false,"campfire_upgraded":8,"win_rate":0,"timestamp":1560696231,"path_taken":["M","M","?","?","?","R","?","M","T","M","R","M","M","M","R","BOSS","M","?","$","?","?","R","M","E","T","R","M","E","?","$","R","BOSS","M","?","M","M","?","R","?","R","T","R","?","M","M","?","R","BOSS","BOSS"],"build_version":"2019-01-23","purchased_purges":1,"victory":false,"max_hp_per_floor":[71,71,71,71,71,71,71,71,71,71,71,71,71,71,71,71,71,71,71,71,71,71,71,71,71,81,81,81,81,81,81,81,81,81,81,81,81,81,81,81,81,81,81,81,81,81,81,77,77,77,77],"card_choices":[{"not_picked":["Thunder Strike","Reboot"],"picked":"Buffer","floor":0.0},{"not_picked":["Compile Driver","Scrape"],"picked":"Gash","floor":1.0},{"not_picked":["Turbo","Stack"],"picked":"Sweeping Beam","floor":2.0},{"not_picked":["Hologram","Rebound"],"picked":"Glacier","floor":8.0},{"not_picked":["Static Discharge","Fission"],"picked":"FTL+1","floor":10.0},{"not_picked":["Go for the Eyes+1","Ball Lightning+1"],"picked":"Beam Cell+1","floor":12.0},{"not_picked":["Aggregate","Stack"],"picked":"Streamline+1","floor":13.0},{"not_picked":["Stack","Go for the Eyes+1"],"picked":"Buffer","floor":14.0},{"not_picked":["Creative AI","Machine Learning"],"picked":"Buffer","floor":16.0},{"not_picked":["Steam+1","Stack+1"],"picked":"Cold Snap+1","floor":18.0},{"not_picked":["Redo","Stack"],"picked":"Compile Driver+1","floor":24.0},{"not_picked":["Rainbow","Rebound+1"],"picked":"Cold Snap+1","floor":25.0},{"not_picked":["Coolheaded","Sweeping Beam+1"],"picked":"Self Repair","floor":28.0},{"not_picked":["Melter+1","Sweeping Beam+1","Turbo"],"picked":"SKIP","floor":28.0},{"not_picked":["Stack","Force Field"],"picked":"Go for the Eyes+1","floor":29.0},{"not_picked":["Thunder Strike+1","Biased Cognition"],"picked":"Electrodynamics","floor":33.0},{"not_picked":["Steam Power","Glacier"],"picked":"Loop","floor":35.0},{"not_picked":["Ball Lightning+1","Streamline+1","Rip and Tear+1"],"picked":"SKIP","floor":35.0},{"not_picked":["Rip and Tear+1","Rebound+1"],"picked":"Barrage+1","floor":36.0},{"not_picked":["Cold Snap+1","Leap+1"],"picked":"Barrage+1","floor":36.0},{"not_picked":["Hologram","Cold Snap+1"],"picked":"Blizzard+1","floor":37.0},{"not_picked":["Ball Lightning+1","Chaos"],"picked":"Force Field","floor":37.0},{"not_picked":["Steam Power","Blizzard+1","Sunder+1"],"picked":"SKIP","floor":38.0},{"not_picked":["Skim","Streamline+1","Cold Snap+1"],"picked":"SKIP","floor":38.0},{"not_picked":["Rebound+1","Barrage+1"],"picked":"Chill","floor":46.0},{"not_picked":["Rebound+1","Ball Lightning+1"],"picked":"Skim","floor":46.0},{"not_picked":["Buffer","Go for the Eyes+1"],"picked":"Defragment","floor":47.0},{"not_picked":["Streamline+1","Hello World","Gash+1"],"picked":"SKIP","floor":47.0}],"player_experience":5378058,"relics_obtained":[{"floor":9.0,"key":"Molten Egg 2"},{"floor":25.0,"key":"Prayer Wheel"},{"floor":26.0,"key":"Pear"},{"floor":29.0,"key":"Symbiotic Virus"}],"event_choices":[{"damage_healed":0.0,"max_hp_gain":0.0,"max_hp_loss":0.0,"gold_gain":0.0,"event_name":"Golden Idol","player_choice":"Take Damage","floor":3.0,"gold_loss":0.0,"damage_taken":24.0,"relics_obtained":["Golden Idol"]},{"cards_removed":["Strike_B"],"damage_healed":0.0,"max_hp_gain":0.0,"max_hp_loss":0.0,"gold_gain":0.0,"event_name":"Golden Wing","player_choice":"Card Removal","floor":4.0,"gold_loss":0.0,"damage_taken":7.0},{"damage_healed":0.0,"max_hp_gain":0.0,"max_hp_loss":0.0,"gold_gain":0.0,"cards_transformed":["Strike_B"],"event_name":"Living Wall","player_choice":"Change","floor":5.0,"gold_loss":0.0,"damage_taken":0.0,"cards_obtained":["Melter"]},{"damage_healed":0.0,"max_hp_gain":0.0,"max_hp_loss":0.0,"gold_gain":0.0,"event_name":"The Cleric","player_choice":"Leave","floor":7.0,"gold_loss":0.0,"damage_taken":0.0},{"damage_healed":0.0,"max_hp_gain":0.0,"max_hp_loss":0.0,"gold_gain":0.0,"event_name":"Addict","player_choice":"Obtained Relic","floor":19.0,"gold_loss":85.0,"damage_taken":0.0,"relics_obtained":["MawBank"]},{"damage_healed":0.0,"max_hp_gain":0.0,"max_hp_loss":0.0,"gold_gain":0.0,"event_name":"Forgotten Altar","player_choice":"Gave Idol","floor":21.0,"relics_lost":["Golden Idol"],"gold_loss":0.0,"damage_taken":0.0,"relics_obtained":["Bloody Idol"]},{"damage_healed":0.0,"max_hp_gain":0.0,"max_hp_loss":0.0,"gold_gain":0.0,"event_name":"Beggar","player_choice":"Ignored","floor":22.0,"gold_loss":0.0,"damage_taken":0.0},{"cards_removed":["Writhe"],"damage_healed":0.0,"max_hp_gain":0.0,"max_hp_loss":0.0,"gold_gain":0.0,"event_name":"Fountain of Cleansing","player_choice":"Removed Curses","floor":30.0,"gold_loss":0.0,"damage_taken":0.0},{"damage_healed":0.0,"max_hp_gain":0.0,"max_hp_loss":0.0,"gold_gain":0.0,"event_name":"Tomb of Lord Red Mask","player_choice":"Paid","floor":39.0,"gold_loss":137.0,"damage_taken":0.0,"relics_obtained":["Red Mask"]},{"cards_removed":["Compile Driver"],"damage_healed":0.0,"max_hp_gain":0.0,"max_hp_loss":0.0,"gold_gain":0.0,"event_name":"Falling","player_choice":"Removed Attack","floor":41.0,"gold_loss":0.0,"damage_taken":0.0},{"damage_healed":0.0,"max_hp_gain":0.0,"max_hp_loss":4.0,"gold_gain":0.0,"event_name":"Winding Halls","player_choice":"Max HP","floor":48.0,"gold_loss":0.0,"damage_taken":0.0}],"is_beta":false,"boss_relics":[{"not_picked":["Busted Crown","Inserter"],"picked":"Cursed Key"},{"not_picked":["Calling Bell","Lizard Tail"],"picked":"Coffee Dripper"}],"items_purged_floors":[31],"is_endless":false,"potions_floor_spawned":[2,13,14,25,29,33,35,46],"killed_by":"Awakened One","ascension_level":20}