{"gold_per_floor":[118,118,118,130,140,140,170,170,170,190,216,216,236,73,73,144,144,163,363,383,26,44,71,83,83,83,110,122,122,132,162,162,239,239,252,252,352,352,352,384,205,24,103,118,153,167,185,185,185,185,185,185,185,51,85,85],"floor_reached":57,"playtime":2274,"items_purged":["Strike_R","Strike_R"],"score":2885,"play_id":"26b2e110-6889-41af-9916-9e326e86307b","local_time":"20190625005451","is_ascension_mode":true,"campfire_choices":[{"data":"Bash","floor":6.0,"key":"SMITH"},{"data":"Cleave","floor":8.0,"key":"SMITH"},{"floor":12.0,"key":"REST"},{"data":"True Grit","floor":15.0,"key":"SMITH"},{"floor":25.0,"key":"RECALL"},{"data":"Battle Trance","floor":29.0,"key":"SMITH"},{"data":"Clothesline","floor":32.0,"key":"SMITH"},{"floor":49,"key":"REST"},{"floor":53,"key":"REST"}],"neow_cost":"PERCENT_DAMAGE","seed_source_timestamp":538992244907400,"circlet_count":0,"master_deck":["AscendersBane","Strike_R","Strike_R","Strike_R","Defend_R","Defend_R","Defend_R","Defend_R","Bash+1","Cleave+1","Clothesline+1","Headbutt","Uppercut+1","Battle Trance+1","Second Wind","Feel No Pain+1","True Grit+1","Corruption+1","Juggernaut+1","Feel No Pain+1","Juggernaut+1","Feed+1","Juggernaut+1","Disarm","Power Through","Bludgeon+1","Fiend Fire+1","Ghostly Armor","Secret Technique","Master of Strategy","Seeing Red","Magnetism+1","Sever Soul+1","Shockwave+1","Entrench","Entrench+1","Ghostly Armor+1","Burning Pact"],"special_seed":0,"relics":["Burning Blood","Molten Egg 2","Frozen Egg 2","Centennial Puzzle","Snecko Eye","Potion Belt","Mummified Hand","Oddly Smooth Stone","The Courier","Fusion Hammer","Unceasing Top","Ornamental Fan","Medical Kit","Orichalcum","Bottled Lightning"],"potions_floor_usage":[56,56,56],"damage_taken":[{"damage":12.0,"enemies":"Cultist","floor":1.0,"turns":5.0},{"damage":9.0,"enemies":"Jaw Worm","floor":4.0,"turns":4.0},{"damage":10.0,"enemies":"2 Louse","floor":5.0,"turns":3.0},{"damage":37.0,"enemies":"Lagavulin","floor":7.0,"turns":6.0},{"damage":7.0,"enemies":"Blue Slaver","floor":10.0,"turns":4.0},{"damage":35.0,"enemies":"3 Sentries","floor":11.0,"turns":7.0},{"damage":8.0,"enemies":"3 Louse","floor":13.0,"turns":3.0},{"damage":26.0,"enemies":"The Guardian","floor":16.0,"turns":11.0},{"damage":0.0,"enemies":"Spheric Guardian","floor":18.0,"turns":3.0},{"damage":6.0,"enemies":"3 Byrds","floor":20.0,"turns":4.0},{"damage":17.0,"enemies":"Centurion and Healer","floor":22.0,"turns":7.0},{"damage":1.0,"enemies":"Gremlin Leader","floor":23.0,"turns":5.0},{"damage":13.0,"enemies":"3 Cultists","floor":24.0,"turns":4.0},{"damage":0.0,"enemies":"Book of Stabbing","floor":27.0,"turns":4.0},{"damage":7.0,"enemies":"Snecko","floor":28.0,"turns":3.0},{"damage":13.0,"enemies":"Centurion and Healer","floor":30.0,"turns":2.0},{"damage":8.0,"enemies":"Gremlin Leader","floor":31.0,"turns":2.0},{"damage":18.0,"enemies":"Champ","floor":33.0,"turns":8.0},{"damage":1.0,"enemies":"3 Shapes","floor":35.0,"turns":2.0},{"damage":0.0,"enemies":"Mind Bloom Boss Battle","floor":37.0,"turns":2.0},{"damage":27.0,"enemies":"Nemesis","floor":40.0,"turns":5.0},{"damage":4,"enemies":"Orb Walker","floor":44,"turns":2},{"damage":0,"enemies":"Reptomancer","floor":45,"turns":3},{"damage":0,"enemies":"Transient","floor":46,"turns":6},{"damage":0,"enemies":"Maw","floor":47,"turns":3},{"damage":3,"enemies":"Time Eater","floor":50,"turns":6},{"damage":16,"enemies":"Donu and Deca","floor":51,"turns":5},{"damage":16,"enemies":"Shield and Spear","floor":55,"turns":6},{"damage":22,"enemies":"The Heart","floor":56,"turns":6}],"seed_played":"-638693288621447288","potions_obtained":[{"floor":3.0,"key":"Swift Potion"},{"floor":3.0,"key":"Weak Potion"},{"floor":4.0,"key":"FearPotion"},{"floor":10.0,"key":"LiquidBronze"},{"floor":16.0,"key":"GamblersBrew"},{"floor":20.0,"key":"PowerPotion"},{"floor":27.0,"key":"Fire Potion"},{"floor":30.0,"key":"Poison Potion"},{"floor":31.0,"key":"Fruit Juice"},{"floor":45,"key":"Energy Potion"},{"floor":47,"key":"Poison Potion"}],"is_trial":false,"path_per_floor":["M","?","?","M","M","R","E","R","T","M","E","R","M","$","R","B",null,"M","?","M","$","M","E","M","R","T","E","M","R","M","E","R","B",null,"M","?","?","?","?","E","$","$","T","M","E","M","M","?","R","B","B",null,"R","$","E","B",null],"character_chosen":"IRONCLAD","items_purchased":["True Grit","Corruption+1","Juggernaut+1","Feed+1","Magnetism+1","Sever Soul+1","Medical Kit","SneckoOil","Block Potion"],"campfire_rested":3,"item_purchase_floors":[14,14,21,21,41,41,42,54,54],"current_hp_per_floor":[58,87,87,84,80,80,49,49,49,48,19,45,43,43,43,23,73,79,79,79,79,72,77,70,70,70,76,75,75,68,71,71,63,92,101,101,101,101,91,78,78,78,78,80,90,100,105,105,105,109,99,107,109,109,99,83],"gold":85,"neow_bonus":"TWENTY_PERCENT_HP_BONUS","is_prod":false,"is_daily":false,"chose_seed":false,"campfire_upgraded":5,"win_rate":0,"timestamp":1561391691,"path_taken":["M","?","?","M","?","R","E","R","T","M","E","R","M","$","R","BOSS","M","?","M","$","M","E","?","R","T","E","M","R","M","E","R","BOSS","M","?","?","?","?","E","?","$","T","M","E","M","?","?","R","BOSS","BOSS","R","$","E","BOSS"],"build_version":"2019-01-23","purchased_purges":2,"victory":true,"max_hp_per_floor":[89,89,89,89,89,89,89,89,89,89,89,89,89,89,89,89,89,89,89,89,89,93,93,93,93,93,93,93,93,93,98,98,102,102,106,101,101,101,101,105,105,105,105,105,105,105,105,105,105,109,109,109,109,109,109,109],"card_choices":[{"not_picked":["Ghostly Armor","Shrug It Off"],"picked":"Cleave","floor":1.0},{"not_picked":["Armaments","Heavy Blade"],"picked":"Clothesline","floor":4.0},{"not_picked":["Thunderclap","Twin Strike"],"picked":"Headbutt","floor":5.0},{"not_picked":["Twin Strike","Fire Breathing"],"picked":"Uppercut","floor":7.0},{"not_picked":["Corruption+1","Wild Strike+1"],"picked":"Battle Trance","floor":10.0},{"not_picked":["Reckless Charge+1","Hemokinesis+1"],"picked":"Second Wind","floor":11.0},{"not_picked":["Sentinel","Warcry"],"picked":"Feel No Pain+1","floor":13.0},{"not_picked":["Barricade+1","Exhume"],"picked":"Juggernaut+1","floor":16.0},{"not_picked":["Anger+1","Warcry+1","Havoc"],"picked":"SKIP","floor":18.0},{"not_picked":["Havoc","Corruption+1"],"picked":"Feel No Pain+1","floor":20.0},{"not_picked":["Twin Strike+1","Armaments","Pummel+1"],"picked":"SKIP","floor":22.0},{"not_picked":["Flex","Anger+1"],"picked":"Juggernaut+1","floor":23.0},{"not_picked":["Armaments+1","Wild Strike+1"],"picked":"Disarm","floor":24.0},{"not_picked":["Heavy Blade+1","Warcry"],"picked":"Power Through","floor":27.0},{"not_picked":["Twin Strike+1","Sword Boomerang+1","Clothesline+1"],"picked":"SKIP","floor":28.0},{"not_picked":["Combust+1","Rage","Spot Weakness"],"picked":"SKIP","floor":30.0},{"not_picked":["Shockwave","Havoc"],"picked":"Bludgeon+1","floor":31.0},{"not_picked":["Bludgeon+1","Berserk+1"],"picked":"Fiend Fire+1","floor":33.0},{"not_picked":["Thunderclap+1","Headbutt+1"],"picked":"Ghostly Armor","floor":35.0},{"not_picked":["Enlightenment","Forethought"],"picked":"Secret Technique","floor":39.0},{"not_picked":["Dramatic Entrance+1","Violence"],"picked":"Bandage Up","floor":39.0},{"not_picked":["Panache+1","Purity"],"picked":"Master of Strategy","floor":39.0},{"not_picked":["Thunderclap+1","Flex+1"],"picked":"Seeing Red","floor":40.0},{"not_picked":["Pommel Strike+1","Flex"],"picked":"Shockwave+1","floor":44},{"not_picked":["Ghostly Armor","Blood for Blood+1"],"picked":"Entrench","floor":45},{"not_picked":["Anger+1","Shockwave+1"],"picked":"Entrench+1","floor":46},{"not_picked":["Dropkick+1","Pommel Strike+1"],"picked":"Ghostly Armor+1","floor":47},{"not_picked":["Searing Blow+1","Second Wind"],"picked":"Burning Pact","floor":55}],"player_experience":5480039,"relics_obtained":[{"floor":7.0,"key":"Molten Egg 2"},{"floor":9.0,"key":"Frozen Egg 2"},{"floor":11.0,"key":"Centennial Puzzle"},{"floor":23.0,"key":"Potion Belt"},{"floor":26.0,"key":"Mummified Hand"},{"floor":27.0,"key":"Oddly Smooth Stone"},{"floor":31.0,"key":"The Courier"},{"floor":37.0,"key":"Unceasing Top"},{"floor":40.0,"key":"Ornamental Fan"},{"floor":45,"key":"Orichalcum"},{"floor":55,"key":"Bottled Lightning"}],"event_choices":[{"damage_healed":29.0,"max_hp_gain":0.0,"max_hp_loss":0.0,"gold_gain":0.0,"event_name":"Big Fish","player_choice":"Banana","floor":2.0,"gold_loss":0.0,"damage_taken":0.0},{"damage_healed":0.0,"max_hp_gain":0.0,"max_hp_loss":0.0,"gold_gain":0.0,"event_name":"Lab","player_choice":"Got Potions","floor":3.0,"gold_loss":0.0,"damage_taken":0.0},{"damage_healed":0.0,"max_hp_gain":0.0,"max_hp_loss":0.0,"gold_gain":250.0,"event_name":"The Joust","player_choice":"Bet on Owner","floor":19.0,"gold_loss":50.0,"damage_taken":0.0},{"damage_healed":0.0,"max_hp_gain":0.0,"max_hp_loss":5.0,"gold_gain":0.0,"event_name":"Winding Halls","player_choice":"Max HP","floor":36.0,"gold_loss":0.0,"damage_taken":0.0},{"damage_healed":0.0,"max_hp_gain":0.0,"max_hp_loss":0.0,"gold_gain":0.0,"event_name":"MindBloom","player_choice":"Fight","floor":37.0,"gold_loss":0.0,"damage_taken":0.0},{"damage_healed":0.0,"max_hp_gain":0.0,"max_hp_loss":0.0,"gold_gain":0.0,"event_name":"Tomb of Lord Red Mask","player_choice":"Ignored","floor":38.0,"gold_loss":0.0,"damage_taken":0.0},{"damage_healed":0.0,"max_hp_gain":0.0,"max_hp_loss":0.0,"gold_gain":0.0,"event_name":"SensoryStone","player_choice":"Memory 3","floor":39.0,"gold_loss":0.0,"damage_taken":10.0},{"cards_removed":["Bandage Up"],"damage_healed":0,"gold_gain":0,"player_choice":"Removed Skill","damage_taken":0,"max_hp_gain":0,"max_hp_loss":0,"event_name":"Falling","floor":48,"gold_loss":0}],"is_beta":false,"boss_relics":[{"not_picked":["Pandora\u0027s Box","Ectoplasm"],"picked":"Snecko Eye"},{"not_picked":["Lizard Tail","White Beast Statue"],"picked":"Fusion Hammer"}],"items_purged_floors":[14,21],"is_endless":false,"potions_floor_spawned":[4,10,11,16,20,22,27,30,31,45,47],"ascension_level":20}