{"gold_per_floor":[112,131,131,149,161,190,190,224,224,251,270,290,315,335,335,407,407,423,423,442,461,475,475,486,511,511,522,533,551,298,313,313,390,390,408,427,446,465,485,519,539,556,579,96,126,141,141,159,159,159,159,159,159,51,77,77],"floor_reached":57,"playtime":2558,"items_purged":[],"score":3360,"play_id":"1563a7ed-41f9-464d-aa22-2128f573bb84","local_time":"20190510033052","is_ascension_mode":true,"campfire_choices":[{"data":"Perfected Strike","floor":7,"key":"SMITH"},{"data":"Perfected Strike","floor":15,"key":"SMITH"},{"floor":23,"key":"RECALL"},{"data":"Perfected Strike","floor":32,"key":"SMITH"},{"data":"Reaper","floor":47,"key":"SMITH"},{"data":"Immolate","floor":49,"key":"SMITH"},{"data":"Bash","floor":53,"key":"SMITH"}],"neow_cost":"NONE","seed_source_timestamp":377563195046000,"circlet_count":0,"master_deck":["AscendersBane","Strike_R","Strike_R","Strike_R","Defend_R","Defend_R","Defend_R","Defend_R","Bash+1","Armaments+1","Perfected Strike+1","Twin Strike","Wild Strike","Second Wind+1","Immolate+1","Intimidate+1","Battle Trance+1","Metallicize+1","Twin Strike","Twin Strike","Shrug It Off+1","Wild Strike","Perfected Strike+1","Barricade+1","Battle Trance+1","Entrench+1","Juggernaut+1","Whirlwind","Flame Barrier+1","Flame Barrier+1","Corruption+1","Metallicize+1","Pommel Strike","Wild Strike+1","Pommel Strike","True Grit+1","Wild Strike","Twin Strike","Flame Barrier+1","Perfected Strike+1","Shockwave+1","Sentinel+1","Battle Trance+1","Pommel Strike+1","Wild Strike","Wild Strike","Dark Embrace+1","Seeing Red+1","Power Through+1","Flame Barrier+1","Impervious+1","Shrug It Off+1","Seeing Red+1","Evolve+1","Twin Strike","Reaper+1","Disarm+1","Disarm+1","Ghostly Armor+1","Feel No Pain+1","Ghostly Armor+1","Inflame+1","Perfected Strike","Juggernaut+1"],"relics":["Burning Blood","Toxic Egg 2","Blood Vial","Frozen Egg 2","Prayer Wheel","Orichalcum","Snecko Eye","Magic Flower","Pen Nib","Coffee Dripper","Paper Frog","Anchor","Bottled Tornado","Dead Branch","Red Skull"],"potions_floor_usage":[8,8,16,25,25,33,56,56],"damage_taken":[{"damage":12,"enemies":"Small Slimes","floor":1,"turns":3},{"damage":0,"enemies":"2 Louse","floor":2,"turns":4},{"damage":1,"enemies":"Cultist","floor":4,"turns":3},{"damage":12,"enemies":"2 Fungi Beasts","floor":5,"turns":4},{"damage":8,"enemies":"Gremlin Nob","floor":6,"turns":3},{"damage":20,"enemies":"Lagavulin","floor":8,"turns":6},{"damage":8,"enemies":"3 Sentries","floor":10,"turns":5},{"damage":6,"enemies":"Large Slime","floor":11,"turns":5},{"damage":5,"enemies":"Exordium Wildlife","floor":12,"turns":6},{"damage":23,"enemies":"Lagavulin","floor":13,"turns":5},{"damage":4,"enemies":"Exordium Thugs","floor":14,"turns":5},{"damage":0,"enemies":"Slime Boss","floor":16,"turns":5},{"damage":11,"enemies":"Shell Parasite","floor":18,"turns":4},{"damage":6,"enemies":"2 Thieves","floor":20,"turns":3},{"damage":3,"enemies":"Snake Plant","floor":21,"turns":3},{"damage":0,"enemies":"Sentry and Sphere","floor":22,"turns":4},{"damage":9,"enemies":"Snecko","floor":24,"turns":4},{"damage":27,"enemies":"Slavers","floor":25,"turns":3},{"damage":0,"enemies":"Cultist and Chosen","floor":27,"turns":6},{"damage":20,"enemies":"Shelled Parasite and Fungi","floor":28,"turns":5},{"damage":15,"enemies":"Sentry and Sphere","floor":29,"turns":5},{"damage":0,"enemies":"Chosen and Byrds","floor":31,"turns":6},{"damage":15,"enemies":"Collector","floor":33,"turns":4},{"damage":0,"enemies":"Orb Walker","floor":35,"turns":1},{"damage":4,"enemies":"3 Darklings","floor":36,"turns":2},{"damage":51,"enemies":"Spire Growth","floor":37,"turns":4},{"damage":0,"enemies":"Writhing Mass","floor":38,"turns":2},{"damage":0,"enemies":"3 Darklings","floor":39,"turns":6},{"damage":3,"enemies":"Nemesis","floor":40,"turns":5},{"damage":0,"enemies":"4 Shapes","floor":41,"turns":3},{"damage":19,"enemies":"Jaw Worm Horde","floor":42,"turns":4},{"damage":1,"enemies":"Reptomancer","floor":45,"turns":4},{"damage":6,"enemies":"Spire Growth","floor":46,"turns":2},{"damage":0,"enemies":"3 Darklings","floor":48,"turns":1},{"damage":0,"enemies":"Awakened One","floor":50,"turns":5},{"damage":0,"enemies":"Donu and Deca","floor":51,"turns":3},{"damage":0,"enemies":"Shield and Spear","floor":55,"turns":3},{"damage":46,"enemies":"The Heart","floor":56,"turns":7}],"seed_played":"7372666053881281292","potions_obtained":[{"floor":2,"key":"Fire Potion"},{"floor":4,"key":"Swift Potion"},{"floor":12,"key":"AttackPotion"},{"floor":13,"key":"Strength Potion"},{"floor":20,"key":"Dexterity Potion"},{"floor":21,"key":"GamblersBrew"},{"floor":27,"key":"AttackPotion"},{"floor":33,"key":"Poison Potion"},{"floor":38,"key":"Weak Potion"},{"floor":40,"key":"Dexterity Potion"},{"floor":45,"key":"Regen Potion"}],"is_trial":false,"path_per_floor":["M","M","?","M","M","E","R","E","T","E","M","M","E","M","R","B",null,"M","?","M","M","M","R","M","E","T","M","M","M","$","M","R","B",null,"M","M","M","M","M","E","M","M","T","$","E","M","R","M","R","B","B",null,"R","$","E","B",null],"character_chosen":"IRONCLAD","items_purchased":["Shockwave+1","Pen Nib","Reaper","Disarm+1","Bottled Tornado","Perfected Strike","Dexterity Potion"],"campfire_rested":0,"item_purchase_floors":[30,30,44,44,44,54,54],"current_hp_per_floor":[69,75,75,80,74,72,72,58,58,58,60,63,48,52,52,60,77,74,74,76,81,82,82,79,60,60,72,64,61,61,73,73,70,79,82,82,40,52,64,73,82,72,72,72,82,82,82,82,82,82,82,82,82,82,82,45],"gold":77,"neow_bonus":"TEN_PERCENT_HP_BONUS","is_prod":false,"is_daily":false,"chose_seed":false,"campfire_upgraded":6,"win_rate":0,"timestamp":1557426652,"path_taken":["M","M","?","M","M","E","R","E","T","E","M","M","E","M","R","BOSS","M","?","M","M","M","R","M","E","T","M","M","M","$","M","R","BOSS","M","M","M","M","M","E","M","M","T","$","E","M","R","M","R","BOSS","BOSS","R","$","E","BOSS"],"build_version":"2019-01-23","purchased_purges":0,"victory":true,"max_hp_per_floor":[82,82,82,82,82,82,82,82,82,82,82,82,82,82,82,82,82,82,82,82,82,82,82,82,82,82,82,82,82,82,82,82,82,82,82,82,82,82,82,82,82,82,82,82,82,82,82,82,82,82,82,82,82,82,82,82],"card_choices":[{"not_picked":["Thunderclap","Bloodletting"],"picked":"Armaments","floor":1},{"not_picked":["Thunderclap","Twin Strike"],"picked":"Perfected Strike","floor":2},{"not_picked":["Headbutt","Exhume"],"picked":"Twin Strike","floor":4},{"not_picked":["Warcry","Clothesline"],"picked":"Wild Strike","floor":5},{"not_picked":["Wild Strike","Pommel Strike"],"picked":"Second Wind","floor":6},{"not_picked":["Body Slam","Anger"],"picked":"Immolate","floor":8},{"not_picked":["Pummel","Inflame+1"],"picked":"Intimidate+1","floor":10},{"not_picked":["Cleave","Combust+1"],"picked":"Battle Trance+1","floor":11},{"not_picked":["Clash","Sword Boomerang"],"picked":"Metallicize+1","floor":11},{"not_picked":["Rage+1","Cleave"],"picked":"Twin Strike","floor":12},{"not_picked":["Iron Wave","Bludgeon"],"picked":"Twin Strike","floor":12},{"not_picked":["Sword Boomerang","Havoc+1"],"picked":"Shrug It Off+1","floor":13},{"not_picked":["Exhume+1","Sentinel+1"],"picked":"Wild Strike","floor":14},{"not_picked":["Headbutt","Bloodletting+1"],"picked":"Perfected Strike","floor":14},{"not_picked":["Juggernaut+1","Fiend Fire"],"picked":"Barricade+1","floor":16},{"not_picked":["Wild Strike","Flex+1"],"picked":"Battle Trance+1","floor":18},{"not_picked":["True Grit+1","Sever Soul"],"picked":"Entrench+1","floor":18},{"not_picked":["Wild Strike","Heavy Blade"],"picked":"Flame Barrier+1","floor":20},{"not_picked":["Infernal Blade+1","Cleave"],"picked":"Flame Barrier+1","floor":20},{"not_picked":["Iron Wave+1","Wild Strike"],"picked":"Corruption+1","floor":21},{"not_picked":["Headbutt","Pommel Strike"],"picked":"Metallicize+1","floor":21},{"not_picked":["Fiend Fire","Thunderclap","Iron Wave"],"picked":"SKIP","floor":22},{"not_picked":["Warcry+1","Armaments+1","Whirlwind"],"picked":"SKIP","floor":22},{"not_picked":["Iron Wave","Bloodletting+1"],"picked":"Pommel Strike","floor":24},{"not_picked":["Cleave","Sword Boomerang","Carnage"],"picked":"SKIP","floor":24},{"not_picked":["Bludgeon","Burning Pact+1"],"picked":"Wild Strike+1","floor":25},{"not_picked":["Armaments+1","Iron Wave"],"picked":"Pommel Strike","floor":27},{"not_picked":["Hemokinesis","Iron Wave"],"picked":"True Grit+1","floor":27},{"not_picked":["Armaments+1","Inflame+1"],"picked":"Wild Strike","floor":28},{"not_picked":["Armaments+1","Cleave"],"picked":"Twin Strike","floor":28},{"not_picked":["Sword Boomerang","Warcry+1"],"picked":"Flame Barrier+1","floor":29},{"not_picked":["Clash","Spot Weakness+1"],"picked":"Perfected Strike","floor":29},{"not_picked":["Infernal Blade+1","Clash"],"picked":"Sentinel+1","floor":31},{"not_picked":["Carnage","Thunderclap"],"picked":"Battle Trance+1","floor":31},{"not_picked":["Cleave","Armaments+1"],"picked":"Pommel Strike+1","floor":35},{"not_picked":["True Grit+1","Body Slam+1"],"picked":"Wild Strike","floor":35},{"not_picked":["Rupture+1","Sword Boomerang"],"picked":"Wild Strike","floor":36},{"not_picked":["Rage+1","Pummel","Headbutt+1"],"picked":"SKIP","floor":36},{"not_picked":["Flex+1","Ghostly Armor+1"],"picked":"Dark Embrace+1","floor":37},{"not_picked":["Cleave+1","Rage+1","Inflame+1"],"picked":"SKIP","floor":37},{"not_picked":["Headbutt","Hemokinesis+1"],"picked":"Seeing Red+1","floor":38},{"not_picked":["Clash+1","Whirlwind+1","Flex+1"],"picked":"SKIP","floor":38},{"not_picked":["Heavy Blade","Wild Strike+1"],"picked":"Power Through+1","floor":39},{"not_picked":["Rage+1","True Grit+1"],"picked":"Flame Barrier+1","floor":39},{"not_picked":["Clothesline","Anger+1"],"picked":"Impervious+1","floor":40},{"not_picked":["Clothesline","Searing Blow+1"],"picked":"Shrug It Off+1","floor":41},{"not_picked":["Rage+1","Armaments+1"],"picked":"Seeing Red+1","floor":41},{"not_picked":["Clothesline","Havoc+1"],"picked":"Evolve+1","floor":42},{"not_picked":["Rupture+1","Cleave"],"picked":"Twin Strike","floor":42},{"not_picked":["Clash","Body Slam+1"],"picked":"Disarm+1","floor":45},{"not_picked":["Battle Trance+1","Twin Strike"],"picked":"Ghostly Armor+1","floor":46},{"not_picked":["Dropkick+1","Armaments+1"],"picked":"Feel No Pain+1","floor":46},{"not_picked":["Pommel Strike","Clothesline"],"picked":"Ghostly Armor+1","floor":48},{"not_picked":["Sword Boomerang+1","Clash+1"],"picked":"Inflame+1","floor":48},{"not_picked":["Carnage","Hemokinesis"],"picked":"Juggernaut+1","floor":55}],"player_experience":4971321,"relics_obtained":[{"floor":6,"key":"Toxic Egg 2"},{"floor":8,"key":"Blood Vial"},{"floor":9,"key":"Frozen Egg 2"},{"floor":10,"key":"Prayer Wheel"},{"floor":13,"key":"Orichalcum"},{"floor":25,"key":"Magic Flower"},{"floor":40,"key":"Paper Frog"},{"floor":43,"key":"Anchor"},{"floor":45,"key":"Dead Branch"},{"floor":55,"key":"Red Skull"}],"event_choices":[{"damage_healed":0,"gold_gain":0,"player_choice":"Grow","damage_taken":0,"max_hp_gain":0,"max_hp_loss":0,"event_name":"Living Wall","floor":3,"gold_loss":0,"cards_upgraded":["Armaments"]},{"damage_healed":0,"gold_gain":0,"cards_transformed":["Strike_R","Strike_R"],"player_choice":"Became Test Subject","damage_taken":0,"max_hp_gain":0,"max_hp_loss":0,"event_name":"Drug Dealer","floor":19,"gold_loss":0,"cards_obtained":["Juggernaut","Whirlwind"]}],"is_beta":false,"boss_relics":[{"not_picked":["Runic Pyramid","White Beast Statue"],"picked":"Snecko Eye"},{"not_picked":["Eternal Feather","Black Blood"],"picked":"Coffee Dripper"}],"items_purged_floors":[],"is_endless":false,"potions_floor_spawned":[2,4,6,12,13,20,21,24,27,33,38,39,40,45,48],"ascension_level":20}