{"gold_per_floor":[18,18,18,18,35,35,62,62,114,114,127,147,147,178,178,268,268,282,557,3,26,46,46],"floor_reached":23,"playtime":802,"items_purged":["Regret"],"score":338,"play_id":"524a5bc3-30a7-4810-a1a4-15815b7774ea","local_time":"20190713141039","is_ascension_mode":true,"campfire_choices":[{"data":"Bash","floor":6,"key":"SMITH"},{"floor":8,"key":"REST"},{"data":"Armaments","floor":15,"key":"SMITH"}],"neow_cost":"NO_GOLD","seed_source_timestamp":1905022508064004,"circlet_count":0,"master_deck":["AscendersBane","Strike_R","Strike_R","Strike_R","Strike_R","Strike_R","Defend_R","Defend_R","Defend_R","Defend_R","Bash+1","Berserk+1","Infernal Blade","Clothesline","Armaments+1","Iron Wave","Double Tap","Feed","Sword Boomerang","Burning Pact","Reckless Charge"],"relics":["Burning Blood","Regal Pillow","Orichalcum","Dodecahedron","Golden Idol","Centennial Puzzle","Mark of Pain","Anchor","Bottled Tornado"],"potions_floor_usage":[7,23],"damage_taken":[{"damage":1,"enemies":"2 Louse","floor":1,"turns":3},{"damage":2,"enemies":"Small Slimes","floor":5,"turns":3},{"damage":56,"enemies":"3 Sentries","floor":7,"turns":14},{"damage":2,"enemies":"Cultist","floor":11,"turns":5},{"damage":4,"enemies":"Blue Slaver","floor":12,"turns":3},{"damage":19,"enemies":"Gremlin Nob","floor":14,"turns":4},{"damage":55,"enemies":"Slime Boss","floor":16,"turns":12},{"damage":29,"enemies":"Shell Parasite","floor":18,"turns":4},{"damage":14,"enemies":"Spheric Guardian","floor":21,"turns":4},{"damage":15,"enemies":"Cultist and Chosen","floor":22,"turns":6},{"damage":30,"enemies":"Slavers","floor":23,"turns":2}],"seed_played":"-981464009282731116","potions_obtained":[{"floor":1,"key":"SkillPotion"},{"floor":7,"key":"PowerPotion"},{"floor":12,"key":"LiquidBronze"},{"floor":21,"key":"SteroidPotion"}],"is_trial":false,"path_per_floor":["M","?","$","?","M","R","E","R","T","?","M","M","?","E","R","B",null,"M","?","$","M","M","E"],"character_chosen":"IRONCLAD","items_purchased":["Anchor","Bottled Tornado","Burning Pact"],"campfire_rested":1,"item_purchase_floors":[20,20,20],"current_hp_per_floor":[73,73,73,78,80,80,30,69,69,69,73,75,74,61,61,12,59,36,36,36,28,22,0],"gold":46,"neow_bonus":"THREE_RARE_CARDS","is_prod":false,"is_daily":false,"chose_seed":false,"campfire_upgraded":2,"win_rate":0,"timestamp":1563023439,"path_taken":["M","?","$","?","M","R","E","R","T","?","?","M","?","E","R","BOSS","M","?","$","M","M","E"],"build_version":"2019-07-05","purchased_purges":1,"victory":false,"max_hp_per_floor":[75,75,75,80,80,80,80,80,80,80,80,80,74,74,74,74,74,74,74,74,74,77,77],"card_choices":[{"not_picked":["Impervious","Dark Embrace"],"picked":"Berserk","floor":0},{"not_picked":["Power Through","Burning Pact"],"picked":"Infernal Blade","floor":1},{"not_picked":["Heavy Blade","Warcry","Havoc"],"picked":"SKIP","floor":5},{"not_picked":["Uppercut","Heavy Blade"],"picked":"Clothesline","floor":7},{"not_picked":["Metallicize","Clash"],"picked":"Armaments","floor":11},{"not_picked":["Sentinel","Sword Boomerang"],"picked":"Iron Wave","floor":12},{"not_picked":["Warcry","Twin Strike"],"picked":"Double Tap","floor":14},{"not_picked":["Offering","Fiend Fire"],"picked":"Feed","floor":16},{"not_picked":["Clothesline","Twin Strike"],"picked":"Sword Boomerang","floor":18},{"not_picked":["Body Slam","Warcry"],"picked":"Reckless Charge","floor":21},{"not_picked":["Bloodletting","Body Slam","Sword Boomerang"],"picked":"SKIP","floor":22}],"player_experience":399990,"relics_obtained":[{"floor":7,"key":"Regal Pillow"},{"floor":9,"key":"Orichalcum"},{"floor":14,"key":"Centennial Puzzle"}],"event_choices":[{"damage_healed":0,"gold_gain":0,"player_choice":"Grow","damage_taken":0,"max_hp_gain":0,"max_hp_loss":0,"event_name":"Living Wall","floor":2,"gold_loss":0,"cards_upgraded":["Berserk"]},{"damage_healed":0,"gold_gain":0,"player_choice":"Donut","damage_taken":0,"max_hp_gain":5,"max_hp_loss":0,"event_name":"Big Fish","floor":4,"gold_loss":0},{"damage_healed":0,"gold_gain":0,"player_choice":"Gave Potion","damage_taken":0,"relics_obtained":["Dodecahedron"],"max_hp_gain":0,"max_hp_loss":0,"event_name":"WeMeetAgain","floor":10,"gold_loss":0},{"damage_healed":0,"gold_gain":0,"player_choice":"Lose Max HP","damage_taken":0,"relics_obtained":["Golden Idol"],"max_hp_gain":0,"max_hp_loss":6,"event_name":"Golden Idol","floor":13,"gold_loss":0},{"damage_healed":0,"gold_gain":275,"player_choice":"Desecrate","damage_taken":0,"max_hp_gain":0,"max_hp_loss":0,"event_name":"Golden Shrine","floor":19,"gold_loss":0,"cards_obtained":["Regret"]}],"is_beta":false,"boss_relics":[{"not_picked":["Empty Cage","Pandora\u0027s Box"],"picked":"Mark of Pain"}],"items_purged_floors":[20],"is_endless":false,"potions_floor_spawned":[1,7,12,21],"killed_by":"Slavers","ascension_level":14}