{"gold_per_floor":[117,117,128,15,31,31,48,61,61,80,97,114,145,155,155,234,234,252,252,352,364,364,364,454,454,506,517,536,210,244,278,278,353,353,364,380,395,3,53,82,82,95,118,136,170,40,40,60,60,60,60,60,60,95,95],"floor_reached":56,"playtime":4593,"items_purged":["Pain","Defend_R","Bash"],"score":2033,"play_id":"91034b60-ded1-4ddf-8f44-833eb4f8c8af","local_time":"20190612004022","is_ascension_mode":true,"campfire_choices":[{"data":"Uppercut","floor":6,"key":"SMITH"},{"data":"Flex","floor":15,"key":"SMITH"},{"data":"Feed","floor":23,"key":"SMITH"},{"floor":25,"key":"REST"},{"data":"Inflame","floor":32,"key":"SMITH"},{"floor":41,"key":"RECALL"},{"floor":47,"key":"REST"},{"data":"Feel No Pain","floor":49,"key":"SMITH"},{"data":"Second Wind","floor":52,"key":"SMITH"}],"neow_cost":"NONE","seed_source_timestamp":1389258876848000,"circlet_count":0,"master_deck":["AscendersBane","Defend_R","Defend_R","Defend_R","Whirlwind","Infernal Blade","Wild Strike","Uppercut+1","Shrug It Off","Feed+1","Shrug It Off","Flex+1","Evolve","Pummel","Immolate","Battle Trance","Bite","Bite","Bite","Bite","Bite","Inflame+1","Shrug It Off","Heavy Blade","Dark Embrace","Barricade","Corruption+1","Entrench","Armaments","Shrug It Off","Second Wind+1","Sentinel","Feel No Pain+1","Armaments","Inflame","Body Slam","Burning Pact"],"relics":["Burning Blood","WarpedTongs","Mango","Singing Bowl","Velvet Choker","Bird Faced Urn","The Courier","Bronze Scales","Pear","FossilizedHelix","Red Mask","Lizard Tail","Membership Card","Oddly Smooth Stone","Ice Cream","Champion Belt","Darkstone Periapt","Letter Opener"],"potions_floor_usage":[16,16,27,31,45,54,55,55],"damage_taken":[{"damage":0,"enemies":"2 Louse","floor":1,"turns":1},{"damage":4,"enemies":"Cultist","floor":3,"turns":3},{"damage":7,"enemies":"Jaw Worm","floor":5,"turns":2},{"damage":0,"enemies":"Looter","floor":7,"turns":2},{"damage":0,"enemies":"2 Fungi Beasts","floor":8,"turns":3},{"damage":5,"enemies":"Gremlin Gang","floor":10,"turns":2},{"damage":13,"enemies":"Blue Slaver","floor":11,"turns":7},{"damage":12,"enemies":"Large Slime","floor":12,"turns":6},{"damage":22,"enemies":"3 Sentries","floor":13,"turns":8},{"damage":25,"enemies":"Exordium Thugs","floor":14,"turns":6},{"damage":25,"enemies":"The Guardian","floor":16,"turns":10},{"damage":9,"enemies":"2 Thieves","floor":18,"turns":4},{"damage":9,"enemies":"Colosseum Slavers","floor":20,"turns":3},{"damage":50,"enemies":"Colosseum Nobs","floor":20,"turns":5},{"damage":22,"enemies":"Shell Parasite","floor":21,"turns":7},{"damage":0,"enemies":"Chosen and Byrds","floor":27,"turns":6},{"damage":5,"enemies":"Centurion and Healer","floor":28,"turns":6},{"damage":44,"enemies":"Book of Stabbing","floor":30,"turns":5},{"damage":0,"enemies":"Masked Bandits","floor":31,"turns":2},{"damage":106,"enemies":"Collector","floor":33,"turns":10},{"damage":13,"enemies":"3 Darklings","floor":35,"turns":3},{"damage":0,"enemies":"3 Shapes","floor":36,"turns":8},{"damage":31,"enemies":"Jaw Worm Horde","floor":37,"turns":4},{"damage":138,"enemies":"Giant Head","floor":40,"turns":12},{"damage":31,"enemies":"Writhing Mass","floor":42,"turns":8},{"damage":41,"enemies":"Transient","floor":44,"turns":5},{"damage":44,"enemies":"Reptomancer","floor":45,"turns":8},{"damage":0,"enemies":"Maw","floor":48,"turns":10},{"damage":78,"enemies":"Donu and Deca","floor":50,"turns":12},{"damage":44,"enemies":"Shield and Spear","floor":54,"turns":5},{"damage":125,"enemies":"The Heart","floor":55,"turns":15}],"seed_played":"374230458610429762","potions_obtained":[{"floor":5,"key":"Energy Potion"},{"floor":7,"key":"Strength Potion"},{"floor":11,"key":"Strength Potion"},{"floor":20,"key":"Explosive Potion"},{"floor":21,"key":"Explosive Potion"},{"floor":30,"key":"GamblersBrew"},{"floor":37,"key":"SpeedPotion"},{"floor":45,"key":"GamblersBrew"},{"floor":54,"key":"Dexterity Potion"}],"is_trial":false,"path_per_floor":["M","?","M","$","M","R","M","M","T","M","M","M","E","M","R","B",null,"M","?","?","M","?","R","?","R","T","M","M","$","E","?","R","B",null,"M","M","M","$","?","E","R","M","T","M","E","$","R","M","R","B",null,"R","$","E","B",null],"character_chosen":"IRONCLAD","items_purchased":["Uppercut","Pear","Shrug It Off","Membership Card","Entrench","Armaments","Oddly Smooth Stone","Ice Cream","Shrug It Off","Feel No Pain","Armaments","Inflame"],"campfire_rested":2,"item_purchase_floors":[4,29,29,38,38,38,38,38,38,46,46,46],"current_hp_per_floor":[74,74,75,75,74,74,75,79,93,96,92,89,76,62,62,47,97,97,97,58,49,49,49,31,58,58,78,97,107,80,93,93,19,88,90,117,102,102,102,70,70,63,63,44,36,36,75,121,121,109,132,132,132,111,25],"gold":95,"neow_bonus":"TRANSFORM_CARD","is_prod":false,"is_daily":false,"chose_seed":false,"campfire_upgraded":6,"win_rate":0,"timestamp":1560267622,"path_taken":["M","?","M","?","M","R","M","M","T","M","M","M","E","M","R","BOSS","M","?","?","M","?","R","?","R","T","?","M","$","E","?","R","BOSS","M","M","M","$","?","E","R","M","T","M","E","?","R","M","R","BOSS","R","$","E","BOSS"],"build_version":"2019-01-23","purchased_purges":3,"victory":true,"max_hp_per_floor":[75,75,75,75,75,75,75,79,93,96,99,102,105,110,110,114,114,117,117,125,130,91,91,91,91,91,91,97,107,107,111,111,111,111,113,117,123,123,123,123,123,125,125,127,131,131,131,135,135,139,139,139,139,139,143],"card_choices":[{"not_picked":["Anger","Dual Wield"],"picked":"Infernal Blade","floor":1},{"not_picked":["Perfected Strike","Seeing Red"],"picked":"Wild Strike","floor":3},{"not_picked":["Infernal Blade","Cleave"],"picked":"Shrug It Off","floor":5},{"not_picked":["Wild Strike","Clothesline"],"picked":"Feed","floor":7},{"not_picked":["Pommel Strike","Fire Breathing"],"picked":"Shrug It Off","floor":8},{"not_picked":["Clash","Perfected Strike"],"picked":"Flex","floor":10},{"not_picked":["Body Slam","Uppercut"],"picked":"Evolve","floor":11},{"not_picked":["Warcry","Heavy Blade","Shrug It Off"],"picked":"SKIP","floor":12},{"not_picked":["Infernal Blade","Dual Wield"],"picked":"Pummel","floor":13},{"not_picked":["Hemokinesis","Clothesline","Havoc"],"picked":"Singing Bowl","floor":14},{"not_picked":["Brutality","Impervious"],"picked":"Immolate","floor":16},{"not_picked":["Headbutt","Bloodletting"],"picked":"Battle Trance","floor":18},{"not_picked":["Ghostly Armor","Warcry","Perfected Strike"],"picked":"Singing Bowl","floor":20},{"not_picked":["Clothesline","Clash","Dropkick"],"picked":"Singing Bowl","floor":21},{"not_picked":["Feel No Pain+1","Sword Boomerang"],"picked":"Inflame","floor":27},{"not_picked":["Flex","Ghostly Armor","Shrug It Off"],"picked":"Singing Bowl","floor":28},{"not_picked":["Fire Breathing","Battle Trance"],"picked":"Heavy Blade","floor":30},{"not_picked":["Headbutt","Cleave"],"picked":"Dark Embrace","floor":31},{"not_picked":["Bludgeon","Feed"],"picked":"Barricade","floor":33},{"not_picked":["Twin Strike","Pommel Strike","Searing Blow"],"picked":"Singing Bowl","floor":35},{"not_picked":["Iron Wave","Clash+1"],"picked":"Corruption+1","floor":36},{"not_picked":["Whirlwind","Cleave","Rampage"],"picked":"Singing Bowl","floor":37},{"not_picked":["Thunderclap","Havoc+1"],"picked":"Second Wind","floor":40},{"not_picked":["Anger","True Grit","Flex+1"],"picked":"Singing Bowl","floor":42},{"not_picked":["Iron Wave","Anger+1","Spot Weakness"],"picked":"Singing Bowl","floor":44},{"not_picked":["Combust","Clash"],"picked":"Sentinel","floor":45},{"not_picked":["Intimidate","Warcry+1"],"picked":"Body Slam","floor":48},{"not_picked":["Clash","Inflame+1"],"picked":"Burning Pact","floor":54}],"player_experience":5325499,"relics_obtained":[{"floor":9,"key":"Mango"},{"floor":13,"key":"Singing Bowl"},{"floor":20,"key":"Bird Faced Urn"},{"floor":20,"key":"The Courier"},{"floor":26,"key":"Bronze Scales"},{"floor":30,"key":"FossilizedHelix"},{"floor":31,"key":"Red Mask"},{"floor":40,"key":"Champion Belt"},{"floor":45,"key":"Darkstone Periapt"},{"floor":54,"key":"Letter Opener"}],"event_choices":[{"damage_healed":0,"gold_gain":0,"player_choice":"Rummage","damage_taken":0,"relics_obtained":["WarpedTongs"],"max_hp_gain":0,"max_hp_loss":0,"event_name":"Accursed Blacksmith","floor":2,"gold_loss":0,"cards_obtained":["Pain"]},{"damage_healed":0,"gold_gain":0,"player_choice":"Ignored","damage_taken":0,"max_hp_gain":0,"max_hp_loss":0,"event_name":"The Mausoleum","floor":19,"gold_loss":0},{"damage_healed":0,"gold_gain":0,"player_choice":"Fight","damage_taken":0,"max_hp_gain":0,"max_hp_loss":0,"event_name":"Colosseum","floor":20,"gold_loss":0},{"damage_healed":0,"gold_gain":0,"player_choice":"Fought Nobs","damage_taken":0,"max_hp_gain":0,"max_hp_loss":0,"event_name":"Colosseum","floor":20,"gold_loss":0},{"damage_healed":0,"gold_gain":0,"player_choice":"Became a vampire","damage_taken":0,"max_hp_gain":0,"max_hp_loss":39,"event_name":"Vampires","floor":22,"gold_loss":0,"cards_obtained":["Bite","Bite","Bite","Bite","Bite"]},{"damage_healed":0,"gold_gain":90,"player_choice":"GOLD ","damage_taken":18,"max_hp_gain":0,"max_hp_loss":0,"event_name":"Knowing Skull","floor":24,"potions_obtained":[],"gold_loss":0,"cards_obtained":[]},{"damage_healed":0,"gold_gain":0,"player_choice":"Fought Bandits","damage_taken":0,"max_hp_gain":0,"max_hp_loss":0,"event_name":"Masked Bandits","floor":31,"gold_loss":0},{"damage_healed":0,"gold_gain":50,"player_choice":"Pray","damage_taken":0,"max_hp_gain":0,"max_hp_loss":0,"event_name":"Golden Shrine","floor":39,"gold_loss":0}],"is_beta":false,"boss_relics":[{"not_picked":["Philosopher\u0027s Stone","Busted Crown"],"picked":"Velvet Choker"},{"not_picked":["White Beast Statue","Eternal Feather"],"picked":"Lizard Tail"}],"items_purged_floors":[4,29,46],"is_endless":false,"potions_floor_spawned":[5,7,11,12,13,14,20,21,30,37,44,45,48,54],"ascension_level":15}