{"gold_per_floor":[364,364,364,377,377,377,412,428,505,523,523,542,542,557,557,557],"floor_reached":16,"playtime":328,"items_purged":[],"score":204,"play_id":"19899bdb-20f8-415b-9cbe-163d81121afd","local_time":"20190408011715","is_ascension_mode":true,"campfire_choices":[{"data":"Neutralize","floor":6,"key":"SMITH"},{"data":"Die Die Die","floor":11,"key":"SMITH"},{"data":"Cloak And Dagger","floor":13,"key":"SMITH"},{"floor":15,"key":"REST"}],"neow_cost":"TEN_PERCENT_HP_LOSS","seed_source_timestamp":456826111719400,"circlet_count":0,"master_deck":["AscendersBane","Defend_G","Defend_G","Defend_G","Defend_G","Strike_G","Strike_G","Strike_G","Strike_G","Survivor","Neutralize+1","Finisher","Bane","Finisher","Die Die Die+1","Cloak And Dagger+1","Deflect"],"relics":["Ring of the Snake","Lantern"],"potions_floor_usage":[7,16],"damage_taken":[{"damage":20,"enemies":"Jaw Worm","floor":1,"turns":8},{"damage":0,"enemies":"Small Slimes","floor":4,"turns":3},{"damage":31,"enemies":"Lagavulin","floor":7,"turns":6},{"damage":0,"enemies":"Cultist","floor":8,"turns":2},{"damage":0,"enemies":"Exordium Wildlife","floor":10,"turns":3},{"damage":0,"enemies":"2 Fungi Beasts","floor":12,"turns":2},{"damage":0,"enemies":"Large Slime","floor":14,"turns":3},{"damage":58,"enemies":"The Guardian","floor":16,"turns":16}],"seed_played":"-4812294750740560936","potions_obtained":[{"floor":1,"key":"LiquidBronze"},{"floor":8,"key":"LiquidBronze"}],"is_trial":false,"path_per_floor":["M","?","?","M","?","R","E","M","T","M","R","M","R","M","R","B"],"character_chosen":"THE_SILENT","items_purchased":[],"campfire_rested":1,"item_purchase_floors":[],"current_hp_per_floor":[39,32,52,52,52,52,21,21,21,21,21,21,21,21,39,0],"gold":557,"neow_bonus":"TWO_FIFTY_GOLD","is_prod":false,"is_daily":false,"chose_seed":false,"campfire_upgraded":3,"win_rate":0,"timestamp":1554653835,"path_taken":["M","?","?","M","?","R","E","M","T","?","R","M","R","M","R","BOSS"],"build_version":"2019-01-23","purchased_purges":0,"victory":false,"max_hp_per_floor":[60,60,60,60,60,60,60,60,60,60,60,60,60,60,60,60],"card_choices":[{"not_picked":["Accuracy","Flying Knee"],"picked":"Finisher","floor":1},{"not_picked":["Prepared","Concentrate"],"picked":"Bane","floor":4},{"not_picked":["Deadly Poison","Caltrops"],"picked":"Finisher","floor":7},{"not_picked":["Accuracy","Bane","Sucker Punch"],"picked":"SKIP","floor":8},{"not_picked":["Dagger Spray","Prepared"],"picked":"Die Die Die","floor":10},{"not_picked":["Flying Knee","Heel Hook"],"picked":"Cloak And Dagger","floor":12},{"not_picked":["Finisher","Dagger Throw"],"picked":"Deflect","floor":14}],"player_experience":4723614,"relics_obtained":[{"floor":7,"key":"Lantern"}],"event_choices":[{"cards_removed":["Defend_G"],"damage_healed":0,"gold_gain":0,"player_choice":"Card Removal","damage_taken":7,"max_hp_gain":0,"max_hp_loss":0,"event_name":"Golden Wing","floor":2,"gold_loss":0},{"damage_healed":20,"gold_gain":0,"player_choice":"Banana","damage_taken":0,"max_hp_gain":0,"max_hp_loss":0,"event_name":"Big Fish","floor":3,"gold_loss":0},{"cards_removed":["Strike_G"],"damage_healed":0,"gold_gain":0,"player_choice":"Offered Basic","damage_taken":0,"max_hp_gain":0,"max_hp_loss":0,"event_name":"Bonfire Elementals","floor":5,"gold_loss":0}],"is_beta":false,"boss_relics":[],"items_purged_floors":[],"is_endless":false,"potions_floor_spawned":[1,8],"killed_by":"The Guardian","ascension_level":20}