{"gold_per_floor":[109,127,147,158,7,7,38,38,38,38,38,54,72,107,107,184,184,198,98,58,74,156,156,182,194,206,218,13,33,45,57,57,136,136,146,158,172,172,172,172],"floor_reached":40,"playtime":1669,"items_purged":["Strike_R","Strike_R"],"score":836,"play_id":"08409f5c-b161-469f-9495-b4461c306673","local_time":"20190514022157","is_ascension_mode":true,"campfire_choices":[{"data":"Combust","floor":6,"key":"SMITH"},{"data":"Blood for Blood","floor":8,"key":"SMITH"},{"floor":10,"key":"REST"},{"data":"Blood for Blood","floor":15,"key":"SMITH"},{"data":"Rage","floor":23,"key":"SMITH"},{"floor":27,"key":"REST"},{"floor":32,"key":"REST"}],"neow_cost":"NONE","seed_source_timestamp":719928797041200,"circlet_count":0,"master_deck":["AscendersBane","Strike_R","Strike_R","Defend_R","Defend_R","Defend_R","Defend_R","Bash","Cleave","Anger","Blood for Blood+1","Ghostly Armor","Combust+1","Carnage","Warcry","Pommel Strike","Blood for Blood+1","Rage+1","Offering","Infernal Blade+1","Purity+1","Evolve","Armaments+1","Second Wind+1","Warcry+1","Impervious+1","Entrench+1","Dual Wield+1","Shrug It Off+1","Finesse+1","Secret Technique+1","Flash of Steel","Writhe"],"relics":["Burning Blood","Matryoshka","Strawberry","FossilizedHelix","Boot","Runic Pyramid","Toxic Egg 2","MawBank","Letter Opener","Orrery"],"potions_floor_usage":[3,16,24,33,33,40],"damage_taken":[{"damage":1,"enemies":"Cultist","floor":1,"turns":3},{"damage":6,"enemies":"2 Louse","floor":2,"turns":2},{"damage":7,"enemies":"Jaw Worm","floor":3,"turns":3},{"damage":10,"enemies":"Looter","floor":4,"turns":4},{"damage":52,"enemies":"Lagavulin","floor":7,"turns":8},{"damage":10,"enemies":"Exordium Wildlife","floor":12,"turns":4},{"damage":9,"enemies":"Exordium Thugs","floor":13,"turns":4},{"damage":13,"enemies":"3 Sentries","floor":14,"turns":5},{"damage":12,"enemies":"Slime Boss","floor":16,"turns":6},{"damage":9,"enemies":"Chosen","floor":18,"turns":5},{"damage":14,"enemies":"Spheric Guardian","floor":21,"turns":4},{"damage":17,"enemies":"Book of Stabbing","floor":24,"turns":5},{"damage":17,"enemies":"3 Cultists","floor":29,"turns":5},{"damage":9,"enemies":"Centurion and Healer","floor":30,"turns":5},{"damage":7,"enemies":"Snecko","floor":31,"turns":4},{"damage":42,"enemies":"Champ","floor":33,"turns":8},{"damage":1,"enemies":"Orb Walker","floor":35,"turns":5},{"damage":19,"enemies":"3 Shapes","floor":36,"turns":8},{"damage":23,"enemies":"Jaw Worm Horde","floor":37,"turns":3},{"damage":63,"enemies":"Reptomancer","floor":40,"turns":4}],"seed_played":"-832675029392783039","potions_obtained":[{"floor":2,"key":"Fire Potion"},{"floor":7,"key":"LiquidBronze"},{"floor":13,"key":"BloodPotion"},{"floor":20,"key":"GamblersBrew"},{"floor":20,"key":"Dexterity Potion"},{"floor":24,"key":"Poison Potion"},{"floor":33,"key":"EssenceOfSteel"},{"floor":37,"key":"BloodPotion"}],"is_trial":false,"path_per_floor":["M","M","M","M","$","R","E","R","T","R","$","M","M","E","R","B",null,"M","$","?","M","T","R","E","?","T","R","$","M","M","M","R","B",null,"M","M","M","?","?","E"],"character_chosen":"IRONCLAD","items_purchased":["Carnage","Purity+1","Evolve","Armaments+1"],"campfire_rested":3,"item_purchase_floors":[5,28,28,28],"current_hp_per_floor":[73,73,72,68,68,68,22,22,29,53,53,49,46,39,39,41,72,69,69,69,61,61,61,50,26,26,52,52,41,38,37,63,27,72,77,64,47,37,54,0],"gold":172,"neow_bonus":"TRANSFORM_CARD","is_prod":false,"is_daily":false,"chose_seed":false,"campfire_upgraded":4,"win_rate":0,"timestamp":1557768117,"path_taken":["M","M","M","M","?","R","E","R","T","R","$","M","M","E","R","BOSS","M","?","?","?","?","R","E","?","T","R","?","?","M","M","R","BOSS","M","M","M","?","?","E"],"build_version":"2019-01-23","purchased_purges":2,"victory":false,"max_hp_per_floor":[75,75,75,75,75,75,75,75,82,82,82,82,82,82,82,82,82,82,82,82,82,82,82,82,87,87,87,87,87,87,87,87,87,87,87,87,87,87,87,87],"card_choices":[{"not_picked":["Havoc","Armaments"],"picked":"Anger","floor":1},{"not_picked":["Second Wind","Iron Wave"],"picked":"Blood for Blood","floor":2},{"not_picked":["Clash","Warcry"],"picked":"Ghostly Armor","floor":3},{"not_picked":["Wild Strike","Second Wind"],"picked":"Combust","floor":4},{"not_picked":["Sever Soul","Havoc"],"picked":"Warcry","floor":7},{"not_picked":["Iron Wave","Thunderclap"],"picked":"Pommel Strike","floor":12},{"not_picked":["Pummel","True Grit"],"picked":"Blood for Blood","floor":13},{"not_picked":["Iron Wave","Hemokinesis"],"picked":"Rage","floor":14},{"not_picked":["Exhume","Barricade"],"picked":"Offering","floor":16},{"not_picked":["Perfected Strike+1","Shockwave","Heavy Blade"],"picked":"SKIP","floor":18},{"not_picked":["Rampage","Pommel Strike","Spot Weakness"],"picked":"SKIP","floor":21},{"not_picked":["Brutality","Thunderclap"],"picked":"Infernal Blade+1","floor":24},{"not_picked":["Clothesline","Pummel"],"picked":"Second Wind+1","floor":29},{"not_picked":["Armaments+1","Combust","Cleave"],"picked":"SKIP","floor":30},{"not_picked":["Warcry+1","Combust","Havoc+1"],"picked":"SKIP","floor":31},{"not_picked":["Combust","Havoc+1"],"picked":"Warcry+1","floor":31},{"not_picked":["Fiend Fire","Berserk"],"picked":"Impervious+1","floor":33},{"not_picked":["Anger","Headbutt"],"picked":"Entrench+1","floor":34},{"not_picked":["True Grit+1","Blood for Blood"],"picked":"Dual Wield+1","floor":34},{"not_picked":["Sword Boomerang","Whirlwind+1","Thunderclap+1"],"picked":"SKIP","floor":35},{"not_picked":["Uppercut+1","Headbutt+1"],"picked":"Shrug It Off+1","floor":36},{"not_picked":["Clothesline+1","Combust","Entrench+1"],"picked":"SKIP","floor":37},{"not_picked":["Dark Shackles+1","Trip+1"],"picked":"Finesse+1","floor":38},{"not_picked":["Transmutation+1","Dark Shackles+1"],"picked":"Secret Technique+1","floor":38},{"not_picked":["Violence+1","Purity+1"],"picked":"Flash of Steel","floor":38}],"player_experience":5016599,"relics_obtained":[{"floor":7,"key":"Matryoshka"},{"floor":9,"key":"Strawberry"},{"floor":9,"key":"FossilizedHelix"},{"floor":14,"key":"Boot"},{"floor":22,"key":"Toxic Egg 2"},{"floor":24,"key":"MawBank"},{"floor":26,"key":"Letter Opener"}],"event_choices":[{"damage_healed":0,"gold_gain":0,"player_choice":"Bought 3 Potions","damage_taken":0,"max_hp_gain":0,"max_hp_loss":0,"event_name":"The Woman in Blue","floor":20,"gold_loss":0},{"damage_healed":0,"gold_gain":0,"player_choice":"Shed Blood","damage_taken":29,"max_hp_gain":5,"max_hp_loss":0,"event_name":"Forgotten Altar","floor":25,"gold_loss":0},{"damage_healed":0,"gold_gain":0,"player_choice":"Memory 3","damage_taken":10,"max_hp_gain":0,"max_hp_loss":0,"event_name":"SensoryStone","floor":38,"gold_loss":0},{"damage_healed":17,"gold_gain":0,"player_choice":"Writhe","damage_taken":0,"max_hp_gain":0,"max_hp_loss":0,"event_name":"Winding Halls","floor":39,"gold_loss":0,"cards_obtained":["Writhe"]}],"is_beta":false,"boss_relics":[{"not_picked":["Empty Cage","Runic Dome"],"picked":"Runic Pyramid"},{"not_picked":["Black Star","Black Blood"],"picked":"Orrery"}],"items_purged_floors":[5,19],"is_endless":false,"potions_floor_spawned":[2,7,13,24,33,36,37],"killed_by":"Reptomancer","ascension_level":20}