{"gold_per_floor":[110,110,35,54,54,54,86,86,86,114,114,139,139,64,64,140,140,151,151,151,151,171,171,183,201,201,151,51,67,78,78,78,150,150,163,178,192,204,215,215,90,125,125,155,155,155,155,5,5,5,5,5,5,5,39,39],"floor_reached":57,"playtime":2065,"items_purged":["Strike_G","Defend_G","All Out Attack+1","Defend_G"],"score":3252,"play_id":"6d961180-3f6a-40c2-b0ff-2e230566b8b3","local_time":"20190707022346","is_ascension_mode":true,"campfire_choices":[{"data":"All Out Attack","floor":6,"key":"SMITH"},{"data":"Neutralize","floor":8,"key":"SMITH"},{"data":"Dagger Throw","floor":11,"key":"SMITH"},{"data":"Venomology","floor":15,"key":"SMITH"},{"data":"A Thousand Cuts","floor":23,"key":"SMITH"},{"data":"Tactician","floor":32,"key":"SMITH"},{"data":"Acrobatics","floor":40,"key":"SMITH"},{"floor":45,"key":"RECALL"},{"data":"Backflip","floor":47,"key":"SMITH"},{"data":"Footwork","floor":49,"key":"SMITH"},{"data":"Adrenaline","floor":53,"key":"SMITH"}],"neow_cost":"TEN_PERCENT_HP_LOSS","seed_source_timestamp":356657139892400,"circlet_count":0,"master_deck":["AscendersBane","Survivor","Neutralize+1","Adrenaline+1","Venomology+1","Dagger Throw+1","Backstab","Backstab","After Image","Caltrops","A Thousand Cuts+1","Tactician+1","Backflip+1","Acrobatics+1","After Image","Grand Finale","Footwork+1","PiercingWail"],"relics":["Ring of the Snake","PreservedInsect","Question Card","Dream Catcher","Dodecahedron","FossilizedHelix","Coffee Dripper","Letter Opener","Runic Pyramid","Gambling Chip","Turnip","Gremlin Horn","Shuriken"],"potions_floor_usage":[7,7,10,10,12,16,16,24,25,30,33,42,42,44,51,55,56],"damage_taken":[{"damage":1,"enemies":"Small Slimes","floor":1,"turns":4},{"damage":2,"enemies":"2 Louse","floor":4,"turns":3},{"damage":22,"enemies":"Gremlin Nob","floor":7,"turns":4},{"damage":7,"enemies":"Lagavulin","floor":10,"turns":5},{"damage":0,"enemies":"3 Sentries","floor":12,"turns":3},{"damage":0,"enemies":"The Guardian","floor":16,"turns":10},{"damage":9,"enemies":"3 Byrds","floor":18,"turns":6},{"damage":0,"enemies":"Chosen","floor":22,"turns":3},{"damage":0,"enemies":"Centurion and Healer","floor":24,"turns":4},{"damage":0,"enemies":"Cultist and Chosen","floor":25,"turns":3},{"damage":0,"enemies":"3 Cultists","floor":29,"turns":3},{"damage":0,"enemies":"Chosen and Byrds","floor":30,"turns":3},{"damage":0,"enemies":"Automaton","floor":33,"turns":2},{"damage":0,"enemies":"3 Shapes","floor":35,"turns":2},{"damage":0,"enemies":"Orb Walker","floor":36,"turns":4},{"damage":0,"enemies":"Jaw Worm Horde","floor":37,"turns":2},{"damage":0,"enemies":"4 Shapes","floor":38,"turns":7},{"damage":0,"enemies":"Maw","floor":39,"turns":3},{"damage":0,"enemies":"Nemesis","floor":42,"turns":3},{"damage":0,"enemies":"Giant Head","floor":44,"turns":3},{"damage":0,"enemies":"Time Eater","floor":50,"turns":3},{"damage":0,"enemies":"Awakened One","floor":51,"turns":3},{"damage":0,"enemies":"Shield and Spear","floor":55,"turns":3},{"damage":0,"enemies":"The Heart","floor":56,"turns":7}],"seed_played":"-630949413451242959","potions_obtained":[{"floor":7,"key":"PowerPotion"},{"floor":10,"key":"LiquidBronze"},{"floor":12,"key":"SkillPotion"},{"floor":25,"key":"PowerPotion"},{"floor":30,"key":"SkillPotion"},{"floor":42,"key":"SpeedPotion"},{"floor":44,"key":"Block Potion"}],"is_trial":false,"path_per_floor":["M","?","?","M","?","R","E","R","T","E","R","E","T","$","R","B",null,"M","?","T","?","M","R","M","M","T","?","$","M","M","$","R","B",null,"M","M","M","M","M","R","$","E","T","E","R","?","R","$","R","B","B",null,"R","$","E","B",null],"character_chosen":"THE_SILENT","items_purchased":[],"campfire_rested":0,"item_purchase_floors":[],"current_hp_per_floor":[58,58,58,56,56,56,34,34,34,27,27,27,27,27,27,27,52,43,43,43,43,43,43,43,43,43,43,43,43,43,43,43,43,56,56,56,56,56,56,56,56,56,56,56,56,56,56,56,56,56,56,59,59,59,59,59],"gold":39,"neow_bonus":"TRANSFORM_TWO_CARDS","is_prod":false,"is_daily":false,"chose_seed":false,"campfire_upgraded":10,"win_rate":0,"timestamp":1562433826,"path_taken":["M","?","?","M","?","R","E","R","T","E","R","E","?","?","R","BOSS","M","?","?","?","?","R","M","M","T","?","$","M","M","?","R","BOSS","M","M","M","M","M","R","$","E","T","E","R","?","R","$","R","BOSS","BOSS","R","$","E","BOSS"],"build_version":"2019-07-05","purchased_purges":4,"victory":true,"max_hp_per_floor":[60,60,60,60,60,60,60,60,60,60,60,60,60,60,60,60,60,60,60,60,60,60,60,60,60,60,60,60,60,60,60,60,60,60,60,60,60,60,60,60,60,60,60,60,60,60,60,60,60,60,60,60,60,60,60,60],"card_choices":[{"not_picked":["Sucker Punch","Prepared"],"picked":"All Out Attack","floor":1},{"not_picked":["Underhanded Strike","Quick Slash"],"picked":"Dagger Throw","floor":4},{"not_picked":["Slice","Expertise"],"picked":"Backstab","floor":7},{"not_picked":["All Out Attack","Cloak And Dagger","Outmaneuver"],"picked":"Backstab","floor":10},{"not_picked":["PiercingWail","Dagger Throw","Backstab","Infinite Blades"],"picked":"SKIP","floor":12},{"not_picked":["Venomology","Malaise","A Thousand Cuts"],"picked":"After Image","floor":16},{"not_picked":["Underhanded Strike","Blade Dance","Slice+1","Sucker Punch"],"picked":"SKIP","floor":18},{"not_picked":["Outmaneuver","Footwork","PiercingWail"],"picked":"Tactician","floor":22},{"not_picked":["Underhanded Strike","Terror","Outmaneuver","Deadly Poison"],"picked":"SKIP","floor":24},{"not_picked":["Flying Knee","Distraction","Blade Dance"],"picked":"Backflip","floor":25},{"not_picked":["Underhanded Strike","Sucker Punch","Cloak And Dagger"],"picked":"Acrobatics","floor":29},{"not_picked":["Blade Dance","Accuracy","Infinite Blades+1"],"picked":"After Image","floor":30},{"not_picked":["Burst","Tools of the Trade","Malaise"],"picked":"Grand Finale","floor":33},{"not_picked":["Dagger Throw","All Out Attack","Deflect"],"picked":"Footwork","floor":35},{"not_picked":["Poisoned Stab","Bane+1","Sucker Punch+1","Quick Slash"],"picked":"SKIP","floor":36},{"not_picked":["Underhanded Strike","Outmaneuver+1","Blade Dance+1","Quick Slash"],"picked":"SKIP","floor":37},{"not_picked":["Quick Slash","Blade Dance","Bane","Deadly Poison"],"picked":"SKIP","floor":38},{"not_picked":["Backstab+1","Bane","Endless Agony+1"],"picked":"PiercingWail","floor":39},{"not_picked":["Choke","A Thousand Cuts","Outmaneuver","Riddle With Holes"],"picked":"SKIP","floor":42},{"not_picked":["Riddle With Holes+1","Flying Knee","All Out Attack","Caltrops"],"picked":"SKIP","floor":44},{"not_picked":["PiercingWail+1","Accuracy","Venomology","Skewer"],"picked":"SKIP","floor":55}],"player_experience":5602852,"relics_obtained":[{"floor":7,"key":"PreservedInsect"},{"floor":9,"key":"Question Card"},{"floor":10,"key":"Dream Catcher"},{"floor":12,"key":"Dodecahedron"},{"floor":13,"key":"FossilizedHelix"},{"floor":20,"key":"Letter Opener"},{"floor":42,"key":"Gambling Chip"},{"floor":43,"key":"Turnip"},{"floor":44,"key":"Gremlin Horn"},{"floor":55,"key":"Shuriken"}],"event_choices":[{"cards_removed":["Strike_G"],"damage_healed":0,"gold_gain":0,"player_choice":"Forget","damage_taken":0,"max_hp_gain":0,"max_hp_loss":0,"event_name":"Living Wall","floor":2,"gold_loss":0},{"cards_removed":["Strike_G"],"damage_healed":0,"gold_gain":0,"player_choice":"Card Removal","damage_taken":0,"max_hp_gain":0,"max_hp_loss":0,"event_name":"The Cleric","floor":3,"gold_loss":75},{"damage_healed":0,"gold_gain":0,"player_choice":"Ignored","damage_taken":0,"max_hp_gain":0,"max_hp_loss":0,"event_name":"Liars Game","floor":5,"gold_loss":0},{"damage_healed":0,"gold_gain":0,"cards_transformed":["Defend_G","Strike_G"],"player_choice":"Became Test Subject","damage_taken":0,"max_hp_gain":0,"max_hp_loss":0,"event_name":"Drug Dealer","floor":19,"gold_loss":0,"cards_obtained":["Caltrops","A Thousand Cuts"]},{"cards_removed":["Defend_G"],"damage_healed":0,"gold_gain":0,"player_choice":"Elegance","damage_taken":0,"max_hp_gain":0,"max_hp_loss":0,"event_name":"Back to Basics","floor":21,"gold_loss":0},{"damage_healed":0,"gold_gain":0,"player_choice":"Bet on Owner","damage_taken":0,"max_hp_gain":0,"max_hp_loss":0,"event_name":"The Joust","floor":27,"gold_loss":50},{"damage_healed":0,"gold_gain":0,"player_choice":"Ignored","damage_taken":0,"max_hp_gain":0,"max_hp_loss":0,"event_name":"Tomb of Lord Red Mask","floor":46,"gold_loss":0}],"is_beta":false,"boss_relics":[{"not_picked":["White Beast Statue","Ring of the Serpent"],"picked":"Coffee Dripper"},{"not_picked":["Tiny House","Astrolabe"],"picked":"Runic Pyramid"}],"items_purged_floors":[14,28,41,48],"is_endless":false,"potions_floor_spawned":[7,10,12,25,30,37,38,42,44],"ascension_level":20}