{"gold_per_floor":[113,131,141,141,158,158,158,190,190,70,85,97,97,112,112,212,212,224,139,139,139,51,51,84,84,84,84,104,204,54,67,67,165,165,183,43,43,43,43,43,43,43,68,0,28,39,39,72,72,72,72,72,24,56,56],"floor_reached":55,"playtime":5070,"items_purged":["Defend_B","Defend_B"],"score":850,"play_id":"e8f73e85-29c6-4c38-ad2e-3fc75695f60b","local_time":"20190720124109","is_ascension_mode":true,"campfire_choices":[{"floor":6,"key":"RECALL"},{"data":"Gash","floor":15,"key":"SMITH"},{"data":"Gash","floor":23,"key":"SMITH"},{"data":"Blind","floor":27,"key":"SMITH"},{"data":"Gash","floor":32,"key":"SMITH"},{"data":"Meteor Strike","floor":40,"key":"SMITH"},{"data":"Gash","floor":42,"key":"SMITH"},{"data":"Machine Learning","floor":49,"key":"SMITH"},{"data":"Hello World","floor":52,"key":"SMITH"}],"neow_cost":"NONE","seed_source_timestamp":840298384567200,"circlet_count":0,"master_deck":["Strike_B","Zap","Dualcast","Gash+1","Genetic Algorithm","Beam Cell","Chill","Self Repair","Gash+1","Reinforced Body","Beam Cell","Beam Cell","Machine Learning+1","Steam","Ghostly","Ghostly","Ghostly","Ghostly","Ghostly","Blind+1","Go for the Eyes","RitualDagger","Rebound","Reboot+1","Gash+1","Gash+1","Meteor Strike+1","Reinforced Body+1","FTL","Sadistic Nature","Mind Blast","Madness+1","Madness+1","Gash+1","Hello World+1","RitualDagger","FTL","FTL+1"],"relics":["Coffee Dripper","Vajra","Bottled Lightning","Nuclear Battery","Bag of Preparation","Bronze Scales","Question Card","Ice Cream","Toxic Egg 2","Empty Cage","Orichalcum","Bag of Marbles","Red Mask","Strawberry","Pantograph","Happy Flower"],"potions_floor_usage":[8,8,16,29,33,33,50,55],"damage_taken":[{"damage":0,"enemies":"Small Slimes","floor":1,"turns":4},{"damage":0,"enemies":"Cultist","floor":2,"turns":4},{"damage":1,"enemies":"Jaw Worm","floor":3,"turns":4},{"damage":4,"enemies":"Blue Slaver","floor":5,"turns":3},{"damage":12,"enemies":"Lagavulin","floor":8,"turns":8},{"damage":6,"enemies":"Looter","floor":11,"turns":4},{"damage":7,"enemies":"Large Slime","floor":12,"turns":6},{"damage":3,"enemies":"3 Louse","floor":14,"turns":5},{"damage":52,"enemies":"Hexaghost","floor":16,"turns":10},{"damage":1,"enemies":"3 Byrds","floor":18,"turns":6},{"damage":34,"enemies":"Slavers","floor":24,"turns":10},{"damage":0,"enemies":"Shell Parasite","floor":28,"turns":6},{"damage":2,"enemies":"Colosseum Slavers","floor":29,"turns":6},{"damage":0,"enemies":"Colosseum Nobs","floor":29,"turns":7},{"damage":0,"enemies":"Sentry and Sphere","floor":31,"turns":6},{"damage":36,"enemies":"Champ","floor":33,"turns":12},{"damage":3,"enemies":"3 Darklings","floor":35,"turns":5},{"damage":0,"enemies":"Nemesis","floor":45,"turns":5},{"damage":12,"enemies":"3 Shapes","floor":46,"turns":4},{"damage":12,"enemies":"Reptomancer","floor":48,"turns":7},{"damage":20,"enemies":"Awakened One","floor":50,"turns":11},{"damage":1,"enemies":"Shield and Spear","floor":54,"turns":7},{"damage":47,"enemies":"The Heart","floor":55,"turns":5}],"seed_played":"-7349038494463913307","potions_obtained":[{"floor":2,"key":"Explosive Potion"},{"floor":3,"key":"Explosive Potion"},{"floor":5,"key":"Dexterity Potion"},{"floor":14,"key":"Fruit Juice"},{"floor":28,"key":"Explosive Potion"},{"floor":33,"key":"SmokeBomb"},{"floor":48,"key":"Dexterity Potion"},{"floor":54,"key":"Energy Potion"}],"is_trial":false,"path_per_floor":["M","M","M","?","M","R","?","E","T","$","M","M","?","M","R","B",null,"M","?","?","?","$","R","E","?","T","R","M","?","$","M","R","B",null,"M","$","?","?","?","R","T","R","T","?","E","M","?","E","R","B",null,"R","$","E","B"],"character_chosen":"DEFECT","items_purchased":["Gash","Blind","Gash","SteroidPotion","Regen Potion","FTL","SkillPotion"],"campfire_rested":0,"item_purchase_floors":[10,22,30,30,30,36,53],"current_hp_per_floor":[75,75,74,74,70,70,70,65,65,65,73,75,68,75,75,42,80,80,80,40,40,40,40,20,14,14,14,28,40,40,40,40,26,40,40,40,35,30,30,30,30,30,30,30,44,39,39,34,34,34,47,47,47,47,0],"gold":56,"neow_bonus":"BOSS_RELIC","is_prod":false,"is_daily":false,"chose_seed":false,"campfire_upgraded":8,"win_rate":0,"timestamp":1563644469,"path_taken":["M","M","M","?","?","R","?","E","T","$","M","M","?","M","R","BOSS","M","?","?","?","$","R","E","?","T","R","M","?","?","M","R","BOSS","M","?","?","?","?","R","?","R","T","?","E","?","?","E","R","BOSS","R","$","E","BOSS"],"build_version":"2019-07-17","purchased_purges":2,"victory":false,"max_hp_per_floor":[75,75,75,75,75,75,75,75,75,75,75,75,75,75,75,80,80,80,80,40,40,40,40,40,40,40,40,40,40,40,40,40,40,40,40,40,40,40,40,40,40,40,40,40,47,47,47,47,47,47,47,47,47,47,47],"card_choices":[{"not_picked":["Cold Snap","Beam Cell"],"picked":"Gash","floor":1},{"not_picked":["Reinforced Body","Sweeping Beam"],"picked":"Genetic Algorithm","floor":2},{"not_picked":["Leap","Compile Driver"],"picked":"Beam Cell","floor":3},{"not_picked":["Defragment","Streamline"],"picked":"Chill","floor":5},{"not_picked":["Beam Cell","Rainbow"],"picked":"Self Repair","floor":8},{"not_picked":["Blizzard","Turbo"],"picked":"Reinforced Body","floor":11},{"not_picked":["Sweeping Beam","Doom and Gloom"],"picked":"Beam Cell","floor":12},{"not_picked":["Sweeping Beam","Cold Snap"],"picked":"Beam Cell","floor":14},{"not_picked":["Thunder Strike","Multi-Cast"],"picked":"Machine Learning","floor":16},{"not_picked":["Leap+1","Streamline"],"picked":"Steam","floor":18},{"not_picked":["Blizzard","Ball Lightning"],"picked":"Go for the Eyes","floor":24},{"not_picked":["Leap","Beam Cell","Steam"],"picked":"Rebound","floor":28},{"not_picked":["Steam","Streamline","Rebound"],"picked":"Reboot","floor":29},{"not_picked":["Undo+1","Genetic Algorithm+1","Steam Power+1"],"picked":"Gash","floor":31},{"not_picked":["Creative AI","Biased Cognition","Seek+1"],"picked":"Meteor Strike","floor":33},{"not_picked":["Coolheaded+1","Rebound+1","Stack+1"],"picked":"Reinforced Body+1","floor":35},{"not_picked":["HandOfGreed","Magnetism","Madness+1"],"picked":"Sadistic Nature","floor":37},{"not_picked":["Finesse+1","Forethought+1","Madness+1"],"picked":"Mind Blast","floor":37},{"not_picked":["Leap+1","Steam+1","Compile Driver"],"picked":"Gash+1","floor":45},{"not_picked":["Gash","Coolheaded+1","Go for the Eyes"],"picked":"Hello World","floor":46},{"not_picked":["Barrage+1","Turbo+1","Capacitor+1"],"picked":"FTL","floor":48},{"not_picked":["Sweeping Beam","Reinforced Body+1","Leap+1"],"picked":"FTL+1","floor":54}],"player_experience":105350,"relics_obtained":[{"floor":8,"key":"Bottled Lightning"},{"floor":24,"key":"Bronze Scales"},{"floor":26,"key":"Question Card"},{"floor":29,"key":"Ice Cream"},{"floor":29,"key":"Toxic Egg 2"},{"floor":41,"key":"Orichalcum"},{"floor":43,"key":"Bag of Marbles"},{"floor":45,"key":"Strawberry"},{"floor":48,"key":"Pantograph"},{"floor":54,"key":"Happy Flower"}],"event_choices":[{"damage_healed":0,"gold_gain":0,"player_choice":"Gave Potion","damage_taken":0,"relics_obtained":["Vajra"],"max_hp_gain":0,"max_hp_loss":0,"event_name":"WeMeetAgain","floor":4,"gold_loss":0},{"damage_healed":0,"gold_gain":0,"cards_transformed":["Strike_B"],"player_choice":"Change","damage_taken":0,"max_hp_gain":0,"max_hp_loss":0,"event_name":"Living Wall","floor":7,"gold_loss":0,"cards_obtained":["Self Repair"]},{"cards_removed":["Defend_B"],"damage_healed":0,"gold_gain":0,"player_choice":"Card Removal","damage_taken":7,"max_hp_gain":0,"max_hp_loss":0,"event_name":"Golden Wing","floor":13,"gold_loss":0},{"damage_healed":0,"gold_gain":0,"player_choice":"Obtained Relic","damage_taken":0,"relics_obtained":["Bag of Preparation"],"max_hp_gain":0,"max_hp_loss":0,"event_name":"Addict","floor":19,"gold_loss":85},{"damage_healed":0,"gold_gain":0,"player_choice":"Became a Ghost","damage_taken":0,"max_hp_gain":0,"max_hp_loss":40,"event_name":"Ghosts","floor":20,"gold_loss":0,"cards_obtained":["Ghostly","Ghostly","Ghostly","Ghostly","Ghostly"]},{"cards_removed":["Strike_B"],"damage_healed":0,"gold_gain":0,"player_choice":"Elegance","damage_taken":0,"max_hp_gain":0,"max_hp_loss":0,"event_name":"Back to Basics","floor":21,"gold_loss":0},{"damage_healed":0,"gold_gain":0,"player_choice":"Joined the Cult","damage_taken":6,"max_hp_gain":0,"max_hp_loss":0,"event_name":"Nest","floor":25,"gold_loss":0,"cards_obtained":["RitualDagger"]},{"damage_healed":0,"gold_gain":0,"player_choice":"Fight","damage_taken":0,"max_hp_gain":0,"max_hp_loss":0,"event_name":"Colosseum","floor":29,"gold_loss":0},{"damage_healed":0,"gold_gain":0,"player_choice":"Fought Nobs","damage_taken":0,"max_hp_gain":0,"max_hp_loss":0,"event_name":"Colosseum","floor":29,"gold_loss":0},{"damage_healed":0,"gold_gain":0,"player_choice":"Memory 2","damage_taken":5,"max_hp_gain":0,"max_hp_loss":0,"event_name":"SensoryStone","floor":37,"gold_loss":0},{"damage_healed":0,"gold_gain":0,"player_choice":"Embrace Madness","damage_taken":5,"max_hp_gain":0,"max_hp_loss":0,"event_name":"Winding Halls","floor":38,"gold_loss":0,"cards_obtained":["Madness","Madness"]},{"cards_removed":["Self Repair"],"damage_healed":0,"gold_gain":0,"player_choice":"Removed Power","damage_taken":0,"max_hp_gain":0,"max_hp_loss":0,"event_name":"Falling","floor":39,"gold_loss":0},{"damage_healed":0,"gold_gain":0,"player_choice":"Paid","damage_taken":0,"relics_obtained":["Red Mask"],"max_hp_gain":0,"max_hp_loss":0,"event_name":"Tomb of Lord Red Mask","floor":44,"gold_loss":68},{"damage_healed":0,"gold_gain":0,"player_choice":"Copied","damage_taken":0,"max_hp_gain":0,"max_hp_loss":0,"event_name":"Duplicator","floor":47,"gold_loss":0,"cards_obtained":["RitualDagger"]}],"is_beta":false,"boss_relics":[{"not_picked":["Fusion Hammer","Velvet Choker"],"picked":"Nuclear Battery"},{"not_picked":["Busted Crown","Philosopher\u0027s Stone"],"picked":"Empty Cage"}],"items_purged_floors":[10,36],"is_endless":false,"potions_floor_spawned":[2,3,5,14,28,33,48,54],"killed_by":"The Heart","ascension_level":1}