{"gold_per_floor":[119,139,139,151,163,193,193,221,221,221,231,231,231,257,257,328,328,341,341,23,43,43,43,78,78,78,78,104,104,116,129,129,203,203,221,221,268,268,288,288,318,331,404,135,135,235,235,255,255,255,255,255,255,28,59,59],"floor_reached":57,"playtime":2300,"items_purged":["Searing Blow+1","Strike_R+1"],"score":2822,"play_id":"bbda4810-f681-467e-83c7-7c61ed4708d1","local_time":"20190716003727","is_ascension_mode":true,"campfire_choices":[{"data":"Hemokinesis","floor":7,"key":"SMITH"},{"data":"Uppercut","floor":10,"key":"SMITH"},{"data":"Inflame","floor":13,"key":"SMITH"},{"data":"Feed","floor":15,"key":"SMITH"},{"floor":23,"key":"RECALL"},{"floor":27,"key":"REST"},{"data":"Battle Trance","floor":32,"key":"SMITH"},{"floor":40,"key":"DIG"},{"floor":47,"key":"DIG"},{"floor":49,"key":"DIG"},{"floor":53,"key":"DIG"}],"neow_cost":"","seed_source_timestamp":0,"circlet_count":0,"master_deck":["Feed+1","Defend_R+1","Defend_R+1","Defend_R+1","Defend_R+1","Bash","Strike_R+1","Battle Trance+1","Hemokinesis+1","Inflame+1","Uppercut+1","Ghostly Armor","Barricade+1","Berserk+1","Armaments+1","Cleave+1","Flame Barrier","RitualDagger","Inflame+1","Demon Form+1","Heavy Blade","Exhume","Shrug It Off","Shockwave","Feel No Pain+1","Power Through","Purity","Apotheosis","Corruption+1","Heavy Blade"],"relics":["Burning Blood","Meat on the Bone","Strange Spoon","Singing Bowl","Mummified Hand","Juzu Bracelet","Frozen Egg 2","Blue Candle","Regal Pillow","Astrolabe","PreservedInsect","Pear","Mercury Hourglass","Boot","Snecko Eye","Shovel","Kunai","Bag of Marbles","Pocketwatch","Bag of Preparation","Ginger","Sundial","TheAbacus","StoneCalendar"],"potions_floor_usage":[8,16,18,37,56],"damage_taken":[{"damage":17,"enemies":"Cultist","floor":1,"turns":4},{"damage":7,"enemies":"2 Louse","floor":2,"turns":3},{"damage":0,"enemies":"Small Slimes","floor":4,"turns":3},{"damage":13,"enemies":"Blue Slaver","floor":5,"turns":2},{"damage":51,"enemies":"3 Sentries","floor":6,"turns":10},{"damage":10,"enemies":"Gremlin Nob","floor":8,"turns":3},{"damage":10,"enemies":"Looter","floor":11,"turns":3},{"damage":7,"enemies":"Lagavulin","floor":14,"turns":6},{"damage":6,"enemies":"Slime Boss","floor":16,"turns":9},{"damage":13,"enemies":"2 Thieves","floor":18,"turns":4},{"damage":11,"enemies":"Shell Parasite","floor":21,"turns":12},{"damage":39,"enemies":"Gremlin Leader","floor":24,"turns":7},{"damage":27,"enemies":"Book of Stabbing","floor":28,"turns":4},{"damage":24,"enemies":"Centurion and Healer","floor":30,"turns":5},{"damage":13,"enemies":"Snake Plant","floor":31,"turns":4},{"damage":2,"enemies":"Automaton","floor":33,"turns":14},{"damage":2,"enemies":"3 Shapes","floor":35,"turns":7},{"damage":44,"enemies":"2 Orb Walkers","floor":37,"turns":4},{"damage":26,"enemies":"3 Darklings","floor":39,"turns":3},{"damage":8,"enemies":"Giant Head","floor":41,"turns":4},{"damage":2,"enemies":"Transient","floor":42,"turns":6},{"damage":2,"enemies":"Mind Bloom Boss Battle","floor":46,"turns":7},{"damage":0,"enemies":"Maw","floor":48,"turns":7},{"damage":12,"enemies":"Awakened One","floor":50,"turns":10},{"damage":19,"enemies":"Donu and Deca","floor":51,"turns":7},{"damage":49,"enemies":"Shield and Spear","floor":55,"turns":6},{"damage":54,"enemies":"The Heart","floor":56,"turns":7}],"seed_played":"5908541933269927631","potions_obtained":[{"floor":1,"key":"SneckoOil"},{"floor":6,"key":"Explosive Potion"},{"floor":8,"key":"GamblersBrew"},{"floor":11,"key":"Block Potion"},{"floor":14,"key":"PowerPotion"},{"floor":18,"key":"GamblersBrew"},{"floor":24,"key":"SteroidPotion"},{"floor":33,"key":"FearPotion"},{"floor":41,"key":"AttackPotion"}],"is_trial":true,"path_per_floor":["M","M","?","M","M","E","R","E","T","R","M","?","R","E","R","B",null,"M","?","$","M","?","R","E","$","T","R","E","?","M","M","R","B",null,"M","?","?","?","M","R","E","M","T","$","?","?","R","M","R","B","B",null,"R","$","E","B",null],"character_chosen":"IRONCLAD","items_purchased":["PreservedInsect","Inflame+1","Feel No Pain+1","Power Through","TheAbacus"],"campfire_rested":1,"item_purchase_floors":[20,20,44,44,54],"current_hp_per_floor":[60,62,38,50,58,31,31,41,41,41,52,52,52,66,66,70,99,96,90,90,91,55,55,50,50,50,106,85,85,85,82,82,90,137,147,147,111,111,95,95,97,103,103,103,95,99,99,111,111,109,104,169,169,169,130,94],"gold":59,"neow_bonus":"","is_prod":false,"is_daily":false,"chose_seed":false,"campfire_upgraded":5,"win_rate":0,"timestamp":1563205047,"path_taken":["M","M","?","M","M","E","R","E","T","R","M","?","R","E","R","BOSS","M","?","$","M","?","R","E","$","T","R","E","?","M","M","R","BOSS","M","?","?","?","M","R","E","M","T","$","?","?","R","M","R","BOSS","BOSS","R","$","E","BOSS"],"build_version":"2019-07-05","purchased_purges":2,"victory":true,"max_hp_per_floor":[78,81,81,87,90,96,96,98,98,98,101,101,101,104,104,108,108,112,112,112,118,123,123,139,139,139,139,139,139,145,149,149,153,153,159,159,161,161,165,165,169,171,171,171,173,173,173,179,179,183,191,191,191,191,195,195],"card_choices":[{"not_picked":["Rage","Iron Wave"],"picked":"Battle Trance","floor":1},{"not_picked":["Shrug It Off","Flex"],"picked":"Hemokinesis","floor":2},{"not_picked":["Thunderclap","Armaments"],"picked":"Inflame","floor":4},{"not_picked":["Twin Strike","Sentinel"],"picked":"Uppercut","floor":5},{"not_picked":["Dropkick","Power Through"],"picked":"Ghostly Armor","floor":6},{"not_picked":["Power Through","Bloodletting","Twin Strike"],"picked":"Singing Bowl","floor":8},{"not_picked":["Entrench","Intimidate"],"picked":"Barricade+1","floor":11},{"not_picked":["Clothesline","Body Slam"],"picked":"Shrug It Off","floor":14},{"not_picked":["Brutality+1","Bludgeon"],"picked":"Berserk+1","floor":16},{"not_picked":["Searing Blow","Warcry"],"picked":"Flame Barrier","floor":18},{"not_picked":["Twin Strike+1","Body Slam","Havoc"],"picked":"Singing Bowl","floor":21},{"not_picked":["Shockwave","Twin Strike","Anger"],"picked":"Singing Bowl","floor":24},{"not_picked":["Seeing Red","Iron Wave"],"picked":"Demon Form+1","floor":28},{"not_picked":["Havoc","Wild Strike","Cleave"],"picked":"Singing Bowl","floor":30},{"not_picked":["Uppercut","Armaments"],"picked":"Heavy Blade","floor":31},{"not_picked":["Bludgeon","Barricade+1"],"picked":"Exhume","floor":33},{"not_picked":["Clash","Perfected Strike","Sword Boomerang"],"picked":"Singing Bowl","floor":35},{"not_picked":["Iron Wave","Armaments+1","Perfected Strike"],"picked":"Singing Bowl","floor":37},{"not_picked":["Iron Wave","Wild Strike"],"picked":"Shrug It Off","floor":39},{"not_picked":["Cleave","Thunderclap"],"picked":"Shockwave","floor":41},{"not_picked":["Uppercut+1","Shockwave+1","Burning Pact"],"picked":"Singing Bowl","floor":42},{"not_picked":["Madness","Deep Breath"],"picked":"Purity","floor":45},{"not_picked":["Mayhem+1","Violence"],"picked":"Apotheosis","floor":45},{"not_picked":["Metamorphosis","Magnetism+1","Secret Weapon"],"picked":"Singing Bowl","floor":45},{"not_picked":["Uppercut+1","Warcry"],"picked":"Corruption+1","floor":46},{"not_picked":["Armaments","Thunderclap","Perfected Strike"],"picked":"Singing Bowl","floor":48},{"not_picked":["Iron Wave","Warcry"],"picked":"Heavy Blade","floor":55}],"player_experience":5696677,"relics_obtained":[{"floor":6,"key":"Mummified Hand"},{"floor":8,"key":"Juzu Bracelet"},{"floor":9,"key":"Frozen Egg 2"},{"floor":14,"key":"Regal Pillow"},{"floor":24,"key":"Pear"},{"floor":26,"key":"Mercury Hourglass"},{"floor":28,"key":"Boot"},{"floor":37,"key":"Shovel"},{"floor":40,"key":"Kunai"},{"floor":41,"key":"Bag of Marbles"},{"floor":46,"key":"Pocketwatch"},{"floor":47,"key":"Bag of Preparation"},{"floor":49,"key":"Ginger"},{"floor":53,"key":"Sundial"},{"floor":55,"key":"StoneCalendar"}],"event_choices":[{"damage_healed":0,"gold_gain":0,"player_choice":"Entered Light","damage_taken":24,"max_hp_gain":0,"max_hp_loss":0,"event_name":"Shining Light","floor":3,"gold_loss":0,"cards_upgraded":["Strike_R","Strike_R"]},{"damage_healed":0,"gold_gain":0,"player_choice":"Gave Potion","damage_taken":0,"relics_obtained":["Blue Candle"],"max_hp_gain":0,"max_hp_loss":0,"event_name":"WeMeetAgain","floor":12,"gold_loss":0},{"damage_healed":0,"gold_gain":0,"player_choice":"Joined the Cult","damage_taken":6,"max_hp_gain":0,"max_hp_loss":0,"event_name":"Nest","floor":19,"gold_loss":0,"cards_obtained":["RitualDagger"]},{"damage_healed":0,"gold_gain":0,"player_choice":"Shed Blood","damage_taken":41,"max_hp_gain":5,"max_hp_loss":0,"event_name":"Forgotten Altar","floor":22,"gold_loss":0},{"damage_healed":0,"gold_gain":0,"player_choice":"Simplicity","damage_taken":0,"max_hp_gain":0,"max_hp_loss":0,"event_name":"Back to Basics","floor":29,"gold_loss":0,"cards_upgraded":["Defend_R","Defend_R","Defend_R","Defend_R"]},{"cards_removed":["Shrug It Off"],"damage_healed":0,"gold_gain":0,"player_choice":"Removed Skill","damage_taken":0,"max_hp_gain":0,"max_hp_loss":0,"event_name":"Falling","floor":36,"gold_loss":0},{"damage_healed":0,"gold_gain":0,"player_choice":"Fight","damage_taken":0,"max_hp_gain":0,"max_hp_loss":0,"event_name":"Mysterious Sphere","floor":37,"gold_loss":0},{"damage_healed":0,"gold_gain":0,"player_choice":"Ignored","damage_taken":0,"max_hp_gain":0,"max_hp_loss":0,"event_name":"Tomb of Lord Red Mask","floor":38,"gold_loss":0},{"damage_healed":0,"gold_gain":0,"player_choice":"Memory 3","damage_taken":10,"max_hp_gain":0,"max_hp_loss":0,"event_name":"SensoryStone","floor":45,"gold_loss":0},{"damage_healed":0,"gold_gain":0,"player_choice":"Fight","damage_taken":0,"max_hp_gain":0,"max_hp_loss":0,"event_name":"MindBloom","floor":46,"gold_loss":0}],"is_beta":false,"boss_relics":[{"not_picked":["Sozu","Lizard Tail"],"picked":"Astrolabe"},{"not_picked":["Pandora\u0027s Box","Runic Pyramid"],"picked":"Snecko Eye"}],"items_purged_floors":[20,44],"is_endless":false,"potions_floor_spawned":[1,6,8,11,14,18,24,30,33,35,41,42],"ascension_level":20}