{"gold_per_floor":[111,127,127,127,142,142,158,158,458,458],"floor_reached":10,"playtime":111,"items_purged":[],"score":116,"play_id":"789a9593-97a3-4110-b6a7-fdc70a5a6ebf","local_time":"20190420025510","is_ascension_mode":true,"campfire_choices":[{"data":"Dagger Spray","floor":6,"key":"SMITH"},{"data":"A Thousand Cuts","floor":8,"key":"SMITH"}],"neow_cost":"NONE","seed_source_timestamp":269453308689399,"circlet_count":0,"master_deck":["AscendersBane","Defend_G","Defend_G","Defend_G","Defend_G","Defend_G","Strike_G","Strike_G","Strike_G","Strike_G","Strike_G","Survivor","Neutralize","PiercingWail","Masterful Stab","Dagger Spray+1","A Thousand Cuts+1"],"special_seed":0,"relics":["Ring of the Snake","NeowsBlessing","Old Coin"],"potions_floor_usage":[],"damage_taken":[{"damage":0.0,"enemies":"2 Louse","floor":1.0,"turns":1.0},{"damage":0.0,"enemies":"Jaw Worm","floor":2.0,"turns":1.0},{"damage":0,"enemies":"Cultist","floor":5,"turns":1},{"damage":23,"enemies":"Large Slime","floor":7,"turns":7}],"seed_played":"-6403297711941133301","potions_obtained":[{"floor":1.0,"key":"LiquidBronze"},{"floor":7,"key":"Regen Potion"}],"is_trial":false,"path_per_floor":["M","M","?","?","M","R","M","R","T","?"],"character_chosen":"THE_SILENT","items_purchased":[],"campfire_rested":0,"item_purchase_floors":[],"current_hp_per_floor":[59,59,59,64,64,64,41,41,41,0],"gold":458,"neow_bonus":"THREE_ENEMY_KILL","is_prod":false,"is_daily":false,"chose_seed":false,"campfire_upgraded":2,"win_rate":0,"timestamp":1555696510,"path_taken":["M","M","?","?","M","R","M","R","T","?"],"build_version":"2019-01-23","purchased_purges":0,"victory":false,"max_hp_per_floor":[66,66,66,71,71,71,71,71,71,71],"card_choices":[{"not_picked":["Caltrops","Dodge and Roll"],"picked":"PiercingWail","floor":1.0},{"not_picked":["Caltrops","Cloak And Dagger"],"picked":"Masterful Stab","floor":2.0},{"not_picked":["Backflip","Sucker Punch"],"picked":"Dagger Spray","floor":5},{"not_picked":["Footwork","Deflect"],"picked":"A Thousand Cuts","floor":7}],"player_experience":4848950,"relics_obtained":[{"floor":9,"key":"Old Coin"}],"event_choices":[{"damage_healed":0.0,"max_hp_gain":0.0,"max_hp_loss":0.0,"gold_gain":0.0,"event_name":"Liars Game","player_choice":"Ignored","floor":3.0,"gold_loss":0.0,"damage_taken":0.0},{"damage_healed":0,"gold_gain":0,"player_choice":"Donut","damage_taken":0,"max_hp_gain":5,"max_hp_loss":0,"event_name":"Big Fish","floor":4,"gold_loss":0}],"is_beta":false,"boss_relics":[],"items_purged_floors":[],"is_endless":false,"potions_floor_spawned":[1,7],"ascension_level":20}