{"gold_per_floor":[113,113,173,238,256,281,0,26,95,127,127,142,142,156,156,253,253,266,284,347,347,414,449,449,483,483,515,515,55,82,92,92,194,194,212,222,372,383,433,433,460,460,483,502,502,830,179,241,241,241,241,241,45,78,78],"floor_reached":56,"playtime":5019,"items_purged":["Defend_B","Defend_B","Defend_B"],"score":1331,"play_id":"7a4d5b18-da07-4ccf-8bd0-3106723fb29a","local_time":"20190721185629","is_ascension_mode":true,"campfire_choices":[{"floor":11.0,"key":"REST"},{"floor":13.0,"key":"RECALL"},{"data":"Apotheosis","floor":15.0,"key":"SMITH"},{"data":"Defragment","floor":24.0,"key":"SMITH"},{"data":"Machine Learning","floor":28,"key":"SMITH"},{"data":"Turbo","floor":32,"key":"SMITH"},{"data":"Biased Cognition","floor":40,"key":"SMITH"},{"data":"Seek","floor":42,"key":"SMITH"},{"data":"Electrodynamics","floor":45,"key":"SMITH"},{"data":"Multi-Cast","floor":49,"key":"SMITH"},{"data":"Turbo","floor":52,"key":"SMITH"}],"neow_cost":"NONE","seed_source_timestamp":0,"circlet_count":0,"master_deck":["Strike_B","Strike_B","Strike_B","Strike_B","Defend_B","Zap","Dualcast","Rip and Tear","Aggregate","Leap","Machine Learning+1","Go for the Eyes","Apotheosis+1","Self Repair","Stack","Seek+1","Glacier","Recycle","Multi-Cast+1","Ball Lightning","Genetic Algorithm","Genetic Algorithm","Conserve Battery","Defragment+1","Loop","Amplify+1","Storm","Ball Lightning","Storm+1","Turbo+1","Panache","Biased Cognition+1","Force Field","Electrodynamics+1","Tempest+1","Turbo+1","Lockon+1","Consume"],"special_seed":0,"relics":["Eternal Feather","SsserpentHead","Ancient Tea Set","Torii","Mummified Hand","Centennial Puzzle","Orrery","Molten Egg 2","Potion Belt","PreservedInsect","Runic Capacitor","Question Card","Coffee Dripper","Pocketwatch","Blood Vial","Strawberry","Old Coin","Lee\u0027s Waffle","StoneCalendar","ClockworkSouvenir","Vajra"],"potions_floor_usage":[33,33,50,50,55,55],"damage_taken":[{"damage":6.0,"enemies":"2 Louse","floor":1.0,"turns":3.0},{"damage":4.0,"enemies":"Cultist","floor":3.0,"turns":4.0},{"damage":0.0,"enemies":"Small Slimes","floor":4.0,"turns":3.0},{"damage":8.0,"enemies":"Exordium Wildlife","floor":5.0,"turns":5.0},{"damage":34.0,"enemies":"Gremlin Nob","floor":6.0,"turns":4.0},{"damage":7.0,"enemies":"Lagavulin","floor":8.0,"turns":7.0},{"damage":17.0,"enemies":"Gremlin Nob","floor":10.0,"turns":5.0},{"damage":8.0,"enemies":"3 Louse","floor":12.0,"turns":4.0},{"damage":1.0,"enemies":"Red Slaver","floor":14.0,"turns":4.0},{"damage":1.0,"enemies":"Hexaghost","floor":16.0,"turns":15.0},{"damage":17.0,"enemies":"2 Thieves","floor":18.0,"turns":5.0},{"damage":0.0,"enemies":"Spheric Guardian","floor":19.0,"turns":6.0},{"damage":29.0,"enemies":"Chosen and Byrds","floor":20.0,"turns":9.0},{"damage":9.0,"enemies":"Centurion and Healer","floor":22.0,"turns":7.0},{"damage":3.0,"enemies":"Book of Stabbing","floor":23.0,"turns":6.0},{"damage":18.0,"enemies":"Gremlin Leader","floor":25.0,"turns":6.0},{"damage":40,"enemies":"Slavers","floor":27,"turns":4},{"damage":19,"enemies":"Gremlin Leader","floor":30,"turns":5},{"damage":16,"enemies":"Snake Plant","floor":31,"turns":3},{"damage":9,"enemies":"Automaton","floor":33,"turns":6},{"damage":0,"enemies":"3 Shapes","floor":35,"turns":2},{"damage":10,"enemies":"Orb Walker","floor":36,"turns":3},{"damage":19,"enemies":"Mind Bloom Boss Battle","floor":37,"turns":5},{"damage":0,"enemies":"Maw","floor":38,"turns":3},{"damage":1,"enemies":"Giant Head","floor":41,"turns":6},{"damage":26,"enemies":"3 Darklings","floor":44,"turns":3},{"damage":37,"enemies":"Reptomancer","floor":46,"turns":4},{"damage":18,"enemies":"Jaw Worm Horde","floor":48,"turns":3},{"damage":21,"enemies":"Donu and Deca","floor":50,"turns":6},{"damage":54,"enemies":"Shield and Spear","floor":54,"turns":4},{"damage":60,"enemies":"The Heart","floor":55,"turns":6}],"seed_played":"-3420506248186111015","potions_obtained":[{"floor":1.0,"key":"FearPotion"},{"floor":3.0,"key":"SpeedPotion"},{"floor":6.0,"key":"FairyPotion"},{"floor":8.0,"key":"Energy Potion"},{"floor":16.0,"key":"EssenceOfSteel"},{"floor":23.0,"key":"SteroidPotion"},{"floor":25.0,"key":"Poison Potion"},{"floor":31,"key":"SpeedPotion"},{"floor":33,"key":"SteroidPotion"},{"floor":35,"key":"Strength Potion"},{"floor":36,"key":"FocusPotion"},{"floor":38,"key":"Energy Potion"},{"floor":54,"key":"Regen Potion"}],"is_trial":false,"path_per_floor":["M","?","M","M","M","E","$","E","T","E","R","M","R","M","R","B",null,"M","M","M","?","M","E","R","E","T","E","R","$","E","M","R","B",null,"M","M","?","M","?","R","E","R","T","M","R","E","$","M","R","B",null,"R","$","E","B",null],"character_chosen":"DEFECT","items_purchased":["Apotheosis","Self Repair","Runic Capacitor","Panache","Lee\u0027s Waffle","StoneCalendar","PowerPotion","ClockworkSouvenir"],"campfire_rested":1,"item_purchase_floors":[7,7,29,29,47,47,47,53],"current_hp_per_floor":[69,69,65,65,57,23,23,26,26,19,50,52,61,67,75,75,75,68,75,56,56,57,61,75,64,64,34,52,52,43,34,52,50,75,75,72,60,67,67,75,75,75,82,63,82,52,89,71,89,78,89,89,89,45,1],"gold":78,"neow_bonus":"BOSS_RELIC","is_prod":false,"is_daily":false,"chose_seed":false,"campfire_upgraded":9,"win_rate":0,"timestamp":1563753389,"path_taken":["M","?","?","?","M","E","$","E","T","E","R","M","R","M","R","BOSS","M","M","?","?","?","E","R","E","T","E","R","$","E","M","R","BOSS","M","M","?","M","?","R","E","R","T","M","R","E","$","?","R","BOSS","R","$","E","BOSS"],"build_version":"2019-07-17","purchased_purges":3,"victory":true,"max_hp_per_floor":[75,75,75,75,75,75,75,75,75,75,75,75,75,75,75,75,75,75,75,75,75,75,75,75,75,75,75,75,75,75,75,75,75,75,75,75,75,75,75,75,75,75,82,82,82,82,89,89,89,89,89,89,89,89,89],"card_choices":[{"not_picked":["Compile Driver","Coolheaded"],"picked":"Rip and Tear","floor":1.0},{"not_picked":["Streamline","Compile Driver"],"picked":"Aggregate","floor":3.0},{"not_picked":["Rebound","Steam"],"picked":"Leap","floor":4.0},{"not_picked":["Self Repair","Conserve Battery"],"picked":"Machine Learning","floor":5.0},{"not_picked":["Coolheaded","Barrage"],"picked":"Go for the Eyes","floor":6.0},{"not_picked":["Gash","Cold Snap"],"picked":"Stack","floor":8.0},{"not_picked":["Hologram","Stack"],"picked":"Seek","floor":10.0},{"not_picked":["Chill","Barrage"],"picked":"Glacier","floor":12.0},{"not_picked":["Steam","Gash"],"picked":"Recycle","floor":14.0},{"not_picked":["Meteor Strike","Buffer"],"picked":"Multi-Cast","floor":16.0},{"not_picked":["Gash","Steam"],"picked":"Ball Lightning","floor":17.0},{"not_picked":["Stack","Gash"],"picked":"Genetic Algorithm","floor":17.0},{"not_picked":["Go for the Eyes","Leap"],"picked":"Genetic Algorithm","floor":17.0},{"not_picked":["Beam Cell","Barrage"],"picked":"Conserve Battery","floor":17.0},{"not_picked":["Cold Snap","BootSequence"],"picked":"Defragment","floor":17.0},{"not_picked":["Leap","Scrape"],"picked":"Loop","floor":18.0},{"not_picked":["Streamline","Blizzard"],"picked":"Amplify","floor":19.0},{"not_picked":["Cold Snap","Conserve Battery+1"],"picked":"Storm","floor":20.0},{"not_picked":["Conserve Battery","Cold Snap"],"picked":"Ball Lightning","floor":22.0},{"not_picked":["Aggregate","Hologram+1","Rebound"],"picked":"SKIP","floor":23.0},{"not_picked":["Core Surge+1","Barrage+1"],"picked":"Storm+1","floor":25.0},{"not_picked":["Leap","Sweeping Beam+1"],"picked":"Turbo","floor":27},{"not_picked":["Conserve Battery","Sweeping Beam+1"],"picked":"Biased Cognition","floor":30},{"not_picked":["Rebound+1","Beam Cell+1","Fusion"],"picked":"Force Field","floor":31},{"not_picked":["Multi-Cast","Amplify","Rainbow"],"picked":"Electrodynamics","floor":33},{"not_picked":["Steam","Beam Cell+1","Coolheaded","Chill"],"picked":"SKIP","floor":35},{"not_picked":["Redo","Streamline+1","Cold Snap+1","Melter+1"],"picked":"SKIP","floor":36},{"not_picked":["Rip and Tear+1","Auto Shields","Loop"],"picked":"Tempest+1","floor":37},{"not_picked":["Leap","Compile Driver+1","Turbo","Streamline+1"],"picked":"SKIP","floor":38},{"not_picked":["Compile Driver+1","Blizzard+1","Loop+1","Barrage+1"],"picked":"SKIP","floor":41},{"not_picked":["Redo+1","Conserve Battery+1","Genetic Algorithm+1"],"picked":"Turbo","floor":44},{"not_picked":["Hello World+1","Compile Driver+1","Stack+1"],"picked":"Lockon+1","floor":46},{"not_picked":["Force Field","Lockon+1","Melter+1","Rip and Tear+1"],"picked":"SKIP","floor":48},{"not_picked":["Barrage+1","Heatsinks+1","Steam+1"],"picked":"Consume","floor":54}],"player_experience":129243,"relics_obtained":[{"floor":6.0,"key":"Ancient Tea Set"},{"floor":8.0,"key":"Torii"},{"floor":9.0,"key":"Mummified Hand"},{"floor":10.0,"key":"Centennial Puzzle"},{"floor":23.0,"key":"Molten Egg 2"},{"floor":25.0,"key":"Potion Belt"},{"floor":27,"key":"PreservedInsect"},{"floor":30,"key":"Question Card"},{"floor":37,"key":"Pocketwatch"},{"floor":41,"key":"Blood Vial"},{"floor":43,"key":"Strawberry"},{"floor":46,"key":"Old Coin"},{"floor":54,"key":"Vajra"}],"event_choices":[{"damage_healed":0.0,"max_hp_gain":0.0,"max_hp_loss":0.0,"gold_gain":0.0,"event_name":"FaceTrader","player_choice":"Trade","floor":2.0,"gold_loss":0.0,"damage_taken":0.0,"relics_obtained":["SsserpentHead"]},{"damage_healed":0.0,"max_hp_gain":0.0,"max_hp_loss":0.0,"gold_gain":0.0,"event_name":"The Joust","player_choice":"Bet on Murderer","floor":21.0,"gold_loss":50.0,"damage_taken":0.0},{"damage_healed":0,"gold_gain":0,"player_choice":"Fight","damage_taken":0,"max_hp_gain":0,"max_hp_loss":0,"event_name":"MindBloom","floor":37,"gold_loss":0},{"damage_healed":0,"gold_gain":0,"player_choice":"Upgraded","damage_taken":0,"max_hp_gain":0,"max_hp_loss":0,"event_name":"Upgrade Shrine","floor":39,"gold_loss":0,"cards_upgraded":["Amplify"]}],"is_beta":false,"boss_relics":[{"not_picked":["Lizard Tail","Runic Dome"],"picked":"Orrery"},{"not_picked":["Runic Pyramid","Calling Bell"],"picked":"Coffee Dripper"}],"items_purged_floors":[7,29,47],"is_endless":false,"potions_floor_spawned":[1,3,6,8,16,23,25,31,33,35,36,38,48,54],"ascension_level":1}