{"gold_per_floor":[110,130,95,106,121,121,156,172,172,198,198,217,243,257,257,330,330,330,66,66,66,66,66,66,66,66,66,66,66,66,66,66,66,66,66,66,66,66,66,66,66,66,66,66,66,66,66,38,38,38,38,38,38,38,38,38],"floor_reached":57,"playtime":3914,"items_purged":[],"score":3139,"play_id":"1f78de84-73c7-4964-9f39-87fcb8098c94","local_time":"20190605221906","is_ascension_mode":true,"campfire_choices":[{"floor":6.0,"key":"REST"},{"data":"Hello World","floor":11.0,"key":"SMITH"},{"data":"Self Repair","floor":15.0,"key":"SMITH"},{"data":"Self Repair","floor":28.0,"key":"SMITH"},{"data":"Defragment","floor":32.0,"key":"SMITH"},{"floor":40.0,"key":"RECALL"},{"data":"Creative AI","floor":45.0,"key":"SMITH"},{"data":"Turbo","floor":49.0,"key":"SMITH"},{"data":"Turbo","floor":53,"key":"SMITH"}],"neow_cost":"","seed_source_timestamp":856351354820600,"circlet_count":0,"master_deck":["Hello World+1","Hello World+1","Hello World+1","Hello World+1","Hello World+1","Static Discharge","Turbo+1","Hello World+1","BootSequence","White Noise","Reinforced Body","Glacier","Turbo+1","Electrodynamics","Self Repair+1","Creative AI+1","Self Repair+1","Defragment+1","Force Field+1","Genetic Algorithm+1","Amplify+1","Normality","Regret","Writhe","Defragment+1","Creative AI+1","BootSequence+1","Hello World+1","Coolheaded+1","All For One+1","Recycle+1","Hologram+1","Loop+1"],"special_seed":0,"relics":["Cracked Core","Mummified Hand","Torii","Question Card","Gambling Chip","Ectoplasm","Singing Bowl","FossilizedHelix","Toxic Egg 2","Frozen Egg 2","Calling Bell","Happy Flower","Molten Egg 2","Thread and Needle","Ice Cream","Regal Pillow","Mango","Pear"],"potions_floor_usage":[50,50,56],"damage_taken":[{"damage":14.0,"enemies":"Small Slimes","floor":1.0,"turns":3.0},{"damage":12.0,"enemies":"Jaw Worm","floor":2.0,"turns":3.0},{"damage":1.0,"enemies":"Cultist","floor":4.0,"turns":3.0},{"damage":29.0,"enemies":"Gremlin Gang","floor":5.0,"turns":3.0},{"damage":0.0,"enemies":"Lagavulin","floor":7.0,"turns":5.0},{"damage":1.0,"enemies":"Blue Slaver","floor":8.0,"turns":2.0},{"damage":1.0,"enemies":"Gremlin Nob","floor":10.0,"turns":3.0},{"damage":8.0,"enemies":"Exordium Thugs","floor":12.0,"turns":4.0},{"damage":0.0,"enemies":"3 Sentries","floor":13.0,"turns":3.0},{"damage":8.0,"enemies":"Exordium Wildlife","floor":14.0,"turns":2.0},{"damage":13.0,"enemies":"The Guardian","floor":16.0,"turns":11.0},{"damage":3.0,"enemies":"3 Byrds","floor":18.0,"turns":3.0},{"damage":0.0,"enemies":"Spheric Guardian","floor":20.0,"turns":4.0},{"damage":9.0,"enemies":"Snake Plant","floor":21.0,"turns":4.0},{"damage":0.0,"enemies":"Snecko","floor":22.0,"turns":5.0},{"damage":0.0,"enemies":"Centurion and Healer","floor":23.0,"turns":4.0},{"damage":30.0,"enemies":"Gremlin Leader","floor":24.0,"turns":6.0},{"damage":8.0,"enemies":"Snake Plant","floor":25.0,"turns":5.0},{"damage":0.0,"enemies":"Chosen and Byrds","floor":27.0,"turns":3.0},{"damage":7.0,"enemies":"Shelled Parasite and Fungi","floor":29.0,"turns":8.0},{"damage":0.0,"enemies":"Snake Plant","floor":30.0,"turns":3.0},{"damage":24.0,"enemies":"Slavers","floor":31.0,"turns":4.0},{"damage":0.0,"enemies":"Champ","floor":33.0,"turns":10.0},{"damage":0.0,"enemies":"Orb Walker","floor":35.0,"turns":5.0},{"damage":12.0,"enemies":"3 Shapes","floor":36.0,"turns":4.0},{"damage":1.0,"enemies":"3 Darklings","floor":37.0,"turns":5.0},{"damage":0.0,"enemies":"Sphere and 2 Shapes","floor":38.0,"turns":4.0},{"damage":0.0,"enemies":"Giant Head","floor":42.0,"turns":8.0},{"damage":0.0,"enemies":"Jaw Worm Horde","floor":44.0,"turns":3.0},{"damage":7.0,"enemies":"Nemesis","floor":47.0,"turns":13.0},{"damage":59,"enemies":"Awakened One","floor":50,"turns":26},{"damage":0,"enemies":"Donu and Deca","floor":51,"turns":11},{"damage":44,"enemies":"Shield and Spear","floor":55,"turns":9},{"damage":59,"enemies":"The Heart","floor":56,"turns":11}],"seed_played":"-2867098008622377650","potions_obtained":[{"floor":2.0,"key":"Fire Potion"},{"floor":4.0,"key":"SneckoOil"},{"floor":7.0,"key":"SpeedPotion"},{"floor":8.0,"key":"Poison Potion"},{"floor":13.0,"key":"FocusPotion"},{"floor":38.0,"key":"PowerPotion"},{"floor":44.0,"key":"Regen Potion"},{"floor":55,"key":"PowerPotion"}],"is_trial":true,"path_per_floor":["M","M","?","M","M","R","E","M","T","E","R","M","E","M","R","B",null,"M","$","M","M","M","M","E","M","T","M","R","M","M","E","R","B",null,"M","M","M","M","?","R","$","E","T","M","R","?","E","$","R","B","B",null,"R","$","E","B",null],"character_chosen":"DEFECT","items_purchased":["Singing Bowl","Hologram+1"],"campfire_rested":1,"item_purchase_floors":[19,48],"current_hp_per_floor":[50,38,55,54,25,46,46,45,45,44,44,36,36,28,28,25,60,67,67,73,75,77,79,51,53,53,72,72,83,83,79,79,83,83,83,81,85,85,85,85,85,85,85,85,85,85,92,92,92,66,96,98,98,98,84,45],"gold":38,"neow_bonus":"","is_prod":false,"is_daily":false,"chose_seed":false,"campfire_upgraded":7,"win_rate":0,"timestamp":1559740746,"path_taken":["M","M","?","M","M","R","E","M","T","E","R","M","E","M","R","BOSS","M","$","M","M","M","M","E","M","T","M","R","M","M","E","R","BOSS","M","M","M","M","?","R","?","E","T","?","R","?","E","?","R","BOSS","BOSS","R","$","E","BOSS"],"build_version":"2019-01-23","purchased_purges":0,"victory":true,"max_hp_per_floor":[71,71,71,71,71,71,71,71,71,71,71,71,71,71,71,71,71,71,71,73,75,77,79,81,81,81,83,83,83,83,83,83,83,83,83,83,85,85,85,85,85,85,85,85,85,85,99,99,99,99,99,99,99,99,109,109],"card_choices":[{"not_picked":["Rebound","Darkness"],"picked":"Static Discharge","floor":1.0},{"not_picked":["Redo","Skim"],"picked":"Turbo","floor":2.0},{"not_picked":["Redo","Reinforced Body"],"picked":"Hello World","floor":4.0},{"not_picked":["Fusion","FTL"],"picked":"BootSequence","floor":5.0},{"not_picked":["Static Discharge","Sweeping Beam"],"picked":"White Noise","floor":7.0},{"not_picked":["Barrage","Conserve Battery"],"picked":"Reinforced Body","floor":8.0},{"not_picked":["Gash","Redo"],"picked":"Glacier","floor":10.0},{"not_picked":["Force Field","Tempest","Steam"],"picked":"Turbo","floor":12.0},{"not_picked":["Creative AI","Steam","Conserve Battery"],"picked":"Electrodynamics","floor":13.0},{"not_picked":["Ball Lightning","Turbo","Scrape"],"picked":"Self Repair","floor":14.0},{"not_picked":["Biased Cognition","Thunder Strike","Fission"],"picked":"Creative AI","floor":16.0},{"not_picked":["Gash","Scrape","Streamline","Ball Lightning"],"picked":"SKIP","floor":18.0},{"not_picked":["Steam","Leap","FTL","Loop"],"picked":"Singing Bowl","floor":20.0},{"not_picked":["Sweeping Beam","Turbo","Fusion","Doom and Gloom"],"picked":"Singing Bowl","floor":21.0},{"not_picked":["Rebound","Gash","Lockon","Darkness"],"picked":"Singing Bowl","floor":22.0},{"not_picked":["Cold Snap","Stack","Beam Cell","Rebound+1"],"picked":"Singing Bowl","floor":23.0},{"not_picked":["Auto Shields","Rip and Tear","Redo+1","Streamline"],"picked":"Singing Bowl","floor":24.0},{"not_picked":["Compile Driver+1","Redo+1","Reboot"],"picked":"Self Repair","floor":25.0},{"not_picked":["Barrage","Go for the Eyes","Redo+1","Skim+1"],"picked":"Singing Bowl","floor":27.0},{"not_picked":["Cold Snap","Go for the Eyes+1","Conserve Battery+1"],"picked":"Defragment","floor":29.0},{"not_picked":["Gash","Steam Power+1","Doom and Gloom"],"picked":"Force Field+1","floor":30.0},{"not_picked":["Gash","Leap+1","Redo+1"],"picked":"Genetic Algorithm+1","floor":31.0},{"not_picked":["Meteor Strike","Biased Cognition+1","Reboot+1"],"picked":"Amplify+1","floor":33.0},{"not_picked":["Lockon+1","Barrage+1","Conserve Battery+1"],"picked":"Defragment+1","floor":35.0},{"not_picked":["Sweeping Beam+1","Gash+1","Glacier+1"],"picked":"Creative AI+1","floor":36.0},{"not_picked":["Stack+1","Conserve Battery+1","Sweeping Beam+1","Turbo+1"],"picked":"Singing Bowl","floor":37.0},{"not_picked":["Steam+1","Capacitor+1","Reinforced Body+1"],"picked":"BootSequence+1","floor":38.0},{"not_picked":["Rebound+1","Lockon+1","Leap+1"],"picked":"Coolheaded+1","floor":42.0},{"not_picked":["Hologram+1","Conserve Battery+1","Blizzard+1"],"picked":"All For One+1","floor":44.0},{"not_picked":["Steam+1","Ball Lightning+1","Rebound+1"],"picked":"Recycle+1","floor":47.0},{"not_picked":["Cold Snap+1","Conserve Battery+1","Chill+1"],"picked":"Loop+1","floor":55}],"player_experience":5271368,"relics_obtained":[{"floor":7.0,"key":"Torii"},{"floor":10.0,"key":"Question Card"},{"floor":13.0,"key":"Gambling Chip"},{"floor":24.0,"key":"FossilizedHelix"},{"floor":26.0,"key":"Toxic Egg 2"},{"floor":31.0,"key":"Frozen Egg 2"},{"floor":34.0,"key":"Happy Flower"},{"floor":34.0,"key":"Molten Egg 2"},{"floor":34.0,"key":"Thread and Needle"},{"floor":42.0,"key":"Ice Cream"},{"floor":43.0,"key":"Regal Pillow"},{"floor":47.0,"key":"Mango"},{"floor":55,"key":"Pear"}],"event_choices":[{"damage_healed":17.0,"max_hp_gain":0.0,"max_hp_loss":0.0,"gold_gain":0.0,"event_name":"The Cleric","player_choice":"Healed","floor":3.0,"gold_loss":35.0,"damage_taken":0.0},{"damage_healed":0.0,"max_hp_gain":0.0,"max_hp_loss":0.0,"gold_gain":0.0,"event_name":"Duplicator","player_choice":"Copied","floor":39.0,"gold_loss":0.0,"damage_taken":0.0,"cards_obtained":["Hello World"]},{"damage_healed":0.0,"max_hp_gain":0.0,"max_hp_loss":0.0,"gold_gain":0.0,"event_name":"SecretPortal","player_choice":"Ignored","floor":46.0,"gold_loss":0.0,"damage_taken":0.0}],"is_beta":false,"boss_relics":[{"not_picked":["Inserter","Runic Dome"],"picked":"Ectoplasm"},{"not_picked":["White Beast Statue","Velvet Choker"],"picked":"Calling Bell"}],"items_purged_floors":[],"is_endless":false,"potions_floor_spawned":[2,4,7,8,13,14,21,24,27,29,30,33,35,38,44,47,55],"ascension_level":20}