{"gold_per_floor":[17,27,37,37,54,54,84,84,84,109,127,127,127,153,153,228,228,228,24,24,24,24,24,24,24,24,24,24,24,24,24,24,24,24,24,24,24,24,0,0,0,0,0,0,0,0,0,0,0,0,0,0,0,0,0,0],"floor_reached":56,"playtime":2119,"items_purged":[],"score":2042,"play_id":"f423f1a4-9c1a-4f71-a222-54351da56621","local_time":"20190720030339","is_ascension_mode":true,"campfire_choices":[{"data":"Sunder","floor":6,"key":"SMITH"},{"data":"Static Discharge","floor":8,"key":"SMITH"},{"data":"Defragment","floor":12,"key":"SMITH"},{"data":"Conserve Battery","floor":15,"key":"SMITH"},{"data":"Apotheosis","floor":23,"key":"SMITH"},{"floor":25,"key":"REST"},{"floor":29,"key":"REST"},{"floor":32,"key":"REST"},{"floor":41,"key":"REST"},{"floor":49,"key":"RECALL"},{"floor":53,"key":"REST"}],"neow_cost":"NO_GOLD","seed_source_timestamp":809315459900100,"circlet_count":0,"master_deck":["AscendersBane","Strike_B","Strike_B","Defend_B","Defend_B","Zap","Dualcast","FTL","Sunder+1","Lockon","Conserve Battery+1","Static Discharge+1","Coolheaded","Defragment+1","Buffer","Electrodynamics","Apotheosis+1","Coolheaded","Go for the Eyes","FTL","Chill","Coolheaded","Seek","Genetic Algorithm","Gash","FTL","Echo Form","Flash of Steel","Loop"],"relics":["Cracked Core","Ornamental Fan","StoneCalendar","Emotion Chip","Anchor","Ectoplasm","Letter Opener","Sundial","Matryoshka","MawBank","Ancient Tea Set","Fusion Hammer","Red Mask","Art of War","Strawberry","Mummified Hand","Incense Burner"],"potions_floor_usage":[7,7,30,40,55,56],"damage_taken":[{"damage":7,"enemies":"Jaw Worm","floor":1,"turns":3},{"damage":9,"enemies":"2 Louse","floor":2,"turns":3},{"damage":0,"enemies":"Cultist","floor":3,"turns":2},{"damage":6,"enemies":"Blue Slaver","floor":5,"turns":3},{"damage":0,"enemies":"Lagavulin","floor":7,"turns":6},{"damage":13,"enemies":"3 Sentries","floor":10,"turns":6},{"damage":4,"enemies":"3 Louse","floor":11,"turns":4},{"damage":2,"enemies":"The Guardian","floor":16,"turns":10},{"damage":2,"enemies":"Chosen","floor":18,"turns":3},{"damage":3,"enemies":"Spheric Guardian","floor":22,"turns":3},{"damage":22,"enemies":"Slavers","floor":24,"turns":3},{"damage":19,"enemies":"Shelled Parasite and Fungi","floor":27,"turns":4},{"damage":0,"enemies":"Gremlin Leader","floor":28,"turns":5},{"damage":3,"enemies":"Slavers","floor":30,"turns":3},{"damage":7,"enemies":"Champ","floor":33,"turns":8},{"damage":0,"enemies":"3 Shapes","floor":35,"turns":2},{"damage":2,"enemies":"3 Darklings","floor":36,"turns":3},{"damage":0,"enemies":"Maw","floor":38,"turns":7},{"damage":38,"enemies":"Nemesis","floor":40,"turns":7},{"damage":0,"enemies":"4 Shapes","floor":42,"turns":4},{"damage":0,"enemies":"Giant Head","floor":46,"turns":8},{"damage":0,"enemies":"Writhing Mass","floor":47,"turns":7},{"damage":17,"enemies":"Awakened One","floor":50,"turns":14},{"damage":10,"enemies":"Donu and Deca","floor":51,"turns":8},{"damage":10,"enemies":"Shield and Spear","floor":55,"turns":5},{"damage":72,"enemies":"The Heart","floor":56,"turns":5}],"seed_played":"6913749339586380775","potions_obtained":[{"floor":1,"key":"Ancient Potion"},{"floor":3,"key":"SpeedPotion"},{"floor":28,"key":"AttackPotion"},{"floor":30,"key":"LiquidBronze"},{"floor":35,"key":"PowerPotion"},{"floor":36,"key":"Block Potion"},{"floor":46,"key":"Poison Potion"}],"is_trial":false,"path_per_floor":["M","M","M","?","M","R","E","R","T","E","M","R","?","T","R","B",null,"M","$","?","?","M","R","E","R","T","M","E","R","E","?","R","B",null,"M","M","?","M","?","E","R","M","T","?","$","E","M","?","R","B","B",null,"R","$","E","B"],"character_chosen":"DEFECT","items_purchased":["Apotheosis","Coolheaded"],"campfire_rested":5,"item_purchase_floors":[19,19],"current_hp_per_floor":[57,48,48,48,42,42,42,42,42,29,25,25,25,25,25,23,59,57,57,37,37,34,34,12,34,34,15,15,37,34,34,56,49,69,69,67,67,67,67,29,50,50,57,47,47,47,47,47,47,30,20,64,79,79,69,0],"gold":0,"neow_bonus":"REMOVE_TWO","is_prod":false,"is_daily":false,"chose_seed":false,"campfire_upgraded":5,"win_rate":0,"timestamp":1563559419,"path_taken":["M","M","M","?","M","R","E","R","T","E","M","R","?","?","R","BOSS","M","?","?","?","M","R","E","R","T","?","E","R","E","?","R","BOSS","M","?","?","M","?","E","R","M","T","?","$","E","?","?","R","BOSS","BOSS","R","$","E","BOSS"],"build_version":"2019-07-17","purchased_purges":0,"victory":false,"max_hp_per_floor":[71,71,71,71,71,71,71,71,71,71,71,71,71,71,71,71,71,71,71,76,76,76,76,76,76,76,76,76,76,76,76,76,76,76,76,76,72,72,72,72,72,72,79,79,79,79,79,79,79,79,79,79,79,79,79,79],"card_choices":[{"not_picked":["Recycle","Redo"],"picked":"FTL","floor":1},{"not_picked":["Sweeping Beam","Coolheaded"],"picked":"Sunder","floor":2},{"not_picked":["Cold Snap","Leap"],"picked":"Lockon","floor":3},{"not_picked":["Turbo","Compile Driver"],"picked":"Conserve Battery","floor":5},{"not_picked":["Hello World","Compile Driver"],"picked":"Static Discharge","floor":7},{"not_picked":["Reprogram","Redo"],"picked":"Coolheaded","floor":10},{"not_picked":["Steam","Coolheaded"],"picked":"Defragment","floor":11},{"not_picked":["Fission","Machine Learning"],"picked":"Electrodynamics","floor":16},{"not_picked":["Steam","Rebound","Doom and Gloom"],"picked":"SKIP","floor":18},{"not_picked":["Sweeping Beam","Ball Lightning"],"picked":"Go for the Eyes","floor":22},{"not_picked":["Heatsinks","Sweeping Beam"],"picked":"FTL","floor":24},{"not_picked":["Darkness","Rip and Tear"],"picked":"Chill","floor":27},{"not_picked":["Compile Driver","Cold Snap","Go for the Eyes"],"picked":"SKIP","floor":28},{"not_picked":["Streamline","Storm"],"picked":"Coolheaded","floor":30},{"not_picked":["Meteor Strike","Fission"],"picked":"Seek","floor":33},{"not_picked":["Barrage","Coolheaded+1"],"picked":"Genetic Algorithm","floor":35},{"not_picked":["Barrage+1","Coolheaded"],"picked":"Gash","floor":36},{"not_picked":["Redo","Force Field"],"picked":"FTL","floor":38},{"not_picked":["Scrape","Ball Lightning"],"picked":"Echo Form","floor":40},{"not_picked":["Rebound+1","Hello World+1","Storm"],"picked":"SKIP","floor":42},{"not_picked":["Enlightenment","Mind Blast"],"picked":"Flash of Steel","floor":44},{"not_picked":["HandOfGreed","Good Instincts"],"picked":"Mayhem","floor":44},{"not_picked":["Go for the Eyes","Cold Snap","Turbo"],"picked":"SKIP","floor":46},{"not_picked":["Genetic Algorithm","Cold Snap"],"picked":"Loop","floor":47},{"not_picked":["Chill","Sweeping Beam","Beam Cell"],"picked":"SKIP","floor":55}],"player_experience":5756254,"relics_obtained":[{"floor":7,"key":"Ornamental Fan"},{"floor":9,"key":"StoneCalendar"},{"floor":10,"key":"Emotion Chip"},{"floor":14,"key":"Anchor"},{"floor":24,"key":"Letter Opener"},{"floor":26,"key":"Sundial"},{"floor":28,"key":"Matryoshka"},{"floor":30,"key":"MawBank"},{"floor":40,"key":"Art of War"},{"floor":43,"key":"Strawberry"},{"floor":46,"key":"Mummified Hand"},{"floor":55,"key":"Incense Burner"}],"event_choices":[{"damage_healed":0,"gold_gain":0,"player_choice":"Ignored","damage_taken":0,"max_hp_gain":0,"max_hp_loss":0,"event_name":"Liars Game","floor":4,"gold_loss":0},{"damage_healed":0,"gold_gain":0,"cards_transformed":["Defend_B"],"player_choice":"Change","damage_taken":0,"max_hp_gain":0,"max_hp_loss":0,"event_name":"Living Wall","floor":13,"gold_loss":0,"cards_obtained":["Buffer"]},{"damage_healed":0,"gold_gain":0,"player_choice":"Shed Blood","damage_taken":25,"max_hp_gain":5,"max_hp_loss":0,"event_name":"Forgotten Altar","floor":20,"gold_loss":0},{"cards_removed":["Defend_B"],"damage_healed":0,"gold_gain":0,"player_choice":"Purged","damage_taken":0,"max_hp_gain":0,"max_hp_loss":0,"event_name":"Purifier","floor":21,"gold_loss":0},{"damage_healed":0,"gold_gain":0,"player_choice":"Gave Potion","damage_taken":0,"relics_obtained":["Ancient Tea Set"],"max_hp_gain":0,"max_hp_loss":0,"event_name":"WeMeetAgain","floor":31,"gold_loss":0},{"damage_healed":0,"gold_gain":0,"player_choice":"Max HP","damage_taken":0,"max_hp_gain":0,"max_hp_loss":4,"event_name":"Winding Halls","floor":37,"gold_loss":0},{"damage_healed":0,"gold_gain":0,"player_choice":"Paid","damage_taken":0,"relics_obtained":["Red Mask"],"max_hp_gain":0,"max_hp_loss":0,"event_name":"Tomb of Lord Red Mask","floor":39,"gold_loss":24},{"damage_healed":0,"gold_gain":0,"player_choice":"Memory 3","damage_taken":10,"max_hp_gain":0,"max_hp_loss":0,"event_name":"SensoryStone","floor":44,"gold_loss":0},{"cards_removed":["Mayhem"],"damage_healed":0,"gold_gain":0,"player_choice":"Removed Power","damage_taken":0,"max_hp_gain":0,"max_hp_loss":0,"event_name":"Falling","floor":48,"gold_loss":0}],"is_beta":false,"boss_relics":[{"not_picked":["Sozu","Eternal Feather"],"picked":"Ectoplasm"},{"not_picked":["Nuclear Battery","Lizard Tail"],"picked":"Fusion Hammer"}],"items_purged_floors":[],"is_endless":false,"potions_floor_spawned":[1,3,28,30,35,36,46],"killed_by":"The Heart","ascension_level":20}