{"gold_per_floor":[110,110,123,123,48,48,78,78],"floor_reached":8,"playtime":159,"items_purged":["Strike_R"],"score":108,"play_id":"fc2bcfd2-7a2f-4589-9b53-e00475f51d82","local_time":"20190413025609","is_ascension_mode":true,"campfire_choices":[{"data":"Bash","floor":6,"key":"SMITH"}],"neow_cost":"NONE","seed_source_timestamp":97800100834000,"circlet_count":0,"master_deck":["AscendersBane","Strike_R","Strike_R","Strike_R","Defend_R","Defend_R","Defend_R","Defend_R","Bash+1","Battle Trance","Shrug It Off","Dark Embrace"],"relics":["Lizard Tail","Charon\u0027s Ashes"],"potions_floor_usage":[7,7,7,7],"damage_taken":[{"damage":1,"enemies":"2 Louse","floor":1,"turns":4},{"damage":17,"enemies":"Cultist","floor":3,"turns":4},{"damage":57,"enemies":"3 Sentries","floor":7,"turns":15},{"damage":46,"enemies":"The Mushroom Lair","floor":8,"turns":6}],"seed_played":"-4634726987368245745","potions_obtained":[{"floor":1,"key":"Weak Potion"},{"floor":2,"key":"EntropicBrew"},{"floor":7,"key":"Swift Potion"}],"is_trial":false,"path_per_floor":["M","?","M","?","$","R","E","?"],"character_chosen":"IRONCLAD","items_purchased":[],"campfire_rested":0,"item_purchase_floors":[],"current_hp_per_floor":[67,67,50,50,50,50,37,0],"gold":78,"neow_bonus":"BOSS_RELIC","is_prod":false,"is_daily":false,"chose_seed":false,"campfire_upgraded":1,"win_rate":0,"timestamp":1555091769,"path_taken":["M","?","?","?","$","R","E","?"],"build_version":"2019-01-23","purchased_purges":1,"victory":false,"max_hp_per_floor":[75,75,75,75,75,75,75,75],"card_choices":[{"not_picked":["Shockwave","Shrug It Off"],"picked":"Battle Trance","floor":1},{"not_picked":["Clothesline","Cleave"],"picked":"Shrug It Off","floor":3},{"not_picked":["Dropkick","Fire Breathing"],"picked":"Dark Embrace","floor":7}],"player_experience":4773167,"relics_obtained":[{"floor":7,"key":"Charon\u0027s Ashes"}],"event_choices":[{"damage_healed":0,"gold_gain":0,"player_choice":"Got Potions","damage_taken":0,"max_hp_gain":0,"max_hp_loss":0,"event_name":"Lab","floor":2,"gold_loss":0},{"cards_removed":["Strike_R"],"damage_healed":0,"gold_gain":0,"player_choice":"Forget","damage_taken":0,"max_hp_gain":0,"max_hp_loss":0,"event_name":"Living Wall","floor":4,"gold_loss":0},{"damage_healed":0,"gold_gain":0,"player_choice":"Fought Mushrooms","damage_taken":0,"max_hp_gain":0,"max_hp_loss":0,"event_name":"Mushrooms","floor":8,"gold_loss":0}],"is_beta":false,"boss_relics":[],"items_purged_floors":[5],"is_endless":false,"potions_floor_spawned":[1,7],"killed_by":"The Mushroom Lair","ascension_level":20}