{"gold_per_floor":[111,127,147,14,14,14,42,42,42,69,88,100,118,118,118,217,217,241,156,156,171,196,196,96,96,96,96,120,120,170,170,170,264,264,289,164,180,201,251,251,272,311,311,336,371,221,5,18,18,18,18,18,18,18,52,52],"floor_reached":57,"playtime":2334,"items_purged":["Deadly Poison","All Out Attack","Eviscerate","Corpse Explosion","Underhanded Strike"],"score":3244,"play_id":"0e6eb4dd-c03d-44f3-a63b-65718e03267d","local_time":"20190724021500","is_ascension_mode":true,"campfire_choices":[{"data":"Acrobatics","floor":6,"key":"SMITH"},{"data":"Concentrate","floor":8,"key":"SMITH"},{"data":"Neutralize","floor":15,"key":"SMITH"},{"data":"Tactician","floor":23,"key":"SMITH"},{"data":"Prepared","floor":25,"key":"SMITH"},{"data":"Acrobatics","floor":27,"key":"SMITH"},{"data":"Wraith Form v2","floor":29,"key":"SMITH"},{"data":"Footwork","floor":32,"key":"SMITH"},{"floor":40,"key":"RECALL"},{"data":"Reflex","floor":49,"key":"SMITH"},{"data":"Footwork","floor":53,"key":"SMITH"}],"neow_cost":"","seed_source_timestamp":0,"circlet_count":0,"master_deck":["Survivor","Neutralize+1","Prepared+1","Concentrate+1","Footwork+1","Flying Knee","Finisher","Distraction","Cloak And Dagger","Grand Finale","Corpse Explosion+1","Backflip","Acrobatics+1","Acrobatics+1","Wraith Form v2+1","Tactician+1","Blur","Adrenaline+1","Escape Plan+1","Footwork+1","Reflex+1"],"relics":["Ring of the Snake","Pandora\u0027s Box","The Specimen","Pear","Ornamental Fan","Oddly Smooth Stone","Golden Idol","Runic Pyramid","Dream Catcher","Thread and Needle","Black Star","Torii","Vajra","Tough Bandages","War Paint","Turnip","Ginger"],"potions_floor_usage":[7,16,16,33,56],"damage_taken":[{"damage":7,"enemies":"2 Louse","floor":1,"turns":2},{"damage":0,"enemies":"Cultist","floor":2,"turns":2},{"damage":0,"enemies":"Small Slimes","floor":3,"turns":1},{"damage":7,"enemies":"3 Sentries","floor":7,"turns":2},{"damage":5,"enemies":"Gremlin Nob","floor":10,"turns":3},{"damage":0,"enemies":"Exordium Wildlife","floor":11,"turns":3},{"damage":0,"enemies":"Looter","floor":12,"turns":1},{"damage":0,"enemies":"Exordium Thugs","floor":13,"turns":2},{"damage":12,"enemies":"The Guardian","floor":16,"turns":11},{"damage":0,"enemies":"Chosen","floor":18,"turns":3},{"damage":0,"enemies":"Shell Parasite","floor":21,"turns":2},{"damage":0,"enemies":"Cultist and Chosen","floor":22,"turns":3},{"damage":1,"enemies":"Snake Plant","floor":28,"turns":3},{"damage":0,"enemies":"Collector","floor":33,"turns":7},{"damage":0,"enemies":"3 Darklings","floor":35,"turns":2},{"damage":0,"enemies":"Orb Walker","floor":37,"turns":2},{"damage":0,"enemies":"3 Darklings","floor":38,"turns":2},{"damage":0,"enemies":"Sphere and 2 Shapes","floor":41,"turns":2},{"damage":0,"enemies":"Nemesis","floor":42,"turns":3},{"damage":0,"enemies":"Transient","floor":44,"turns":6},{"damage":0,"enemies":"Giant Head","floor":45,"turns":5},{"damage":0,"enemies":"Jaw Worm Horde","floor":48,"turns":1},{"damage":0,"enemies":"Time Eater","floor":50,"turns":9},{"damage":0,"enemies":"Donu and Deca","floor":51,"turns":1},{"damage":0,"enemies":"Shield and Spear","floor":55,"turns":1},{"damage":0,"enemies":"The Heart","floor":56,"turns":9}],"seed_played":"4492618435048057571","potions_obtained":[{"floor":2,"key":"Regen Potion"},{"floor":3,"key":"Dexterity Potion"},{"floor":10,"key":"AttackPotion"},{"floor":18,"key":"Energy Potion"},{"floor":20,"key":"SkillPotion"},{"floor":33,"key":"Block Potion"}],"is_trial":true,"path_per_floor":["M","M","M","$","?","R","E","R","T","E","M","M","M","?","R","B",null,"M","?","?","M","M","R","$","R","T","R","M","R","?","?","R","B",null,"M","$","M","M","?","R","M","E","T","M","E","$","$","M","R","B","B",null,"R","$","E","B",null],"character_chosen":"THE_SILENT","items_purchased":["Acrobatics","Reflex"],"campfire_rested":0,"item_purchase_floors":[4,47],"current_hp_per_floor":[52,52,52,52,52,52,60,60,60,55,55,55,55,29,29,17,61,61,61,61,61,61,61,61,61,61,61,60,60,60,60,60,60,72,72,72,72,72,72,72,72,72,72,72,72,72,72,72,72,72,72,75,75,75,75,75],"gold":52,"neow_bonus":"","is_prod":false,"is_daily":false,"chose_seed":false,"campfire_upgraded":10,"win_rate":0,"timestamp":1563902100,"path_taken":["M","M","M","$","?","R","E","R","T","E","M","M","?","?","R","BOSS","M","?","?","?","M","R","$","R","T","R","M","R","?","?","R","BOSS","M","$","M","M","?","R","M","E","T","M","E","?","$","M","R","BOSS","BOSS","R","$","E","BOSS"],"build_version":"2019-07-17","purchased_purges":5,"victory":true,"max_hp_per_floor":[66,66,66,66,66,66,76,76,76,76,76,76,76,76,76,76,76,76,76,76,76,76,76,76,76,76,76,76,76,76,76,76,76,76,76,76,76,76,76,76,76,76,76,76,76,76,76,76,76,76,76,76,76,76,76,76],"card_choices":[{"not_picked":["Sucker Punch","Cloak And Dagger","PiercingWail"],"picked":"SKIP","floor":1},{"not_picked":["Dagger Spray","Slice"],"picked":"Backflip","floor":2},{"not_picked":["Dagger Spray","Dodge and Roll","Quick Slash"],"picked":"SKIP","floor":3},{"not_picked":["Setup","Distraction","Dagger Throw"],"picked":"SKIP","floor":7},{"not_picked":["Dagger Spray","Deadly Poison","Phantasmal Killer"],"picked":"SKIP","floor":10},{"not_picked":["Sucker Punch","Masterful Stab","Predator"],"picked":"SKIP","floor":11},{"not_picked":["Deflect","Deadly Poison","Predator"],"picked":"SKIP","floor":12},{"not_picked":["Blade Dance","Underhanded Strike"],"picked":"Acrobatics","floor":13},{"not_picked":["Storm of Steel","Venomology"],"picked":"Wraith Form v2","floor":16},{"not_picked":["Accuracy+1","Backflip"],"picked":"Tactician","floor":18},{"not_picked":["All Out Attack","Slice+1","Cloak And Dagger"],"picked":"SKIP","floor":21},{"not_picked":["Prepared","Deflect","Bane"],"picked":"SKIP","floor":22},{"not_picked":["Flying Knee","Acrobatics","Dagger Throw+1"],"picked":"SKIP","floor":28},{"not_picked":["Bullet Time","Envenom"],"picked":"Adrenaline","floor":33},{"not_picked":["Deflect+1","Riddle With Holes+1","Finisher"],"picked":"SKIP","floor":35},{"not_picked":["Slice","Blade Dance","Poisoned Stab"],"picked":"SKIP","floor":37},{"not_picked":["Blade Dance","Underhanded Strike","Deflect"],"picked":"SKIP","floor":38},{"not_picked":["Flying Knee","Venomology"],"picked":"Escape Plan+1","floor":41},{"not_picked":["Backflip+1","Acrobatics","Flying Knee+1"],"picked":"SKIP","floor":42},{"not_picked":["Dodge and Roll","Expertise"],"picked":"Footwork","floor":44},{"not_picked":["Quick Slash+1","Noxious Fumes+1","Endless Agony+1"],"picked":"SKIP","floor":45},{"not_picked":["Cloak And Dagger+1","Outmaneuver","Deflect+1"],"picked":"SKIP","floor":48},{"not_picked":["Backflip","Blade Dance+1","Catalyst"],"picked":"SKIP","floor":55}],"player_experience":5798820,"relics_obtained":[{"floor":7,"key":"Pear"},{"floor":9,"key":"Ornamental Fan"},{"floor":10,"key":"Oddly Smooth Stone"},{"floor":26,"key":"Thread and Needle"},{"floor":42,"key":"Torii"},{"floor":42,"key":"Vajra"},{"floor":45,"key":"Tough Bandages"},{"floor":45,"key":"War Paint"},{"floor":55,"key":"Turnip"},{"floor":55,"key":"Ginger"}],"event_choices":[{"cards_removed":["Backflip"],"damage_healed":0,"gold_gain":0,"player_choice":"Gave Card","damage_taken":0,"relics_obtained":["The Specimen"],"max_hp_gain":0,"max_hp_loss":0,"event_name":"WeMeetAgain","floor":5,"gold_loss":0},{"damage_healed":0,"gold_gain":0,"player_choice":"Take Damage","damage_taken":26,"relics_obtained":["Golden Idol"],"max_hp_gain":0,"max_hp_loss":0,"event_name":"Golden Idol","floor":14,"gold_loss":0},{"damage_healed":0,"gold_gain":0,"player_choice":"Obtained Relic","damage_taken":0,"relics_obtained":["Dream Catcher"],"max_hp_gain":0,"max_hp_loss":0,"event_name":"Addict","floor":19,"gold_loss":85},{"damage_healed":0,"gold_gain":0,"player_choice":"Got Potions","damage_taken":0,"max_hp_gain":0,"max_hp_loss":0,"event_name":"Lab","floor":20,"gold_loss":0},{"damage_healed":0,"gold_gain":50,"player_choice":"Stole From Cult","damage_taken":0,"max_hp_gain":0,"max_hp_loss":0,"event_name":"Nest","floor":30,"gold_loss":0},{"damage_healed":0,"gold_gain":0,"player_choice":"Read","damage_taken":0,"max_hp_gain":0,"max_hp_loss":0,"event_name":"The Library","floor":31,"gold_loss":0,"cards_obtained":["Blur"]},{"damage_healed":0,"gold_gain":50,"player_choice":"Pray","damage_taken":0,"max_hp_gain":0,"max_hp_loss":0,"event_name":"Golden Shrine","floor":39,"gold_loss":0}],"is_beta":false,"boss_relics":[{"not_picked":["Coffee Dripper","Sozu"],"picked":"Runic Pyramid"},{"not_picked":["Cursed Key","Philosopher\u0027s Stone"],"picked":"Black Star"}],"items_purged_floors":[4,24,36,46,47],"is_endless":false,"potions_floor_spawned":[2,3,10,18,33,35,44,45,48],"ascension_level":20}