{"gold_per_floor":[117,117,117,137,137,137,162,162,189,254,267,283,315,339,351,466,478,506,536,37,52,52,52,81,81,81,81,351,351],"floor_reached":29,"playtime":614,"items_purged":[],"score":442,"play_id":"259e23f0-5a14-4f60-ae72-0019d29ad435","local_time":"20190711031958","is_ascension_mode":true,"campfire_choices":[{"data":"Bash","floor":6.0,"key":"SMITH"},{"data":"Dual Wield","floor":8.0,"key":"SMITH"},{"data":"Perfected Strike","floor":15.0,"key":"SMITH"},{"data":"Dual Wield","floor":23.0,"key":"SMITH"},{"data":"Flex","floor":27.0,"key":"SMITH"}],"neow_cost":"NONE","seed_source_timestamp":1693333975453829,"circlet_count":0,"master_deck":["AscendersBane","Strike_R","Strike_R","Strike_R","Strike_R","Strike_R","Defend_R","Defend_R","Defend_R","Defend_R","Bash+1","Perfected Strike+1","Dual Wield+1","Cleave","Twin Strike","Cleave","Perfected Strike+1","Dual Wield+1","Wild Strike+1","Flex+1","Twin Strike+1"],"special_seed":0,"relics":["Burning Blood","NeowsBlessing","Juzu Bracelet","Pantograph","Pen Nib","Incense Burner","MawBank","Velvet Choker","Brimstone","Molten Egg 2","MutagenicStrength","Bird Faced Urn","Boot"],"potions_floor_usage":[29],"damage_taken":[{"damage":0.0,"enemies":"2 Louse","floor":1.0,"turns":1.0},{"damage":0.0,"enemies":"Small Slimes","floor":4.0,"turns":1.0},{"damage":0.0,"enemies":"3 Sentries","floor":7.0,"turns":2.0},{"damage":28.0,"enemies":"Lagavulin Event","floor":10.0,"turns":5.0},{"damage":0.0,"enemies":"Cultist","floor":11.0,"turns":3.0},{"damage":0.0,"enemies":"2 Fungi Beasts","floor":12.0,"turns":2.0},{"damage":31.0,"enemies":"Lagavulin","floor":13.0,"turns":8.0},{"damage":11.0,"enemies":"Exordium Thugs","floor":14.0,"turns":3.0},{"damage":39.0,"enemies":"Slime Boss","floor":16.0,"turns":13.0},{"damage":11.0,"enemies":"Spheric Guardian","floor":18.0,"turns":3.0},{"damage":23.0,"enemies":"2 Thieves","floor":19.0,"turns":3.0},{"damage":3.0,"enemies":"3 Cultists","floor":21.0,"turns":3.0},{"damage":17.0,"enemies":"Gremlin Leader","floor":24.0,"turns":4.0},{"damage":26,"enemies":"Snake Plant","floor":29,"turns":2}],"seed_played":"6723859683515593084","potions_obtained":[{"floor":7.0,"key":"Energy Potion"},{"floor":10.0,"key":"Poison Potion"},{"floor":13.0,"key":"LiquidBronze"},{"floor":16.0,"key":"Regen Potion"},{"floor":18.0,"key":"Dexterity Potion"}],"is_trial":false,"path_per_floor":["M","?","?","M","?","R","E","R","T","?","M","M","E","M","R","B",null,"M","M","$","M","?","R","E","?","T","R","?","M"],"character_chosen":"IRONCLAD","items_purchased":["Brimstone","Molten Egg 2","Ancient Potion"],"campfire_rested":0,"item_purchase_floors":[20,20,20],"current_hp_per_floor":[78,83,83,85,85,85,85,85,85,63,69,75,50,45,45,37,73,68,60,60,63,63,63,52,52,52,52,20,0],"gold":351,"neow_bonus":"THREE_ENEMY_KILL","is_prod":false,"is_daily":false,"chose_seed":false,"campfire_upgraded":5,"win_rate":0,"timestamp":1562811598,"path_taken":["M","?","?","M","?","R","E","R","T","?","M","M","E","M","R","BOSS","M","M","$","M","?","R","E","?","T","R","?","M"],"build_version":"2019-07-05","purchased_purges":0,"victory":false,"max_hp_per_floor":[80,85,85,85,85,85,85,85,85,85,85,85,85,85,85,85,85,85,85,85,85,85,85,85,85,85,85,85,85],"card_choices":[{"not_picked":["Bloodletting","Wild Strike"],"picked":"Perfected Strike","floor":1.0},{"not_picked":["True Grit","Dropkick"],"picked":"Dual Wield","floor":4.0},{"not_picked":["Warcry","Sever Soul","Headbutt"],"picked":"SKIP","floor":7.0},{"not_picked":["Sentinel","Flex"],"picked":"Cleave","floor":10.0},{"not_picked":["Heavy Blade","Anger"],"picked":"Twin Strike","floor":11.0},{"not_picked":["Intimidate","Brutality"],"picked":"Cleave","floor":12.0},{"not_picked":["Disarm","Shrug It Off"],"picked":"Perfected Strike","floor":13.0},{"not_picked":["Ghostly Armor","Clash"],"picked":"Dual Wield","floor":14.0},{"not_picked":["Thunderclap","Rampage"],"picked":"Wild Strike+1","floor":18.0},{"not_picked":["Disarm","Heavy Blade","Headbutt"],"picked":"SKIP","floor":19.0},{"not_picked":["Dual Wield","Battle Trance"],"picked":"Flex","floor":21.0},{"not_picked":["Power Through","Feel No Pain"],"picked":"Twin Strike+1","floor":24.0}],"player_experience":347741,"relics_obtained":[{"floor":5.0,"key":"Juzu Bracelet"},{"floor":7.0,"key":"Pantograph"},{"floor":9.0,"key":"Pen Nib"},{"floor":10.0,"key":"Incense Burner"},{"floor":13.0,"key":"MawBank"},{"floor":24.0,"key":"Bird Faced Urn"},{"floor":26.0,"key":"Boot"}],"event_choices":[{"damage_healed":0.0,"max_hp_gain":5.0,"max_hp_loss":0.0,"gold_gain":0.0,"event_name":"Big Fish","player_choice":"Donut","floor":2.0,"gold_loss":0.0,"damage_taken":0.0},{"damage_healed":0.0,"max_hp_gain":0.0,"max_hp_loss":0.0,"gold_gain":0.0,"event_name":"Living Wall","player_choice":"Grow","floor":3.0,"gold_loss":0.0,"damage_taken":0.0,"cards_upgraded":["Perfected Strike"]},{"damage_healed":0.0,"max_hp_gain":0.0,"max_hp_loss":0.0,"gold_gain":0.0,"event_name":"Wheel of Change","player_choice":"Relic","floor":5.0,"gold_loss":0.0,"damage_taken":0.0},{"damage_healed":0.0,"max_hp_gain":0.0,"max_hp_loss":0.0,"gold_gain":0.0,"event_name":"Dead Adventurer","player_choice":"Searched \u00271\u0027 times","floor":10.0,"gold_loss":0.0,"damage_taken":0.0},{"damage_healed":0.0,"max_hp_gain":0.0,"max_hp_loss":0.0,"gold_gain":0.0,"event_name":"Drug Dealer","player_choice":"Inject Mutagens","floor":22.0,"gold_loss":0.0,"damage_taken":0.0,"relics_obtained":["MutagenicStrength"]},{"damage_healed":0.0,"max_hp_gain":0.0,"max_hp_loss":0.0,"gold_gain":0.0,"event_name":"Transmorgrifier","player_choice":"Ignored","floor":25.0,"gold_loss":0.0,"damage_taken":0.0},{"damage_healed":0.0,"max_hp_gain":0.0,"max_hp_loss":0.0,"gold_gain":270.0,"event_name":"Knowing Skull","player_choice":"GOLD GOLD GOLD ","floor":28.0,"potions_obtained":[],"gold_loss":0.0,"damage_taken":32.0,"cards_obtained":[]}],"is_beta":false,"boss_relics":[{"not_picked":["Runic Pyramid","Mark of Pain"],"picked":"Velvet Choker"}],"items_purged_floors":[],"is_endless":false,"potions_floor_spawned":[7,10,13,16,18,21],"killed_by":"Snake Plant","ascension_level":12}