{"gold_per_floor":[114,39,39,58,23,49,49,77,77,77,77,100,130,163,163,256,256,270,470,483,180,221,264,264,277,328,352,365,365,28,43,43,138,138,161,161,11,35,35,35,75,75,75,88,88,88,127,148,148,148,148,148,148,38,38],"floor_reached":55,"playtime":2419,"items_purged":["Strike_G","Defend_G","Strike_G","Strike_G"],"score":2147,"play_id":"36c0fc7d-228e-4d88-b60f-56f3fc8ee55f","local_time":"20190401005811","is_ascension_mode":true,"campfire_choices":[{"data":"Finisher","floor":7.0,"key":"SMITH"},{"data":"Terror","floor":11.0,"key":"SMITH"},{"data":"Well Laid Plans","floor":15.0,"key":"SMITH"},{"data":"Tactician","floor":29.0,"key":"SMITH"},{"floor":32.0,"key":"REST"},{"data":"Prepared","floor":40.0,"key":"SMITH"},{"floor":42.0,"key":"RECALL"},{"floor":49.0,"key":"REST"},{"floor":53,"key":"REST"}],"neow_cost":"NONE","seed_source_timestamp":1557082087116200,"circlet_count":0,"master_deck":["AscendersBane","Defend_G","Defend_G","Defend_G","Survivor","Neutralize","Finisher+1","Terror+1","Flying Knee+1","Backflip","Well Laid Plans+1","Grand Finale+1","Malaise","Footwork","Tactician+1","Escape Plan","Prepared+1","PiercingWail","Venomology","Backflip","Acrobatics"],"special_seed":0,"relics":["Ring of the Snake","NeowsBlessing","Ice Cream","Bottled Flame","Torii","Golden Idol","Tiny Chest","Potion Belt","White Beast Statue","Lantern","Red Mask","Omamori","Centennial Puzzle","TheAbacus","Runic Dome","Whetstone","Ancient Tea Set"],"potions_floor_usage":[51,55,55],"damage_taken":[{"damage":0.0,"enemies":"2 Louse","floor":1.0,"turns":1.0},{"damage":0.0,"enemies":"Small Slimes","floor":4.0,"turns":1.0},{"damage":0.0,"enemies":"3 Sentries","floor":6.0,"turns":1.0},{"damage":6.0,"enemies":"Gremlin Nob","floor":8.0,"turns":3.0},{"damage":0.0,"enemies":"Cultist","floor":12.0,"turns":2.0},{"damage":1.0,"enemies":"Lagavulin","floor":14.0,"turns":6.0},{"damage":0.0,"enemies":"Slime Boss","floor":16.0,"turns":6.0},{"damage":6.0,"enemies":"Shell Parasite","floor":18.0,"turns":6.0},{"damage":12.0,"enemies":"3 Byrds","floor":20.0,"turns":3.0},{"damage":12.0,"enemies":"Masked Bandits","floor":22.0,"turns":3.0},{"damage":0.0,"enemies":"Slavers","floor":23.0,"turns":8.0},{"damage":1.0,"enemies":"Shelled Parasite and Fungi","floor":25.0,"turns":3.0},{"damage":1.0,"enemies":"3 Cultists","floor":27.0,"turns":3.0},{"damage":7.0,"enemies":"Cultist and Chosen","floor":28.0,"turns":7.0},{"damage":2.0,"enemies":"Shelled Parasite and Fungi","floor":31.0,"turns":4.0},{"damage":3.0,"enemies":"Champ","floor":33.0,"turns":12.0},{"damage":49.0,"enemies":"3 Darklings","floor":35.0,"turns":7.0},{"damage":6.0,"enemies":"Orb Walker","floor":38.0,"turns":6.0},{"damage":22.0,"enemies":"Giant Head","floor":41.0,"turns":7.0},{"damage":40.0,"enemies":"4 Shapes","floor":44.0,"turns":11.0},{"damage":0.0,"enemies":"Nemesis","floor":47.0,"turns":5.0},{"damage":1.0,"enemies":"3 Darklings","floor":48.0,"turns":5.0},{"damage":29.0,"enemies":"Time Eater","floor":50.0,"turns":9.0},{"damage":1,"enemies":"Awakened One","floor":51,"turns":11},{"damage":91,"enemies":"Shield and Spear","floor":55,"turns":6}],"seed_played":"524546168295849501","potions_obtained":[{"floor":1.0,"key":"Fire Potion"},{"floor":6.0,"key":"Explosive Potion"},{"floor":16.0,"key":"Explosive Potion"},{"floor":18.0,"key":"EntropicBrew"},{"floor":20.0,"key":"EntropicBrew"},{"floor":22.0,"key":"Ancient Potion"},{"floor":23.0,"key":"PowerPotion"},{"floor":25.0,"key":"PowerPotion"},{"floor":27.0,"key":"GamblersBrew"},{"floor":28.0,"key":"Block Potion"},{"floor":31.0,"key":"FearPotion"},{"floor":33.0,"key":"EssenceOfSteel"},{"floor":35.0,"key":"GamblersBrew"},{"floor":38.0,"key":"SkillPotion"},{"floor":41.0,"key":"Energy Potion"},{"floor":44.0,"key":"Swift Potion"}],"is_trial":false,"path_per_floor":["M","$","?","M","?","E","R","E","T","?","R","M","?","E","R","B",null,"M","?","M","$","?","E","?","M","T","M","M","R","$","M","R","B",null,"M","?","$","M","?","R","E","R","T","M","?","?","E","M","R","B","B",null,"R","$","E"],"character_chosen":"THE_SILENT","items_purchased":["Escape Plan","Lantern","TheAbacus","Acrobatics","Regen Potion"],"campfire_rested":3,"item_purchase_floors":[21,21,30,54,54],"current_hp_per_floor":[59,59,52,52,66,66,66,60,60,37,37,37,32,31,31,31,57,51,51,39,39,27,27,27,26,26,25,18,18,18,16,35,32,58,9,9,9,3,76,76,54,54,54,14,14,14,14,13,34,5,4,55,72,72,0],"gold":38,"neow_bonus":"THREE_ENEMY_KILL","is_prod":false,"is_daily":false,"chose_seed":false,"campfire_upgraded":5,"win_rate":0,"timestamp":1554047891,"path_taken":["M","$","?","M","?","E","R","E","T","?","R","M","?","E","R","BOSS","M","?","?","$","?","E","?","?","T","M","M","R","$","M","R","BOSS","M","?","?","M","?","R","E","R","T","?","?","?","E","M","R","BOSS","BOSS","R","$","E"],"build_version":"2019-01-23","purchased_purges":4,"victory":false,"max_hp_per_floor":[66,66,66,66,66,66,66,66,66,66,66,66,66,66,66,66,66,66,66,66,66,66,66,66,66,66,66,66,66,66,66,66,66,66,66,66,66,66,76,76,76,76,76,76,76,72,72,72,72,72,72,72,72,72,72],"card_choices":[{"not_picked":["Bane","Backflip"],"picked":"Finisher","floor":1.0},{"not_picked":["Deadly Poison","Underhanded Strike"],"picked":"Terror","floor":4.0},{"not_picked":["Crippling Poison","Poisoned Stab"],"picked":"Flying Knee","floor":6.0},{"not_picked":["Acrobatics","Quick Slash"],"picked":"Backflip","floor":8.0},{"not_picked":["Outmaneuver","Quick Slash"],"picked":"Well Laid Plans","floor":12.0},{"not_picked":["Doppelganger","Eviscerate"],"picked":"Grand Finale","floor":14.0},{"not_picked":["Bullet Time","Night Terror"],"picked":"Malaise","floor":16.0},{"not_picked":["Deflect","Deadly Poison"],"picked":"Footwork","floor":18.0},{"not_picked":["Dagger Throw","Calculated Gamble"],"picked":"Tactician","floor":20.0},{"not_picked":["Distraction","Choke"],"picked":"Prepared","floor":22.0},{"not_picked":["Catalyst","Prepared"],"picked":"PiercingWail","floor":23.0},{"not_picked":["Poisoned Stab","Blade Dance","Slice"],"picked":"SKIP","floor":25.0},{"not_picked":["Blade Dance","Slice","Cloak And Dagger"],"picked":"SKIP","floor":27.0},{"not_picked":["Deadly Poison","Bane","Eviscerate"],"picked":"SKIP","floor":28.0},{"not_picked":["Quick Slash","Heel Hook"],"picked":"Tools of the Trade","floor":31.0},{"not_picked":["Endless Agony","Flying Knee","Noxious Fumes"],"picked":"SKIP","floor":35.0},{"not_picked":["Sucker Punch","Masterful Stab","Blade Dance+1"],"picked":"SKIP","floor":38.0},{"not_picked":["Underhanded Strike","Slice+1"],"picked":"Venomology","floor":41.0},{"not_picked":["Sucker Punch","Outmaneuver","Catalyst+1"],"picked":"SKIP","floor":44.0},{"not_picked":["Finisher+1","Tools of the Trade","Dash"],"picked":"SKIP","floor":47.0},{"not_picked":["Infinite Blades","Endless Agony"],"picked":"Backflip","floor":48.0}],"player_experience":4671029,"relics_obtained":[{"floor":6.0,"key":"Ice Cream"},{"floor":8.0,"key":"Bottled Flame"},{"floor":9.0,"key":"Torii"},{"floor":14.0,"key":"Potion Belt"},{"floor":22.0,"key":"Red Mask"},{"floor":23.0,"key":"Omamori"},{"floor":26.0,"key":"Centennial Puzzle"},{"floor":41.0,"key":"Whetstone"},{"floor":47.0,"key":"Ancient Tea Set"}],"event_choices":[{"cards_removed":["Defend_G"],"damage_healed":0.0,"max_hp_gain":0.0,"max_hp_loss":0.0,"gold_gain":0.0,"event_name":"Golden Wing","player_choice":"Card Removal","floor":3.0,"gold_loss":0.0,"damage_taken":7.0},{"damage_healed":16.0,"max_hp_gain":0.0,"max_hp_loss":0.0,"gold_gain":0.0,"event_name":"The Cleric","player_choice":"Healed","floor":5.0,"gold_loss":35.0,"damage_taken":0.0},{"damage_healed":0.0,"max_hp_gain":0.0,"max_hp_loss":0.0,"gold_gain":0.0,"event_name":"Golden Idol","player_choice":"Take Damage","floor":10.0,"gold_loss":0.0,"damage_taken":23.0,"relics_obtained":["Golden Idol"]},{"damage_healed":0.0,"max_hp_gain":0.0,"max_hp_loss":0.0,"gold_gain":0.0,"event_name":"Scrap Ooze","player_choice":"Success","floor":13.0,"gold_loss":0.0,"damage_taken":5.0,"relics_obtained":["Tiny Chest"]},{"damage_healed":0.0,"max_hp_gain":0.0,"max_hp_loss":0.0,"gold_gain":250.0,"event_name":"The Joust","player_choice":"Bet on Owner","floor":19.0,"gold_loss":50.0,"damage_taken":0.0},{"damage_healed":0.0,"max_hp_gain":0.0,"max_hp_loss":0.0,"gold_gain":0.0,"event_name":"Masked Bandits","player_choice":"Fought Bandits","floor":22.0,"gold_loss":0.0,"damage_taken":0.0},{"cards_removed":["Strike_G"],"damage_healed":0.0,"max_hp_gain":0.0,"max_hp_loss":0.0,"gold_gain":0.0,"event_name":"Purifier","player_choice":"Purged","floor":24.0,"gold_loss":0.0,"damage_taken":0.0},{"damage_healed":0.0,"max_hp_gain":0.0,"max_hp_loss":0.0,"gold_gain":0.0,"event_name":"Lab","player_choice":"Got Potions","floor":36.0,"gold_loss":0.0,"damage_taken":0.0},{"cards_removed":["Tools of the Trade"],"damage_healed":63.0,"max_hp_gain":10.0,"max_hp_loss":0.0,"gold_gain":0.0,"event_name":"Bonfire Elementals","player_choice":"Offered Rare","floor":39.0,"gold_loss":0.0,"damage_taken":0.0},{"cards_removed":["Strike_G"],"damage_healed":0.0,"max_hp_gain":0.0,"max_hp_loss":0.0,"gold_gain":0.0,"event_name":"Falling","player_choice":"Removed Attack","floor":45.0,"gold_loss":0.0,"damage_taken":0.0},{"damage_healed":0.0,"max_hp_gain":0.0,"max_hp_loss":4.0,"gold_gain":0.0,"event_name":"Winding Halls","player_choice":"Max HP","floor":46.0,"gold_loss":0.0,"damage_taken":0.0}],"is_beta":false,"boss_relics":[{"not_picked":["Ectoplasm","Runic Pyramid"],"picked":"White Beast Statue"},{"not_picked":["WristBlade","Snecko Eye"],"picked":"Runic Dome"}],"items_purged_floors":[2,21,30,37],"is_endless":false,"potions_floor_spawned":[1,6,16,18,20,22,23,25,27,28,31,33,35,38,41,44,47,48],"killed_by":"Shield and Spear","ascension_level":20}