{"gold_per_floor":[114,114,133,133,146,171,171,37,85,97,97,97,108,120,120,195,195,207,218,218,235,28,28,28,45,45,45,65,92,106,141,153,239,251,283,170,270,270,270,301,301,327,327,327,342,369,388,406,406,406,406,406,406,81,112,112],"floor_reached":57,"playtime":2469,"items_purged":["Defend_R","Strike_R","Bash","Body Slam+1"],"score":3064,"play_id":"cc3a5ed4-3865-42b5-bdc5-481e8e474c88","local_time":"20190309010456","is_ascension_mode":true,"campfire_choices":[{"floor":7.0,"key":"REST"},{"data":"Spot Weakness","floor":15.0,"key":"SMITH"},{"data":"Deep Breath","floor":23.0,"key":"SMITH"},{"data":"Power Through","floor":27.0,"key":"SMITH"},{"data":"Barricade","floor":32.0,"key":"SMITH"},{"data":"Evolve","floor":41.0,"key":"SMITH"},{"floor":44.0,"key":"RECALL"},{"data":"Shrug It Off","floor":49.0,"key":"SMITH"},{"data":"Battle Trance","floor":53.0,"key":"SMITH"}],"neow_cost":"NONE","seed_source_timestamp":111304746525000,"circlet_count":0,"master_deck":["AscendersBane","Defend_R+1","Defend_R","Defend_R+1","Shrug It Off+1","Pummel","Metallicize","Power Through+1","Entrench+1","Deep Breath+1","Warcry+1","Evolve+1","Barricade+1","Body Slam+1","Battle Trance+1","Secret Technique"],"special_seed":0,"relics":["Burning Blood","Centennial Puzzle","War Paint","Molten Egg 2","Orrery","Singing Bowl","Art of War","MawBank","Empty Cage","Magic Flower","The Courier","Blood Vial","Pen Nib","Anchor"],"potions_floor_usage":[56,56],"damage_taken":[{"damage":6.0,"enemies":"2 Louse","floor":1.0,"turns":4.0},{"damage":1.0,"enemies":"Small Slimes","floor":3.0,"turns":5.0},{"damage":4.0,"enemies":"Jaw Worm","floor":5.0,"turns":7.0},{"damage":50.0,"enemies":"Gremlin Nob","floor":6.0,"turns":6.0},{"damage":0.0,"enemies":"Blue Slaver","floor":10.0,"turns":6.0},{"damage":6.0,"enemies":"2 Fungi Beasts","floor":13.0,"turns":3.0},{"damage":0.0,"enemies":"Looter","floor":14.0,"turns":3.0},{"damage":36.0,"enemies":"Hexaghost","floor":16.0,"turns":9.0},{"damage":3.0,"enemies":"Spheric Guardian","floor":18.0,"turns":3.0},{"damage":6.0,"enemies":"3 Byrds","floor":19.0,"turns":3.0},{"damage":0.0,"enemies":"Centurion and Healer","floor":21.0,"turns":5.0},{"damage":16.0,"enemies":"Snake Plant","floor":25.0,"turns":5.0},{"damage":0.0,"enemies":"3 Cultists","floor":28.0,"turns":3.0},{"damage":14.0,"enemies":"Slavers","floor":29.0,"turns":5.0},{"damage":28.0,"enemies":"Sentry and Sphere","floor":30.0,"turns":7.0},{"damage":5.0,"enemies":"Gremlin Leader","floor":31.0,"turns":8.0},{"damage":0.0,"enemies":"Automaton","floor":33.0,"turns":5.0},{"damage":17.0,"enemies":"3 Darklings","floor":35.0,"turns":4.0},{"damage":12.0,"enemies":"Mind Bloom Boss Battle","floor":37.0,"turns":5.0},{"damage":0.0,"enemies":"Giant Head","floor":40.0,"turns":6.0},{"damage":10.0,"enemies":"Nemesis","floor":42.0,"turns":5.0},{"damage":0.0,"enemies":"3 Shapes","floor":45.0,"turns":6.0},{"damage":0.0,"enemies":"Giant Head","floor":46.0,"turns":4.0},{"damage":0.0,"enemies":"Spire Growth","floor":47.0,"turns":5.0},{"damage":5.0,"enemies":"4 Shapes","floor":48.0,"turns":5.0},{"damage":22.0,"enemies":"Time Eater","floor":50.0,"turns":8.0},{"damage":26.0,"enemies":"Donu and Deca","floor":51.0,"turns":5.0},{"damage":52.0,"enemies":"Shield and Spear","floor":55.0,"turns":12.0},{"damage":26,"enemies":"The Heart","floor":56,"turns":14}],"seed_played":"-2807406352571399344","potions_obtained":[{"floor":13.0,"key":"Poison Potion"},{"floor":16.0,"key":"Dexterity Potion"},{"floor":19.0,"key":"Explosive Potion"},{"floor":30.0,"key":"Explosive Potion"},{"floor":31.0,"key":"FairyPotion"},{"floor":33.0,"key":"Dexterity Potion"},{"floor":55.0,"key":"GamblersBrew"}],"is_trial":false,"path_per_floor":["M","?","M","?","M","E","R","$","T","M","T","?","M","M","R","B",null,"M","M","?","M","$","R","$","M","T","R","M","E","M","E","R","B",null,"M","$","?","?","?","E","R","E","T","R","M","E","M","M","R","B","B",null,"R","$","E","B",null],"character_chosen":"IRONCLAD","items_purchased":["Anger","Deep Breath","Block Potion","Secret Technique"],"campfire_rested":1,"item_purchase_floors":[8,22,54,54],"current_hp_per_floor":[68,68,73,66,68,24,46,46,46,52,52,52,52,58,58,28,63,66,66,66,72,72,72,72,62,62,62,68,60,38,41,41,49,72,63,63,59,59,59,70,70,71,71,71,83,85,87,89,89,76,62,82,82,82,44,30],"gold":112,"neow_bonus":"REMOVE_CARD","is_prod":false,"is_daily":false,"chose_seed":false,"campfire_upgraded":7,"win_rate":0,"timestamp":1552061096,"path_taken":["M","?","M","?","M","E","R","?","T","M","?","?","M","M","R","BOSS","M","M","?","M","$","R","?","M","T","R","?","E","M","E","R","BOSS","M","$","?","?","?","E","R","E","T","R","M","E","?","M","R","BOSS","BOSS","R","$","E","BOSS"],"build_version":"2019-01-23","purchased_purges":4,"victory":true,"max_hp_per_floor":[75,75,75,75,75,75,75,75,75,75,75,75,75,75,75,75,75,75,75,75,75,75,75,75,75,75,75,75,75,75,77,77,79,79,81,81,83,83,79,81,81,83,83,83,83,85,87,89,89,89,89,89,89,89,91,91],"card_choices":[{"not_picked":["Clash","Reckless Charge"],"picked":"Shrug It Off","floor":1.0},{"not_picked":["Corruption","Sword Boomerang","Rupture"],"picked":"SKIP","floor":3.0},{"not_picked":["Iron Wave","Anger"],"picked":"Metallicize","floor":5.0},{"not_picked":["Warcry","Dark Embrace"],"picked":"Power Through","floor":6.0},{"not_picked":["Sword Boomerang","Power Through","Spot Weakness"],"picked":"SKIP","floor":10.0},{"not_picked":["Inflame","Twin Strike+1"],"picked":"Spot Weakness","floor":13.0},{"not_picked":["Iron Wave+1","Cleave+1","Infernal Blade"],"picked":"SKIP","floor":14.0},{"not_picked":["Exhume","Double Tap"],"picked":"Immolate+1","floor":16.0},{"not_picked":["Feel No Pain","Spot Weakness"],"picked":"Body Slam+1","floor":17.0},{"not_picked":["Dropkick+1","Rage","Twin Strike+1"],"picked":"SKIP","floor":18.0},{"not_picked":["Shrug It Off","Perfected Strike+1","Rupture+1"],"picked":"SKIP","floor":19.0},{"not_picked":["True Grit+1","Perfected Strike+1"],"picked":"Entrench+1","floor":21.0},{"not_picked":["Spot Weakness","Infernal Blade"],"picked":"Warcry+1","floor":25.0},{"not_picked":["Searing Blow+1","Heavy Blade+1"],"picked":"Evolve","floor":28.0},{"not_picked":["Intimidate","Sword Boomerang+1"],"picked":"Barricade","floor":29.0},{"not_picked":["Cleave+1","Whirlwind+1"],"picked":"Body Slam+1","floor":30.0},{"not_picked":["Flame Barrier","Sever Soul+1","Body Slam+1"],"picked":"Singing Bowl","floor":31.0},{"not_picked":["Brutality","Barricade","Exhume"],"picked":"Singing Bowl","floor":33.0},{"not_picked":["Havoc","Clothesline+1","Body Slam+1"],"picked":"Singing Bowl","floor":35.0},{"not_picked":["Metallicize","Clothesline+1","Shockwave"],"picked":"Singing Bowl","floor":37.0},{"not_picked":["Uppercut+1","Evolve","Reckless Charge+1"],"picked":"Singing Bowl","floor":40.0},{"not_picked":["Sword Boomerang+1","Clothesline+1","Corruption+1"],"picked":"Singing Bowl","floor":42.0},{"not_picked":["Flex","Infernal Blade"],"picked":"Battle Trance","floor":45.0},{"not_picked":["Rampage+1","Perfected Strike+1","Pommel Strike+1"],"picked":"Singing Bowl","floor":46.0},{"not_picked":["Dropkick+1","Flex","Pommel Strike+1"],"picked":"Singing Bowl","floor":47.0},{"not_picked":["Pommel Strike+1","Searing Blow+1","Flame Barrier"],"picked":"Singing Bowl","floor":48.0},{"not_picked":["Ghostly Armor","Power Through","Exhume"],"picked":"Singing Bowl","floor":55.0}],"player_experience":4495489,"relics_obtained":[{"floor":6.0,"key":"Centennial Puzzle"},{"floor":9.0,"key":"War Paint"},{"floor":11.0,"key":"Molten Egg 2"},{"floor":26.0,"key":"Singing Bowl"},{"floor":29.0,"key":"Art of War"},{"floor":31.0,"key":"MawBank"},{"floor":37.0,"key":"Magic Flower"},{"floor":40.0,"key":"The Courier"},{"floor":42.0,"key":"Blood Vial"},{"floor":46.0,"key":"Pen Nib"},{"floor":55.0,"key":"Anchor"}],"event_choices":[{"damage_healed":0.0,"max_hp_gain":0.0,"max_hp_loss":0.0,"gold_gain":0.0,"cards_transformed":["Strike_R"],"event_name":"Living Wall","player_choice":"Change","floor":2.0,"gold_loss":0.0,"damage_taken":0.0,"cards_obtained":["Pummel"]},{"cards_removed":["Strike_R"],"damage_healed":0.0,"max_hp_gain":0.0,"max_hp_loss":0.0,"gold_gain":0.0,"event_name":"Golden Wing","player_choice":"Card Removal","floor":4.0,"gold_loss":0.0,"damage_taken":7.0},{"damage_healed":0.0,"max_hp_gain":0.0,"max_hp_loss":0.0,"gold_gain":0.0,"event_name":"Liars Game","player_choice":"Ignored","floor":12.0,"gold_loss":0.0,"damage_taken":0.0},{"cards_removed":["Strike_R"],"damage_healed":0.0,"max_hp_gain":0.0,"max_hp_loss":0.0,"gold_gain":0.0,"event_name":"Back to Basics","player_choice":"Elegance","floor":20.0,"gold_loss":0.0,"damage_taken":0.0},{"damage_healed":0.0,"max_hp_gain":0.0,"max_hp_loss":0.0,"gold_gain":0.0,"event_name":"MindBloom","player_choice":"Fight","floor":37.0,"gold_loss":0.0,"damage_taken":0.0},{"cards_removed":["Immolate"],"damage_healed":0.0,"max_hp_gain":0.0,"max_hp_loss":0.0,"gold_gain":0.0,"event_name":"Falling","player_choice":"Removed Attack","floor":38.0,"gold_loss":0.0,"damage_taken":0.0},{"damage_healed":0.0,"max_hp_gain":0.0,"max_hp_loss":4.0,"gold_gain":0.0,"event_name":"Winding Halls","player_choice":"Max HP","floor":39.0,"gold_loss":0.0,"damage_taken":0.0}],"is_beta":false,"boss_relics":[{"not_picked":["Busted Crown","Mark of Pain"],"picked":"Orrery"},{"not_picked":["Snecko Eye","Fusion Hammer"],"picked":"Empty Cage"}],"items_purged_floors":[8,22,36,54],"is_endless":false,"potions_floor_spawned":[13,16,19,25,30,31,33,37,45,46,48,55],"ascension_level":20}