{"gold_per_floor":[118,118,135,135,135,135,156,189,189,189,228,248,248,286,286,406,406,426,341,359,2,2,2,41,41,41,41],"floor_reached":27,"playtime":1135,"items_purged":[],"score":284,"play_id":"7ea46ad7-1169-48f8-9430-6082effb4df1","local_time":"20190721130652","is_ascension_mode":true,"campfire_choices":[{"floor":6,"key":"RECALL"},{"floor":10,"key":"REST"},{"floor":13,"key":"REST"},{"floor":15,"key":"REST"},{"data":"Double Energy","floor":23,"key":"SMITH"},{"floor":25,"key":"REST"}],"neow_cost":"NONE","seed_source_timestamp":932184280686100,"circlet_count":0,"master_deck":["Strike_B","Strike_B","Strike_B","Defend_B","Defend_B","Defend_B","Zap","Dualcast","Chill","Clumsy","Force Field","Consume","Injury","Capacitor","Doom and Gloom","Rainbow","Buffer","FTL+1","Redo","Double Energy+1","Shame"],"relics":["Cursed Key","Lantern","Golden Idol","Orichalcum","Blood Vial","Pear","Girya","Bird Faced Urn","Empty Cage","Darkstone Periapt","Membership Card","Incense Burner","Molten Egg 2"],"potions_floor_usage":[8,11,27],"damage_taken":[{"damage":0,"enemies":"Small Slimes","floor":1,"turns":4},{"damage":0,"enemies":"Jaw Worm","floor":3,"turns":4},{"damage":0,"enemies":"Cultist","floor":7,"turns":3},{"damage":32,"enemies":"3 Sentries","floor":8,"turns":10},{"damage":40,"enemies":"Gremlin Nob","floor":11,"turns":6},{"damage":4,"enemies":"Exordium Wildlife","floor":12,"turns":8},{"damage":6,"enemies":"Lagavulin","floor":14,"turns":7},{"damage":42,"enemies":"Hexaghost","floor":16,"turns":10},{"damage":14,"enemies":"Shell Parasite","floor":18,"turns":10},{"damage":24,"enemies":"3 Byrds","floor":20,"turns":5},{"damage":46,"enemies":"Book of Stabbing","floor":24,"turns":6},{"damage":53,"enemies":"Gremlin Leader","floor":27,"turns":9}],"seed_played":"-1533948161116101154","potions_obtained":[{"floor":7,"key":"Poison Potion"},{"floor":8,"key":"Swift Potion"},{"floor":24,"key":"SteroidPotion"}],"is_trial":false,"path_per_floor":["M","?","M","?","T","R","M","E","T","R","E","M","R","E","R","B",null,"M","?","M","$","?","R","E","R","T","E"],"character_chosen":"DEFECT","items_purchased":["Membership Card","Incense Burner"],"campfire_rested":4,"item_purchase_floors":[21,21],"current_hp_per_floor":[75,63,63,45,45,45,45,13,23,48,10,8,33,29,54,16,85,73,73,55,55,55,55,15,40,46,0],"gold":41,"neow_bonus":"BOSS_RELIC","is_prod":false,"is_daily":false,"chose_seed":false,"campfire_upgraded":1,"win_rate":0,"timestamp":1563732412,"path_taken":["M","?","M","?","?","R","M","E","T","R","E","?","R","E","R","BOSS","M","?","M","$","?","R","E","R","T","E"],"build_version":"2019-07-17","purchased_purges":0,"victory":false,"max_hp_per_floor":[75,75,75,75,75,75,75,75,85,85,85,85,85,85,85,85,85,85,85,85,85,85,85,85,85,91,91],"card_choices":[{"not_picked":["Sweeping Beam","Barrage"],"picked":"Chill","floor":1},{"not_picked":["Sweeping Beam","Go for the Eyes","Compile Driver"],"picked":"SKIP","floor":3},{"not_picked":["Hologram","Streamline"],"picked":"Force Field","floor":7},{"not_picked":["Gash","Loop"],"picked":"Consume","floor":8},{"not_picked":["Core Surge","Gash"],"picked":"Capacitor","floor":11},{"not_picked":["Consume","Cold Snap"],"picked":"Doom and Gloom","floor":12},{"not_picked":["Steam","Turbo"],"picked":"Rainbow","floor":14},{"not_picked":["Hyperbeam","All For One"],"picked":"Buffer","floor":16},{"not_picked":["Compile Driver","Beam Cell"],"picked":"FTL+1","floor":18},{"not_picked":["Steam","Compile Driver+1"],"picked":"Redo","floor":20},{"not_picked":["Blizzard","Stack","Go for the Eyes"],"picked":"SKIP","floor":24}],"player_experience":128108,"relics_obtained":[{"floor":5,"key":"Orichalcum"},{"floor":8,"key":"Blood Vial"},{"floor":9,"key":"Pear"},{"floor":11,"key":"Girya"},{"floor":14,"key":"Bird Faced Urn"},{"floor":24,"key":"Molten Egg 2"}],"event_choices":[{"damage_healed":0,"gold_gain":0,"player_choice":"Success","damage_taken":12,"relics_obtained":["Lantern"],"max_hp_gain":0,"max_hp_loss":0,"event_name":"Scrap Ooze","floor":2,"gold_loss":0},{"damage_healed":0,"gold_gain":0,"player_choice":"Take Damage","damage_taken":18,"relics_obtained":["Golden Idol"],"max_hp_gain":0,"max_hp_loss":0,"event_name":"Golden Idol","floor":4,"gold_loss":0},{"damage_healed":0,"gold_gain":0,"player_choice":"Obtained Relic","damage_taken":0,"relics_obtained":["Darkstone Periapt"],"max_hp_gain":0,"max_hp_loss":0,"event_name":"Addict","floor":19,"gold_loss":85},{"damage_healed":0,"gold_gain":0,"player_choice":"Read","damage_taken":0,"max_hp_gain":0,"max_hp_loss":0,"event_name":"The Library","floor":22,"gold_loss":0,"cards_obtained":["Double Energy"]}],"is_beta":false,"boss_relics":[{"not_picked":["Lizard Tail","Coffee Dripper"],"picked":"Empty Cage"}],"items_purged_floors":[],"is_endless":false,"potions_floor_spawned":[7,8,24],"killed_by":"Gremlin Leader","ascension_level":1}