{"gold_per_floor":[112,125,140,156,156,191,191,219,219,219,238,255,283,299,299,299],"floor_reached":16,"playtime":453,"items_purged":[],"score":248,"play_id":"9a898d85-e57c-4f4c-af4a-98a7efe1af82","local_time":"20190601025701","is_ascension_mode":true,"campfire_choices":[{"floor":7,"key":"REST"},{"floor":10,"key":"REST"},{"floor":15,"key":"REST"}],"neow_cost":"NONE","seed_source_timestamp":451230155057000,"circlet_count":0,"master_deck":["AscendersBane","Strike_R","Strike_R","Strike_R","Strike_R","Defend_R","Defend_R","Defend_R","Defend_R","Bash","Cleave","Cleave+1","Wild Strike","Cleave","Flame Barrier+1","Evolve","Spot Weakness","Rage","True Grit"],"relics":["Burning Blood","Happy Flower","Omamori","Question Card","StoneCalendar"],"potions_floor_usage":[6,14],"damage_taken":[{"damage":26,"enemies":"Jaw Worm","floor":1,"turns":7},{"damage":0,"enemies":"2 Louse","floor":2,"turns":2},{"damage":2,"enemies":"Small Slimes","floor":3,"turns":3},{"damage":7,"enemies":"Looter","floor":4,"turns":4},{"damage":32,"enemies":"Gremlin Nob","floor":6,"turns":4},{"damage":20,"enemies":"Lagavulin","floor":8,"turns":6},{"damage":8,"enemies":"Blue Slaver","floor":11,"turns":3},{"damage":7,"enemies":"Lots of Slimes","floor":12,"turns":2},{"damage":15,"enemies":"3 Sentries","floor":13,"turns":4},{"damage":23,"enemies":"Exordium Thugs","floor":14,"turns":5},{"damage":31,"enemies":"The Guardian","floor":16,"turns":5}],"seed_played":"-2743066964467843560","potions_obtained":[{"floor":2,"key":"SteroidPotion"},{"floor":4,"key":"Dexterity Potion"},{"floor":8,"key":"Ancient Potion"}],"is_trial":false,"path_per_floor":["M","M","M","M","?","E","R","E","T","R","M","M","E","M","R","B"],"character_chosen":"IRONCLAD","items_purchased":[],"campfire_rested":3,"item_purchase_floors":[],"current_hp_per_floor":[48,54,58,57,34,8,30,16,16,38,36,35,26,9,31,0],"gold":299,"neow_bonus":"TRANSFORM_CARD","is_prod":false,"is_daily":false,"chose_seed":false,"campfire_upgraded":0,"win_rate":0,"timestamp":1559325421,"path_taken":["M","M","M","M","?","E","R","E","T","R","M","M","E","M","R","BOSS"],"build_version":"2019-01-23","purchased_purges":0,"victory":false,"max_hp_per_floor":[75,75,75,75,75,75,75,75,75,75,75,75,75,75,75,75],"card_choices":[{"not_picked":["Iron Wave","Wild Strike"],"picked":"Cleave","floor":1},{"not_picked":["Twin Strike","Iron Wave"],"picked":"Wild Strike","floor":2},{"not_picked":["Warcry","Anger"],"picked":"Cleave","floor":3},{"not_picked":["Feel No Pain","Dual Wield"],"picked":"Flame Barrier","floor":4},{"not_picked":["Iron Wave","Second Wind"],"picked":"Evolve","floor":6},{"not_picked":["Uppercut","Perfected Strike"],"picked":"Spot Weakness","floor":8},{"not_picked":["Havoc","Exhume","Pommel Strike","Cleave"],"picked":"SKIP","floor":11},{"not_picked":["Twin Strike","Anger","Clothesline","Intimidate"],"picked":"SKIP","floor":12},{"not_picked":["Infernal Blade","True Grit","Demon Form"],"picked":"Rage","floor":13},{"not_picked":["Twin Strike","Intimidate","Clash"],"picked":"True Grit","floor":14}],"player_experience":5235421,"relics_obtained":[{"floor":6,"key":"Happy Flower"},{"floor":8,"key":"Omamori"},{"floor":9,"key":"Question Card"},{"floor":13,"key":"StoneCalendar"}],"event_choices":[{"damage_healed":0,"gold_gain":0,"player_choice":"Entered Light","damage_taken":23,"max_hp_gain":0,"max_hp_loss":0,"event_name":"Shining Light","floor":5,"gold_loss":0,"cards_upgraded":["Flame Barrier","Cleave"]}],"is_beta":false,"boss_relics":[],"items_purged_floors":[],"is_endless":false,"potions_floor_spawned":[2,4,8],"killed_by":"The Guardian","ascension_level":20}