{"gold_per_floor":[109,122,137,147,159,159,178,203,203,238,238,238,271,271,271,343,343,321,141,141,86,36,61,76,108,108,124,154,154,29,97,97,175,175,191,209,228,242,342,377,377,427,475,504,521,541,561,589,589,589,589,589,589,73,104,104],"floor_reached":57,"playtime":2956,"items_purged":["Perfected Strike+1","Strike_R","Strike_R","Anger"],"score":3094,"play_id":"bcb08ab3-9aa2-4b02-80bd-030a1559f883","local_time":"20190607002641","is_ascension_mode":true,"campfire_choices":[{"data":"Inflame","floor":6.0,"key":"SMITH"},{"data":"Inflame","floor":12.0,"key":"SMITH"},{"data":"Uppercut","floor":15.0,"key":"SMITH"},{"data":"Limit Break","floor":29.0,"key":"SMITH"},{"data":"Shockwave","floor":32,"key":"SMITH"},{"floor":41,"key":"RECALL"},{"data":"Dual Wield","floor":49,"key":"SMITH"},{"data":"Second Wind","floor":53,"key":"SMITH"}],"neow_cost":"NONE","seed_source_timestamp":958078367177100,"circlet_count":0,"master_deck":["AscendersBane","Defend_R","Defend_R","Defend_R","Defend_R","Bash","Reaper","Anger","Sword Boomerang","Uppercut+1","Inflame+1","Disarm","Inflame+1","Metallicize","Limit Break+1","Battle Trance+1","Spot Weakness+1","Shockwave+1","Whirlwind","Feel No Pain+1","Pummel","Barricade+1","Second Wind+1","Reaper","Shrug It Off+1","Inflame+1","Power Through","Heavy Blade+1","Feel No Pain+1","Dual Wield+1","Panacea","Warcry"],"special_seed":0,"relics":["Burning Blood","Orichalcum","Smiling Mask","Bag of Marbles","Red Skull","Astrolabe","Tiny Chest","Frozen Egg 2","Meat on the Bone","Centennial Puzzle","Sundial","Thread and Needle","StoneCalendar","Mummified Hand","Black Star","Incense Burner","Gremlin Horn","Gambling Chip","Anchor","Kunai","Darkstone Periapt","Blue Candle","Bottled Tornado","Dead Branch","Pantograph","Dodecahedron"],"potions_floor_usage":[33,56,56,56,56],"damage_taken":[{"damage":2.0,"enemies":"Cultist","floor":1.0,"turns":4.0},{"damage":19.0,"enemies":"Jaw Worm","floor":2.0,"turns":4.0},{"damage":4.0,"enemies":"Small Slimes","floor":3.0,"turns":4.0},{"damage":32.0,"enemies":"Gremlin Gang","floor":4.0,"turns":5.0},{"damage":9.0,"enemies":"Red Slaver","floor":5.0,"turns":3.0},{"damage":12.0,"enemies":"Large Slime","floor":7.0,"turns":5.0},{"damage":30.0,"enemies":"3 Sentries","floor":8.0,"turns":7.0},{"damage":20.0,"enemies":"Gremlin Nob","floor":10.0,"turns":4.0},{"damage":12.0,"enemies":"3 Sentries","floor":13.0,"turns":5.0},{"damage":6.0,"enemies":"Hexaghost","floor":16.0,"turns":7.0},{"damage":32.0,"enemies":"2 Thieves","floor":18.0,"turns":4.0},{"damage":58.0,"enemies":"Gremlin Leader","floor":23.0,"turns":6.0},{"damage":15.0,"enemies":"Shell Parasite","floor":24.0,"turns":4.0},{"damage":24.0,"enemies":"Slavers","floor":25.0,"turns":3.0},{"damage":59.0,"enemies":"Cultist and Chosen","floor":27.0,"turns":6.0},{"damage":28.0,"enemies":"Gremlin Leader","floor":28.0,"turns":5.0},{"damage":33,"enemies":"Collector","floor":33,"turns":6},{"damage":22,"enemies":"3 Darklings","floor":35,"turns":4},{"damage":0,"enemies":"3 Shapes","floor":36,"turns":7},{"damage":0,"enemies":"Maw","floor":37,"turns":7},{"damage":39,"enemies":"Jaw Worm Horde","floor":38,"turns":6},{"damage":0,"enemies":"Mind Bloom Boss Battle","floor":39,"turns":7},{"damage":0,"enemies":"Giant Head","floor":40,"turns":8},{"damage":16,"enemies":"Nemesis","floor":44,"turns":7},{"damage":0,"enemies":"Sphere and 2 Shapes","floor":45,"turns":7},{"damage":3,"enemies":"3 Darklings","floor":46,"turns":5},{"damage":18,"enemies":"Transient","floor":47,"turns":6},{"damage":0,"enemies":"Giant Head","floor":48,"turns":6},{"damage":1,"enemies":"Donu and Deca","floor":50,"turns":14},{"damage":5,"enemies":"Time Eater","floor":51,"turns":18},{"damage":21,"enemies":"Shield and Spear","floor":55,"turns":11},{"damage":0,"enemies":"The Heart","floor":56,"turns":9}],"seed_played":"1270957053946529965","potions_obtained":[{"floor":2.0,"key":"Strength Potion"},{"floor":3.0,"key":"PowerPotion"},{"floor":10.0,"key":"SpeedPotion"},{"floor":13.0,"key":"Strength Potion"},{"floor":16.0,"key":"PowerPotion"},{"floor":33,"key":"EntropicBrew"},{"floor":36,"key":"EssenceOfSteel"},{"floor":37,"key":"SteroidPotion"}],"is_trial":false,"path_per_floor":["M","M","M","M","M","R","M","E","T","E","?","R","E","T","R","B",null,"M","$","T","?","$","E","M","E","T","M","E","R","$","T","R","B",null,"M","M","M","M","?","E","R","?","T","E","M","M","M","E","R","B","B",null,"R","$","E","B",null],"character_chosen":"IRONCLAD","items_purchased":["Tiny Chest","Second Wind","Dead Branch","Panacea","Warcry"],"campfire_rested":0,"item_purchase_floors":[19,30,54,54,54],"current_hp_per_floor":[72,59,65,63,60,60,68,51,51,46,51,51,59,59,59,70,78,80,80,80,80,80,40,50,57,57,41,59,59,59,59,59,58,75,80,80,80,80,80,80,80,72,72,63,74,77,65,80,80,80,80,80,80,80,65,80],"gold":104,"neow_bonus":"ONE_RANDOM_RARE_CARD","is_prod":false,"is_daily":false,"chose_seed":false,"campfire_upgraded":7,"win_rate":0,"timestamp":1559834801,"path_taken":["M","?","M","M","M","R","M","E","T","E","?","R","E","?","R","BOSS","M","?","?","?","$","E","?","E","T","M","E","R","$","?","R","BOSS","M","M","M","M","?","E","R","?","T","E","?","M","?","E","R","BOSS","BOSS","R","$","E","BOSS"],"build_version":"2019-01-23","purchased_purges":4,"victory":true,"max_hp_per_floor":[75,75,75,75,75,75,75,75,75,75,80,80,80,80,80,80,80,80,80,80,80,80,80,80,80,80,80,80,80,80,80,80,80,80,80,80,80,80,80,80,80,80,80,80,80,80,80,80,80,80,80,80,80,80,80,80],"card_choices":[{"not_picked":["Heavy Blade","Sever Soul"],"picked":"Anger","floor":1.0},{"not_picked":["Intimidate","Pommel Strike"],"picked":"Sword Boomerang","floor":2.0},{"not_picked":["True Grit","Corruption"],"picked":"Anger","floor":3.0},{"not_picked":["Clothesline","Armaments"],"picked":"Uppercut","floor":4.0},{"not_picked":["Thunderclap","Sword Boomerang"],"picked":"Inflame","floor":5.0},{"not_picked":["Havoc","Thunderclap"],"picked":"Disarm","floor":7.0},{"not_picked":["Bludgeon","Thunderclap"],"picked":"Inflame","floor":8.0},{"not_picked":["Second Wind","Body Slam"],"picked":"Metallicize","floor":10.0},{"not_picked":["Twin Strike","Anger","True Grit"],"picked":"SKIP","floor":13.0},{"not_picked":["Bludgeon","Berserk"],"picked":"Limit Break","floor":16.0},{"not_picked":["Ghostly Armor","Cleave"],"picked":"Shockwave","floor":18.0},{"not_picked":["Ghostly Armor","Thunderclap"],"picked":"Whirlwind","floor":23.0},{"not_picked":["Heavy Blade","Body Slam"],"picked":"Feel No Pain+1","floor":24.0},{"not_picked":["Shrug It Off","Power Through"],"picked":"Pummel","floor":25.0},{"not_picked":["Body Slam","Clothesline"],"picked":"Barricade+1","floor":27.0},{"not_picked":["Headbutt","Anger","Hemokinesis"],"picked":"SKIP","floor":28.0},{"not_picked":["Impervious","Immolate"],"picked":"Reaper","floor":33},{"not_picked":["Headbutt","Ghostly Armor+1"],"picked":"Shrug It Off+1","floor":35},{"not_picked":["Sword Boomerang+1","Havoc+1"],"picked":"Inflame+1","floor":36},{"not_picked":["Pommel Strike","Bloodletting"],"picked":"Power Through","floor":37},{"not_picked":["Clash","Body Slam","Shockwave"],"picked":"SKIP","floor":38},{"not_picked":["Juggernaut+1","Spot Weakness"],"picked":"Heavy Blade+1","floor":39},{"not_picked":["Sentinel","Iron Wave","Clash+1"],"picked":"SKIP","floor":40},{"not_picked":["Immolate","Armaments","Cleave"],"picked":"SKIP","floor":44},{"not_picked":["Clothesline","Clash+1"],"picked":"Feel No Pain+1","floor":45},{"not_picked":["Seeing Red","Havoc+1","Inflame+1"],"picked":"SKIP","floor":46},{"not_picked":["Metallicize+1","Iron Wave"],"picked":"Dual Wield","floor":47},{"not_picked":["Anger","Hemokinesis+1","Infernal Blade"],"picked":"SKIP","floor":48},{"not_picked":["Thunderclap+1","Spot Weakness","Ghostly Armor"],"picked":"SKIP","floor":55}],"player_experience":5283535,"relics_obtained":[{"floor":8.0,"key":"Orichalcum"},{"floor":9.0,"key":"Smiling Mask"},{"floor":10.0,"key":"Bag of Marbles"},{"floor":13.0,"key":"Red Skull"},{"floor":20.0,"key":"Frozen Egg 2"},{"floor":23.0,"key":"Centennial Puzzle"},{"floor":25.0,"key":"Sundial"},{"floor":26.0,"key":"Thread and Needle"},{"floor":28.0,"key":"StoneCalendar"},{"floor":31,"key":"Mummified Hand"},{"floor":39,"key":"Incense Burner"},{"floor":40,"key":"Gremlin Horn"},{"floor":40,"key":"Gambling Chip"},{"floor":43,"key":"Anchor"},{"floor":44,"key":"Kunai"},{"floor":44,"key":"Darkstone Periapt"},{"floor":48,"key":"Blue Candle"},{"floor":48,"key":"Bottled Tornado"},{"floor":55,"key":"Pantograph"},{"floor":55,"key":"Dodecahedron"}],"event_choices":[{"damage_healed":0.0,"max_hp_gain":5.0,"max_hp_loss":0.0,"gold_gain":0.0,"event_name":"Big Fish","player_choice":"Donut","floor":11.0,"gold_loss":0.0,"damage_taken":0.0},{"damage_healed":0.0,"max_hp_gain":0.0,"max_hp_loss":0.0,"gold_gain":0.0,"event_name":"WeMeetAgain","player_choice":"Paid Gold","floor":21.0,"gold_loss":55.0,"damage_taken":0.0,"relics_obtained":["Meat on the Bone"]},{"damage_healed":0,"gold_gain":0,"player_choice":"Fight","damage_taken":0,"max_hp_gain":0,"max_hp_loss":0,"event_name":"MindBloom","floor":39,"gold_loss":0},{"damage_healed":0,"gold_gain":50,"player_choice":"Touch","damage_taken":8,"max_hp_gain":0,"max_hp_loss":0,"event_name":"FaceTrader","floor":42,"gold_loss":0}],"is_beta":false,"boss_relics":[{"not_picked":["Black Blood","Runic Cube"],"picked":"Astrolabe"},{"not_picked":["Philosopher\u0027s Stone","Mark of Pain"],"picked":"Black Star"}],"items_purged_floors":[19,22,30,54],"is_endless":false,"potions_floor_spawned":[2,3,10,13,16,24,33,36,37,38,39,46,55],"ascension_level":20}