{"gold_per_floor":[118,88,103,114,114,114,189,222,222,222,232,232,251,286,286,363,363,378,478,393,393,404,404,414,448,448,110,110,144,17,42,42,115,115,125,75,90,101,114,114,148,148,148,59,76,93,126,145,145,145,145,145,145,38,67,67],"floor_reached":56,"playtime":2461,"items_purged":["Bite","Defend_G","Endless Agony","Injury","Defend_G"],"score":2025,"play_id":"823ab723-c57d-4241-8847-2527e2056f05","local_time":"20190619010659","is_ascension_mode":true,"campfire_choices":[{"data":"Skewer","floor":6.0,"key":"SMITH"},{"data":"Neutralize","floor":10.0,"key":"SMITH"},{"data":"Footwork","floor":12.0,"key":"SMITH"},{"data":"The Bomb","floor":15.0,"key":"SMITH"},{"data":"A Thousand Cuts","floor":23.0,"key":"SMITH"},{"data":"Wraith Form v2","floor":28.0,"key":"SMITH"},{"data":"Noxious Fumes","floor":32.0,"key":"SMITH"},{"data":"Crippling Poison","floor":40.0,"key":"SMITH"},{"floor":42.0,"key":"RECALL"},{"data":"Caltrops","floor":49.0,"key":"SMITH"},{"data":"Well Laid Plans","floor":53.0,"key":"SMITH"}],"neow_cost":"","seed_source_timestamp":0,"circlet_count":0,"master_deck":["The Bomb+1","Survivor","Defend_G","Defend_G","Defend_G","Neutralize+1","Backstab+1","Skewer+1","Footwork+1","Dagger Spray","Cloak And Dagger","PiercingWail","Deflect","A Thousand Cuts+1","Bite","Bite+1","Bite","Bite","PiercingWail","Blade Dance+1","Wraith Form v2+1","Clumsy","Noxious Fumes+1","Night Terror","Crippling Poison+1","Bouncing Flask+1","Backflip","Crippling Poison","Leg Sweep","Well Laid Plans+1","Backflip","Caltrops+1","Calculated Gamble"],"special_seed":0,"relics":["Ring of the Snake","Singing Bowl","Bag of Preparation","Smiling Mask","Cursed Key","Torii","Gremlin Horn","Regal Pillow","Du-Vu Doll","Meat on the Bone","Mummified Hand","Sundial","Paper Crane","Snecko Eye","Whetstone","Dream Catcher"],"potions_floor_usage":[55,56],"damage_taken":[{"damage":1.0,"enemies":"Cultist","floor":1.0,"turns":4.0},{"damage":1.0,"enemies":"Jaw Worm","floor":3.0,"turns":3.0},{"damage":0.0,"enemies":"2 Louse","floor":4.0,"turns":2.0},{"damage":0.0,"enemies":"Gremlin Nob","floor":8.0,"turns":3.0},{"damage":0.0,"enemies":"2 Fungi Beasts","floor":11.0,"turns":2.0},{"damage":9.0,"enemies":"3 Louse","floor":13.0,"turns":6.0},{"damage":16.0,"enemies":"Lagavulin","floor":14.0,"turns":6.0},{"damage":11.0,"enemies":"The Guardian","floor":16.0,"turns":12.0},{"damage":4.0,"enemies":"Shell Parasite","floor":18.0,"turns":7.0},{"damage":4.0,"enemies":"Colosseum Slavers","floor":19.0,"turns":6.0},{"damage":26.0,"enemies":"Colosseum Nobs","floor":19.0,"turns":6.0},{"damage":7.0,"enemies":"Chosen","floor":22.0,"turns":5.0},{"damage":0.0,"enemies":"3 Cultists","floor":24.0,"turns":3.0},{"damage":0.0,"enemies":"Gremlin Leader","floor":25.0,"turns":5.0},{"damage":4.0,"enemies":"Book of Stabbing","floor":29.0,"turns":6.0},{"damage":25.0,"enemies":"Gremlin Leader","floor":31.0,"turns":6.0},{"damage":14.0,"enemies":"Champ","floor":33.0,"turns":13.0},{"damage":0.0,"enemies":"3 Shapes","floor":35.0,"turns":2.0},{"damage":8.0,"enemies":"3 Darklings","floor":37.0,"turns":4.0},{"damage":2.0,"enemies":"Spire Growth","floor":38.0,"turns":4.0},{"damage":0.0,"enemies":"Maw","floor":39.0,"turns":5.0},{"damage":27.0,"enemies":"Nemesis","floor":41.0,"turns":7.0},{"damage":2.0,"enemies":"4 Shapes","floor":45.0,"turns":7.0},{"damage":0.0,"enemies":"Jaw Worm Horde","floor":46.0,"turns":4.0},{"damage":1.0,"enemies":"Giant Head","floor":47.0,"turns":5.0},{"damage":1.0,"enemies":"Transient","floor":48.0,"turns":6.0},{"damage":55.0,"enemies":"Awakened One","floor":50.0,"turns":10.0},{"damage":47.0,"enemies":"Time Eater","floor":51.0,"turns":10.0},{"damage":45,"enemies":"Shield and Spear","floor":55,"turns":7},{"damage":44,"enemies":"The Heart","floor":56,"turns":2}],"seed_played":"4294432724762259414","potions_obtained":[{"floor":2.0,"key":"Fire Potion"},{"floor":2.0,"key":"Energy Potion"},{"floor":8.0,"key":"Regen Potion"},{"floor":11.0,"key":"GhostInAJar"},{"floor":24.0,"key":"AttackPotion"},{"floor":25.0,"key":"EssenceOfSteel"},{"floor":31.0,"key":"EssenceOfSteel"},{"floor":33.0,"key":"Poison Potion"},{"floor":39.0,"key":"Ancient Potion"},{"floor":41.0,"key":"Block Potion"},{"floor":46.0,"key":"PowerPotion"},{"floor":47.0,"key":"Regen Potion"}],"is_trial":true,"path_per_floor":["M","?","M","M","?","R","?","E","T","R","M","R","M","E","R","B",null,"M","?","?","?","M","R","M","E","T","$","R","E","$","E","R","B",null,"M","$","M","M","M","R","E","R","T","$","M","M","E","M","R","B","B",null,"R","$","E","B"],"character_chosen":"THE_SILENT","items_purchased":["Mummified Hand","Noxious Fumes","Well Laid Plans","Strength Potion"],"campfire_rested":0,"item_purchase_floors":[27,30,44,54],"current_hp_per_floor":[58,58,57,57,57,57,46,46,46,46,46,46,52,36,36,25,56,54,26,26,26,29,29,35,49,49,49,49,51,51,38,38,50,52,53,53,49,51,53,53,34,34,34,34,40,51,57,56,56,33,22,48,48,48,26,0],"gold":67,"neow_bonus":"","is_prod":false,"is_daily":false,"chose_seed":false,"campfire_upgraded":10,"win_rate":0,"timestamp":1560874019,"path_taken":["M","?","M","?","?","R","?","E","T","R","M","R","M","E","R","BOSS","M","?","?","?","M","R","M","E","T","?","R","E","$","E","R","BOSS","M","$","M","M","M","R","E","R","T","$","M","M","E","M","R","BOSS","BOSS","R","$","E","BOSS"],"build_version":"2019-01-23","purchased_purges":5,"victory":false,"max_hp_per_floor":[66,66,66,66,66,66,66,66,66,66,66,66,66,66,66,66,66,68,70,70,49,49,49,49,49,49,49,49,51,51,53,53,53,53,53,53,53,53,53,53,53,53,53,53,53,55,57,57,57,57,57,57,57,57,57,57],"card_choices":[{"not_picked":["Underhanded Strike","Dodge and Roll"],"picked":"Backstab","floor":1.0},{"not_picked":["Underhanded Strike","Poisoned Stab"],"picked":"Endless Agony","floor":3.0},{"not_picked":["Calculated Gamble","Reflex"],"picked":"Skewer","floor":4.0},{"not_picked":["Dagger Throw","Storm of Steel"],"picked":"Dagger Spray","floor":8.0},{"not_picked":["Skewer","Riddle With Holes"],"picked":"Cloak And Dagger","floor":11.0},{"not_picked":["Flying Knee","Skewer"],"picked":"PiercingWail","floor":13.0},{"not_picked":["Skewer","Flying Knee"],"picked":"Deflect","floor":14.0},{"not_picked":["Unload","Phantasmal Killer"],"picked":"A Thousand Cuts","floor":16.0},{"not_picked":["Prepared","Underhanded Strike","Eviscerate"],"picked":"Singing Bowl","floor":18.0},{"not_picked":["Poisoned Stab","Prepared","Sucker Punch+1"],"picked":"Singing Bowl","floor":19.0},{"not_picked":["Dagger Spray","Blade Dance"],"picked":"PiercingWail","floor":22.0},{"not_picked":["Skewer","Flying Knee"],"picked":"Blade Dance+1","floor":24.0},{"not_picked":["Dodge and Roll","Tactician"],"picked":"Wraith Form v2","floor":25.0},{"not_picked":["Bouncing Flask","Deadly Poison","Outmaneuver"],"picked":"Singing Bowl","floor":29.0},{"not_picked":["Deflect","Underhanded Strike+1","Prepared"],"picked":"Singing Bowl","floor":31.0},{"not_picked":["Phantasmal Killer","Tools of the Trade"],"picked":"Night Terror","floor":33.0},{"not_picked":["Dodge and Roll+1","All Out Attack+1"],"picked":"Crippling Poison","floor":35.0},{"not_picked":["Escape Plan","Flechettes"],"picked":"Bouncing Flask+1","floor":37.0},{"not_picked":["Flying Knee","Escape Plan"],"picked":"Backflip","floor":38.0},{"not_picked":["Underhanded Strike","Quick Slash+1"],"picked":"Crippling Poison","floor":39.0},{"not_picked":["Noxious Fumes","Deflect"],"picked":"Leg Sweep","floor":41.0},{"not_picked":["Heel Hook","Dagger Throw"],"picked":"Backflip","floor":45.0},{"not_picked":["Dagger Spray+1","Flying Knee","Finisher"],"picked":"Singing Bowl","floor":46.0},{"not_picked":["Slice+1","Tools of the Trade","Cloak And Dagger+1"],"picked":"Singing Bowl","floor":47.0},{"not_picked":["PiercingWail","Sucker Punch"],"picked":"Caltrops","floor":48.0},{"not_picked":["Dagger Spray","Crippling Poison+1"],"picked":"Calculated Gamble","floor":55}],"player_experience":5406479,"relics_obtained":[{"floor":8.0,"key":"Singing Bowl"},{"floor":9.0,"key":"Bag of Preparation"},{"floor":14.0,"key":"Smiling Mask"},{"floor":19.0,"key":"Torii"},{"floor":19.0,"key":"Gremlin Horn"},{"floor":25.0,"key":"Du-Vu Doll"},{"floor":26.0,"key":"Meat on the Bone"},{"floor":29.0,"key":"Sundial"},{"floor":31.0,"key":"Paper Crane"},{"floor":41.0,"key":"Whetstone"},{"floor":47.0,"key":"Dream Catcher"}],"event_choices":[{"damage_healed":0.0,"max_hp_gain":0.0,"max_hp_loss":0.0,"gold_gain":0.0,"event_name":"The Woman in Blue","player_choice":"Bought 2 Potions","floor":2.0,"gold_loss":0.0,"damage_taken":0.0},{"damage_healed":0.0,"max_hp_gain":0.0,"max_hp_loss":0.0,"gold_gain":0.0,"cards_transformed":["Strike_G"],"event_name":"Living Wall","player_choice":"Change","floor":5.0,"gold_loss":0.0,"damage_taken":0.0,"cards_obtained":["Footwork"]},{"damage_healed":0.0,"max_hp_gain":0.0,"max_hp_loss":0.0,"gold_gain":75.0,"event_name":"World of Goop","player_choice":"Gather Gold","floor":7.0,"gold_loss":0.0,"damage_taken":11.0},{"damage_healed":0.0,"max_hp_gain":0.0,"max_hp_loss":0.0,"gold_gain":0.0,"event_name":"Colosseum","player_choice":"Fight","floor":19.0,"gold_loss":0.0,"damage_taken":0.0},{"damage_healed":0.0,"max_hp_gain":0.0,"max_hp_loss":0.0,"gold_gain":0.0,"event_name":"Colosseum","player_choice":"Fought Nobs","floor":19.0,"gold_loss":0.0,"damage_taken":0.0},{"damage_healed":0.0,"max_hp_gain":0.0,"max_hp_loss":0.0,"gold_gain":0.0,"event_name":"Addict","player_choice":"Obtained Relic","floor":20.0,"gold_loss":85.0,"damage_taken":0.0,"relics_obtained":["Regal Pillow"]},{"damage_healed":0.0,"max_hp_gain":0.0,"max_hp_loss":21.0,"gold_gain":0.0,"event_name":"Vampires","player_choice":"Became a vampire","floor":21.0,"gold_loss":0.0,"damage_taken":0.0,"cards_obtained":["Bite","Bite","Bite","Bite","Bite"]}],"is_beta":false,"boss_relics":[{"not_picked":["Busted Crown","White Beast Statue"],"picked":"Cursed Key"},{"not_picked":["Lizard Tail","Sozu"],"picked":"Snecko Eye"}],"items_purged_floors":[27,30,36,44,54],"is_endless":false,"potions_floor_spawned":[4,8,11,24,25,29,31,33,39,41,46,47],"killed_by":"The Heart","ascension_level":20}