{"gold_per_floor":[115,115,132,149,36,70,70,102,126,146,181,201,376,388,388,487,487,487,487,487,130,130,130,5,5,5,5,5,5,5,5,5,5,5,5,5,5,5,5,5,5,5,5,5,5,5,5,5,5,5],"floor_reached":51,"playtime":9955,"items_purged":["Strike_R","Doubt","Strike_R"],"score":929,"play_id":"d5e9307e-a4dc-4fe4-b2de-b2e1aa917c40","local_time":"20190707015228","is_ascension_mode":true,"campfire_choices":[{"data":"Metallicize","floor":7.0,"key":"SMITH"},{"data":"Juggernaut","floor":15.0,"key":"SMITH"},{"data":"Body Slam","floor":25.0,"key":"SMITH"},{"data":"Dark Embrace","floor":29.0,"key":"SMITH"},{"data":"Corruption","floor":32.0,"key":"SMITH"},{"data":"Disarm","floor":41,"key":"SMITH"},{"data":"Double Tap","floor":44,"key":"SMITH"},{"data":"Inflame","floor":47,"key":"SMITH"},{"data":"Second Wind","floor":49,"key":"SMITH"}],"neow_cost":"NONE","seed_source_timestamp":0,"circlet_count":0,"master_deck":["Strike_R","Strike_R","Strike_R","Defend_R","Defend_R","Defend_R","Defend_R","Bash+1","Juggernaut+1","Power Through+1","Rage","Corruption+1","Metallicize+1","True Grit","Offering","Shrug It Off","Dual Wield","Inflame+1","Pommel Strike","Dark Embrace+1","Battle Trance","Second Wind+1","Body Slam+1","Disarm+1","Pommel Strike","Thunderclap","Offering","Thunderclap+1","Spot Weakness","Entrench","Double Tap+1","Shrug It Off+1","Warcry+1","Madness","Madness","Shockwave+1"],"special_seed":0,"relics":["Burning Blood","Centennial Puzzle","Strawberry","Vajra","Bag of Marbles","Ectoplasm","Happy Flower","Bird Faced Urn","Juzu Bracelet","Kunai","Torii","Bottled Flame","Busted Crown","Pear","PreservedInsect","MawBank"],"potions_floor_usage":[50],"damage_taken":[{"damage":6.0,"enemies":"Jaw Worm","floor":1.0,"turns":4.0},{"damage":0.0,"enemies":"2 Louse","floor":3.0,"turns":3.0},{"damage":0.0,"enemies":"Small Slimes","floor":4.0,"turns":4.0},{"damage":20.0,"enemies":"3 Sentries","floor":6.0,"turns":8.0},{"damage":16.0,"enemies":"Gremlin Nob","floor":8.0,"turns":4.0},{"damage":6.0,"enemies":"Exordium Thugs","floor":10.0,"turns":3.0},{"damage":6.0,"enemies":"Lagavulin","floor":11.0,"turns":6.0},{"damage":4.0,"enemies":"Looter","floor":12.0,"turns":4.0},{"damage":7.0,"enemies":"Large Slime","floor":14.0,"turns":6.0},{"damage":17.0,"enemies":"Slime Boss","floor":16.0,"turns":7.0},{"damage":12.0,"enemies":"3 Byrds","floor":18.0,"turns":5.0},{"damage":0.0,"enemies":"Chosen","floor":19.0,"turns":4.0},{"damage":11.0,"enemies":"Centurion and Healer","floor":20.0,"turns":6.0},{"damage":15.0,"enemies":"Book of Stabbing","floor":23.0,"turns":5.0},{"damage":4.0,"enemies":"Snake Plant","floor":27.0,"turns":4.0},{"damage":32.0,"enemies":"Slavers","floor":28.0,"turns":3.0},{"damage":9.0,"enemies":"Colosseum Slavers","floor":30.0,"turns":6.0},{"damage":15.0,"enemies":"Colosseum Nobs","floor":30.0,"turns":3.0},{"damage":15.0,"enemies":"Snecko","floor":31.0,"turns":5.0},{"damage":12.0,"enemies":"Collector","floor":33.0,"turns":7.0},{"damage":9,"enemies":"3 Shapes","floor":35,"turns":4},{"damage":0,"enemies":"Orb Walker","floor":38,"turns":4},{"damage":12,"enemies":"Reptomancer","floor":40,"turns":3},{"damage":7,"enemies":"Maw","floor":42,"turns":4},{"damage":20,"enemies":"Sphere and 2 Shapes","floor":45,"turns":5},{"damage":12,"enemies":"4 Shapes","floor":48,"turns":3},{"damage":21,"enemies":"Donu and Deca","floor":50,"turns":4}],"seed_played":"5128412973013585108","potions_obtained":[{"floor":1.0,"key":"Regen Potion"},{"floor":4.0,"key":"PowerPotion"},{"floor":6.0,"key":"PowerPotion"},{"floor":10.0,"key":"AttackPotion"},{"floor":12.0,"key":"SkillPotion"},{"floor":16.0,"key":"Ancient Potion"},{"floor":27.0,"key":"Energy Potion"},{"floor":28.0,"key":"SkillPotion"},{"floor":31.0,"key":"Fruit Juice"},{"floor":33.0,"key":"Energy Potion"},{"floor":38,"key":"Energy Potion"},{"floor":46,"key":"Block Potion"}],"is_trial":false,"path_per_floor":["M","?","M","M","$","E","R","E","T","M","E","M","?","M","R","B",null,"M","M","M","$","?","E","$","R","T","M","E","R","?","M","R","B",null,"M","?","T","M","?","E","R","M","T","R","M","?","R","M","R","B",null],"character_chosen":"IRONCLAD","items_purchased":["Metallicize","Happy Flower","Disarm","Pommel Strike"],"campfire_rested":0,"item_purchase_floors":[5,21,21,21],"current_hp_per_floor":[80,64,70,76,76,62,62,68,68,68,68,70,70,69,69,58,87,81,87,82,82,82,73,73,73,73,85,65,65,73,77,77,81,92,92,92,102,102,89,91,91,100,100,100,95,95,95,95,95,92],"gold":5,"neow_bonus":"ONE_RANDOM_RARE_CARD","is_prod":false,"is_daily":false,"chose_seed":false,"campfire_upgraded":9,"win_rate":0,"timestamp":1562489548,"path_taken":["M","?","M","M","$","E","R","E","T","M","E","M","?","M","R","BOSS","M","M","M","$","?","E","?","R","T","M","E","R","?","M","R","BOSS","M","?","?","M","?","E","R","M","T","R","M","?","R","M","R","BOSS"],"build_version":"2019-07-05","purchased_purges":3,"victory":true,"max_hp_per_floor":[80,80,80,80,80,80,80,87,87,87,87,87,87,87,87,87,87,87,87,87,87,87,87,87,87,87,87,87,87,87,92,92,92,92,92,92,102,102,102,102,102,102,102,102,102,102,102,102,102,102],"card_choices":[{"not_picked":["Iron Wave","Flame Barrier"],"picked":"Power Through","floor":1.0},{"not_picked":["Pommel Strike","Hemokinesis"],"picked":"Rage","floor":3.0},{"not_picked":["Headbutt","Armaments"],"picked":"Corruption","floor":4.0},{"not_picked":["Bloodletting","Hemokinesis"],"picked":"True Grit","floor":6.0},{"not_picked":["Searing Blow","Shrug It Off"],"picked":"Offering","floor":8.0},{"not_picked":["Corruption","Bloodletting"],"picked":"Shrug It Off","floor":10.0},{"not_picked":["Perfected Strike","Headbutt"],"picked":"Dual Wield","floor":11.0},{"not_picked":["Headbutt","Hemokinesis"],"picked":"Inflame","floor":12.0},{"not_picked":["Warcry","Flex"],"picked":"Pommel Strike","floor":14.0},{"not_picked":["Double Tap","Offering"],"picked":"Dark Embrace","floor":16.0},{"not_picked":["Shrug It Off","Seeing Red"],"picked":"Battle Trance","floor":18.0},{"not_picked":["Headbutt","Entrench"],"picked":"Second Wind","floor":19.0},{"not_picked":["Cleave","Rupture"],"picked":"Body Slam","floor":20.0},{"not_picked":["Twin Strike","Disarm"],"picked":"Thunderclap","floor":23.0},{"not_picked":["Body Slam","Combust"],"picked":"Offering","floor":27.0},{"not_picked":["Sever Soul","Flex"],"picked":"Thunderclap+1","floor":28.0},{"not_picked":["Cleave","Clash"],"picked":"Spot Weakness","floor":30.0},{"not_picked":["Battle Trance","Cleave"],"picked":"Entrench","floor":31.0},{"not_picked":["Offering","Reaper"],"picked":"Double Tap","floor":33.0},{"not_picked":[],"picked":"Shrug It Off+1","floor":35},{"not_picked":[],"picked":"Warcry+1","floor":38},{"not_picked":[],"picked":"Shockwave+1","floor":40},{"not_picked":["Hemokinesis"],"picked":"SKIP","floor":42},{"not_picked":["Seeing Red"],"picked":"SKIP","floor":45},{"not_picked":["Rage+1"],"picked":"SKIP","floor":48}],"player_experience":19572,"relics_obtained":[{"floor":6.0,"key":"Centennial Puzzle"},{"floor":8.0,"key":"Strawberry"},{"floor":9.0,"key":"Vajra"},{"floor":11.0,"key":"Bag of Marbles"},{"floor":23.0,"key":"Bird Faced Urn"},{"floor":26.0,"key":"Juzu Bracelet"},{"floor":28.0,"key":"Kunai"},{"floor":30.0,"key":"Torii"},{"floor":30.0,"key":"Bottled Flame"},{"floor":37,"key":"Pear"},{"floor":40,"key":"PreservedInsect"},{"floor":43,"key":"MawBank"}],"event_choices":[{"damage_healed":0.0,"max_hp_gain":0.0,"max_hp_loss":0.0,"gold_gain":0.0,"event_name":"Shining Light","player_choice":"Entered Light","floor":2.0,"gold_loss":0.0,"damage_taken":16.0,"cards_upgraded":["Power Through","Bash"]},{"damage_healed":0.0,"max_hp_gain":0.0,"max_hp_loss":0.0,"gold_gain":175.0,"event_name":"Liars Game","player_choice":"AGREE","floor":13.0,"gold_loss":0.0,"damage_taken":0.0,"cards_obtained":["Doubt"]},{"damage_healed":0.0,"max_hp_gain":0.0,"max_hp_loss":0.0,"gold_gain":0.0,"event_name":"The Woman in Blue","player_choice":"Bought 0 Potions","floor":22.0,"gold_loss":0.0,"damage_taken":0.0},{"damage_healed":0.0,"max_hp_gain":0.0,"max_hp_loss":0.0,"gold_gain":0.0,"event_name":"Colosseum","player_choice":"Fight","floor":30.0,"gold_loss":0.0,"damage_taken":0.0},{"damage_healed":0.0,"max_hp_gain":0.0,"max_hp_loss":0.0,"gold_gain":0.0,"event_name":"Colosseum","player_choice":"Fought Nobs","floor":30.0,"gold_loss":0.0,"damage_taken":0.0},{"damage_healed":0,"gold_gain":0,"player_choice":"Ignored","damage_taken":0,"max_hp_gain":0,"max_hp_loss":0,"event_name":"Mysterious Sphere","floor":36,"gold_loss":0},{"damage_healed":0,"gold_gain":0,"player_choice":"Embrace Madness","damage_taken":13,"max_hp_gain":0,"max_hp_loss":0,"event_name":"Winding Halls","floor":39,"gold_loss":0,"cards_obtained":["Madness","Madness"]},{"damage_healed":0,"gold_gain":0,"player_choice":"Got Potions","damage_taken":0,"max_hp_gain":0,"max_hp_loss":0,"event_name":"Lab","floor":46,"gold_loss":0}],"is_beta":false,"boss_relics":[{"not_picked":["Eternal Feather","Runic Pyramid"],"picked":"Ectoplasm"},{"not_picked":["Astrolabe","Orrery"],"picked":"Busted Crown"}],"items_purged_floors":[5,21,24],"is_endless":false,"potions_floor_spawned":[1,4,6,10,12,16,27,28,31,33,38,42,48],"ascension_level":1}