{"gold_per_floor":[117,42,42,0,10,10,26,26,26,26,42,67,67,99,99,176,176,187,187,203,213,213],"floor_reached":22,"playtime":387,"items_purged":[],"score":388,"play_id":"9bbf1127-577a-46e1-a9f6-ec4fc04ea2be","local_time":"20190708014851","is_ascension_mode":true,"campfire_choices":[{"data":"Recycle","floor":6,"key":"SMITH"},{"data":"Defragment","floor":8,"key":"SMITH"},{"data":"Dualcast","floor":10,"key":"SMITH"},{"data":"Defragment","floor":13,"key":"SMITH"},{"data":"Zap","floor":15,"key":"SMITH"}],"neow_cost":"NONE","seed_source_timestamp":442663447179400,"circlet_count":0,"master_deck":["AscendersBane","Strike_B","Strike_B","Strike_B","Defend_B","Defend_B","Defend_B","Zap+1","Dualcast+1","Genetic Algorithm","Recycle+1","Ball Lightning","Defragment+1","Hologram","Defragment+1","Lockon","Electrodynamics","Coolheaded","Leap"],"relics":["Cracked Core","NeowsBlessing","Meat on the Bone","Ginger","Orichalcum","Black Star"],"potions_floor_usage":[12,12],"damage_taken":[{"damage":0,"enemies":"Small Slimes","floor":1,"turns":1},{"damage":0,"enemies":"2 Louse","floor":5,"turns":1},{"damage":0,"enemies":"Jaw Worm","floor":7,"turns":1},{"damage":21,"enemies":"Large Slime","floor":11,"turns":4},{"damage":11,"enemies":"Gremlin Nob","floor":12,"turns":3},{"damage":27,"enemies":"Lagavulin","floor":14,"turns":6},{"damage":9,"enemies":"Hexaghost","floor":16,"turns":7},{"damage":3,"enemies":"3 Byrds","floor":18,"turns":2},{"damage":27,"enemies":"2 Thieves","floor":20,"turns":3},{"damage":12,"enemies":"3 Cultists","floor":21,"turns":5},{"damage":45,"enemies":"Shelled Parasite and Fungi","floor":22,"turns":3}],"seed_played":"-8649494493657049810","potions_obtained":[{"floor":1,"key":"FearPotion"},{"floor":7,"key":"Fire Potion"},{"floor":14,"key":"Explosive Potion"},{"floor":18,"key":"Dexterity Potion"}],"is_trial":false,"path_per_floor":["M","?","?","$","M","R","M","R","T","R","M","E","R","E","R","B",null,"M","?","M","M","M"],"character_chosen":"DEFECT","items_purchased":["Recycle"],"campfire_rested":0,"item_purchase_floors":[4],"current_hp_per_floor":[64,64,57,57,57,57,57,57,57,57,36,37,37,22,22,25,60,57,71,44,44,0],"gold":213,"neow_bonus":"THREE_ENEMY_KILL","is_prod":false,"is_daily":false,"chose_seed":false,"campfire_upgraded":5,"win_rate":0,"timestamp":1562518131,"path_taken":["M","?","?","?","M","R","M","R","T","R","M","E","R","E","R","BOSS","M","?","M","M","M"],"build_version":"2019-07-05","purchased_purges":0,"victory":false,"max_hp_per_floor":[71,71,71,71,71,71,71,71,71,71,71,71,71,71,71,71,71,71,71,71,71,71],"card_choices":[{"not_picked":["Beam Cell","Redo"],"picked":"Genetic Algorithm","floor":1},{"not_picked":["Rebound","Streamline"],"picked":"Ball Lightning","floor":5},{"not_picked":["Steam Power","Hologram"],"picked":"Defragment","floor":7},{"not_picked":["Redo","Reprogram"],"picked":"Hologram","floor":11},{"not_picked":["Creative AI","Go for the Eyes"],"picked":"Defragment","floor":12},{"not_picked":["Stack","Steam"],"picked":"Lockon","floor":14},{"not_picked":["Rainbow","Thunder Strike"],"picked":"Electrodynamics","floor":16},{"not_picked":["Double Energy","Compile Driver"],"picked":"Coolheaded","floor":18},{"not_picked":["Streamline+1","Capacitor","Ball Lightning"],"picked":"SKIP","floor":20},{"not_picked":["Sweeping Beam","Gash"],"picked":"Leap","floor":21}],"player_experience":5614790,"relics_obtained":[{"floor":9,"key":"Meat on the Bone"},{"floor":12,"key":"Ginger"},{"floor":14,"key":"Orichalcum"}],"event_choices":[{"cards_removed":["Strike_B"],"damage_healed":0,"gold_gain":0,"player_choice":"Card Removal","damage_taken":0,"max_hp_gain":0,"max_hp_loss":0,"event_name":"The Cleric","floor":2,"gold_loss":75},{"cards_removed":["Defend_B"],"damage_healed":0,"gold_gain":0,"player_choice":"Card Removal","damage_taken":7,"max_hp_gain":0,"max_hp_loss":0,"event_name":"Golden Wing","floor":3,"gold_loss":0},{"damage_healed":14,"gold_gain":0,"player_choice":"Full Heal","damage_taken":0,"max_hp_gain":0,"max_hp_loss":0,"event_name":"Wheel of Change","floor":19,"gold_loss":0}],"is_beta":false,"boss_relics":[{"not_picked":["Ectoplasm","Lizard Tail"],"picked":"Black Star"}],"items_purged_floors":[],"is_endless":false,"potions_floor_spawned":[1,7,14,18,20],"killed_by":"Shelled Parasite and Fungi","ascension_level":20}