{"gold_per_floor":[19,94,108,108,78,112,112,145,145,159,172,190,190,190,190,316,316,340,354,176,192,39,55,55,89,89,10,25,25,48,48],"floor_reached":31,"playtime":1650,"items_purged":[],"score":319,"play_id":"fab9c044-3187-489c-a308-6fa46cc2843a","local_time":"20190304214501","is_ascension_mode":true,"campfire_choices":[{"floor":7,"key":"REST"},{"floor":15,"key":"REST"},{"floor":24,"key":"REST"}],"neow_cost":"NO_GOLD","seed_source_timestamp":5633400267342,"circlet_count":0,"master_deck":["Strike_R","Strike_R","Strike_R","Strike_R","Defend_R","Defend_R","Defend_R","Bash","Shrug It Off","Body Slam","Seeing Red","Demon Form","Cleave","Twin Strike","Injury","Feed","Flame Barrier","Heavy Blade","Rage","Iron Wave","Writhe"],"special_seed":0,"relics":["Burning Blood","Art of War","Pen Nib","Blood Vial","Bottled Tornado","Golden Idol","Velvet Choker","Strawberry","Lantern","Peace Pipe","Pantograph","Unceasing Top","Singing Bowl"],"potions_floor_usage":[8,11,12,16,21,25,25,31],"damage_taken":[{"damage":7.0,"enemies":"2 Louse","floor":1.0,"turns":3.0},{"damage":7.0,"enemies":"Jaw Worm","floor":3.0,"turns":3.0},{"damage":41,"enemies":"3 Sentries","floor":6,"turns":12},{"damage":27,"enemies":"Lagavulin","floor":8,"turns":6},{"damage":0,"enemies":"Small Slimes","floor":10,"turns":3},{"damage":27,"enemies":"Gremlin Gang","floor":11,"turns":4},{"damage":21,"enemies":"Exordium Wildlife","floor":12,"turns":5},{"damage":23,"enemies":"Hexaghost","floor":16,"turns":8},{"damage":43,"enemies":"2 Thieves","floor":18,"turns":4},{"damage":15,"enemies":"Shell Parasite","floor":19,"turns":4},{"damage":18,"enemies":"Snake Plant","floor":21,"turns":3},{"damage":29,"enemies":"Shelled Parasite and Fungi","floor":23,"turns":6},{"damage":25,"enemies":"Book of Stabbing","floor":25,"turns":5},{"damage":16,"enemies":"3 Cultists","floor":28,"turns":5},{"damage":25,"enemies":"Chosen and Byrds","floor":30,"turns":5},{"damage":34,"enemies":"Shelled Parasite and Fungi","floor":31,"turns":3}],"seed_played":"-6701878746211814172","potions_obtained":[{"floor":5.0,"key":"PowerPotion"},{"floor":5.0,"key":"Strength Potion"},{"floor":8,"key":"PowerPotion"},{"floor":11,"key":"GamblersBrew"},{"floor":16,"key":"Explosive Potion"},{"floor":21,"key":"Fire Potion"},{"floor":23,"key":"GamblersBrew"},{"floor":30,"key":"BloodPotion"}],"is_trial":false,"path_per_floor":["M","?","M","T","?","E","R","E","T","M","M","M","?","?","R","B",null,"M","M","$","M","$","M","R","E","T","?","M","?","M","M"],"character_chosen":"IRONCLAD","items_purchased":["Flame Barrier","Strawberry","Lantern"],"campfire_rested":3,"item_purchase_floors":[20,20,22],"current_hp_per_floor":[79,68,67,67,67,32,56,35,35,43,24,11,11,11,35,20,80,46,42,49,42,42,24,53,39,39,39,31,31,16,0],"gold":48,"neow_bonus":"REMOVE_TWO","is_prod":false,"is_daily":false,"chose_seed":false,"campfire_upgraded":0,"win_rate":0,"timestamp":1551753901,"path_taken":["M","?","M","?","?","E","R","E","T","M","?","M","?","?","R","BOSS","M","M","$","M","$","M","R","E","T","?","?","?","M","M"],"build_version":"2019-01-23","purchased_purges":0,"victory":false,"max_hp_per_floor":[80,80,80,80,80,80,80,80,80,80,80,80,80,80,80,80,80,83,86,93,96,96,99,99,102,102,102,102,102,104,104],"card_choices":[{"not_picked":["Pommel Strike","Iron Wave"],"picked":"Shrug It Off","floor":1.0},{"not_picked":["Anger","Twin Strike"],"picked":"Body Slam","floor":3.0},{"not_picked":["Uppercut","Shrug It Off"],"picked":"Seeing Red","floor":6},{"not_picked":["Perfected Strike","Wild Strike"],"picked":"Demon Form","floor":8},{"not_picked":["Second Wind","Warcry","Flex"],"picked":"SKIP","floor":10},{"not_picked":["Uppercut","Juggernaut"],"picked":"Cleave","floor":11},{"not_picked":["Iron Wave","Evolve"],"picked":"Twin Strike","floor":12},{"not_picked":["Barricade","Fiend Fire"],"picked":"Feed","floor":16},{"not_picked":["Body Slam","Flex","Warcry"],"picked":"SKIP","floor":18},{"not_picked":["Cleave","Intimidate","Havoc"],"picked":"SKIP","floor":19},{"not_picked":["Hemokinesis+1","Body Slam"],"picked":"Heavy Blade","floor":21},{"not_picked":["Entrench+1","Clash"],"picked":"Rage","floor":23},{"not_picked":["Searing Blow","Wild Strike","Warcry"],"picked":"SKIP","floor":25},{"not_picked":["Twin Strike","Anger+1"],"picked":"Iron Wave","floor":28},{"not_picked":["Twin Strike","Perfected Strike","Bloodletting"],"picked":"Singing Bowl","floor":30}],"player_experience":98342,"relics_obtained":[{"floor":4.0,"key":"Art of War"},{"floor":6,"key":"Pen Nib"},{"floor":8,"key":"Blood Vial"},{"floor":9,"key":"Bottled Tornado"},{"floor":25,"key":"Peace Pipe"},{"floor":26,"key":"Pantograph"}],"event_choices":[{"damage_healed":0.0,"max_hp_gain":0.0,"max_hp_loss":0.0,"gold_gain":75.0,"event_name":"World of Goop","player_choice":"Gather Gold","floor":2.0,"gold_loss":0.0,"damage_taken":11.0},{"damage_healed":0.0,"max_hp_gain":0.0,"max_hp_loss":0.0,"gold_gain":0.0,"event_name":"The Woman in Blue","player_choice":"Bought 2 Potions","floor":5.0,"gold_loss":0.0,"damage_taken":0.0},{"damage_healed":0,"gold_gain":0,"player_choice":"Take Wound","damage_taken":0,"relics_obtained":["Golden Idol"],"max_hp_gain":0,"max_hp_loss":0,"event_name":"Golden Idol","floor":13,"gold_loss":0,"cards_obtained":["Injury"]},{"damage_healed":0,"gold_gain":0,"player_choice":"Searched \u00270\u0027 times","damage_taken":0,"max_hp_gain":0,"max_hp_loss":0,"event_name":"Dead Adventurer","floor":14,"gold_loss":0},{"damage_healed":0,"gold_gain":0,"player_choice":"Paid Gold","damage_taken":0,"relics_obtained":["Unceasing Top"],"max_hp_gain":0,"max_hp_loss":0,"event_name":"WeMeetAgain","floor":27,"gold_loss":79},{"damage_healed":0,"gold_gain":0,"player_choice":"Opened","damage_taken":0,"relics_obtained":["Singing Bowl"],"max_hp_gain":0,"max_hp_loss":0,"event_name":"The Mausoleum","floor":29,"gold_loss":0,"cards_obtained":["Writhe"]}],"is_beta":false,"boss_relics":[{"not_picked":["Mark of Pain","White Beast Statue"],"picked":"Velvet Choker"}],"items_purged_floors":[],"is_endless":false,"potions_floor_spawned":[8,11,16,21,23,30],"killed_by":"Shelled Parasite and Fungi","ascension_level":2}