{"gold_per_floor":[12,32,32,47,58,58,90,140,140,140,169,187,187],"floor_reached":13,"playtime":279,"items_purged":[],"score":190,"play_id":"029f5a76-12d6-491e-a1c9-7521f8b6a40f","local_time":"20190626005718","is_ascension_mode":true,"campfire_choices":[{"data":"Beam Cell","floor":6,"key":"SMITH"},{"data":"Dualcast","floor":10,"key":"SMITH"}],"neow_cost":"NO_GOLD","seed_source_timestamp":627630801919900,"circlet_count":0,"master_deck":["AscendersBane","Strike_B+1","Strike_B","Strike_B","Strike_B+1","Defend_B","Defend_B","Defend_B","Defend_B","Zap","Dualcast+1","Beam Cell+1","Ball Lightning","Gash","Gash","Echo Form","Sweeping Beam","Skim+1"],"relics":["Cracked Core","Ginger","Whetstone","PreservedInsect","Toxic Egg 2"],"potions_floor_usage":[7,13],"damage_taken":[{"damage":0,"enemies":"Small Slimes","floor":1,"turns":2},{"damage":2,"enemies":"Jaw Worm","floor":2,"turns":4},{"damage":1,"enemies":"Cultist","floor":4,"turns":3},{"damage":7,"enemies":"Looter","floor":5,"turns":3},{"damage":15,"enemies":"Lagavulin","floor":7,"turns":6},{"damage":4,"enemies":"Gremlin Nob","floor":11,"turns":3},{"damage":12,"enemies":"Gremlin Gang","floor":12,"turns":4},{"damage":36,"enemies":"Exordium Thugs","floor":13,"turns":3}],"seed_played":"-2970135494748550020","potions_obtained":[{"floor":2,"key":"SpeedPotion"},{"floor":4,"key":"Strength Potion"},{"floor":12,"key":"Swift Potion"}],"is_trial":false,"path_per_floor":["M","M","?","M","M","R","E","?","T","R","E","M","M"],"character_chosen":"DEFECT","items_purchased":[],"campfire_rested":0,"item_purchase_floors":[],"current_hp_per_floor":[64,62,62,61,54,54,39,39,39,39,35,23,0],"gold":187,"neow_bonus":"ONE_RARE_RELIC","is_prod":false,"is_daily":false,"chose_seed":false,"campfire_upgraded":2,"win_rate":0,"timestamp":1561478238,"path_taken":["M","M","?","M","M","R","E","?","T","R","E","?","M"],"build_version":"2019-01-23","purchased_purges":0,"victory":false,"max_hp_per_floor":[71,71,71,71,71,71,71,71,71,71,71,71,71],"card_choices":[{"not_picked":["Turbo","Genetic Algorithm"],"picked":"Beam Cell","floor":1},{"not_picked":["BootSequence","Go for the Eyes"],"picked":"Ball Lightning","floor":2},{"not_picked":["Chill","Skim"],"picked":"Gash","floor":4},{"not_picked":["Rebound","Compile Driver"],"picked":"Gash","floor":5},{"not_picked":["BootSequence","Hello World"],"picked":"Echo Form","floor":7},{"not_picked":["Streamline","Hello World"],"picked":"Sweeping Beam","floor":11},{"not_picked":["Go for the Eyes","Genetic Algorithm+1"],"picked":"Skim+1","floor":12}],"player_experience":5489409,"relics_obtained":[{"floor":7,"key":"Whetstone"},{"floor":9,"key":"PreservedInsect"},{"floor":11,"key":"Toxic Egg 2"}],"event_choices":[{"damage_healed":0,"gold_gain":0,"player_choice":"Leave","damage_taken":0,"max_hp_gain":0,"max_hp_loss":0,"event_name":"The Cleric","floor":3,"gold_loss":0},{"damage_healed":0,"gold_gain":50,"player_choice":"Pray","damage_taken":0,"max_hp_gain":0,"max_hp_loss":0,"event_name":"Golden Shrine","floor":8,"gold_loss":0}],"is_beta":false,"boss_relics":[],"items_purged_floors":[],"is_endless":false,"potions_floor_spawned":[2,4,12],"killed_by":"Exordium Thugs","ascension_level":20}