{"gold_per_floor":[117,130,147,158,174,174,203,203,229,257,268,295,311,329,329,329],"floor_reached":16,"playtime":523,"items_purged":[],"score":252,"play_id":"4e447fd4-cf28-4b6a-be7d-8839bcfe3ee8","local_time":"20190711001447","is_ascension_mode":true,"campfire_choices":[{"data":"Blood for Blood","floor":6,"key":"SMITH"},{"floor":8,"key":"REST"},{"data":"Dual Wield","floor":15,"key":"SMITH"}],"neow_cost":"CURSE","seed_source_timestamp":23172265650500,"circlet_count":0,"master_deck":["AscendersBane","Strike_R","Strike_R","Strike_R","Strike_R","Strike_R","Defend_R","Defend_R","Defend_R","Defend_R","Bash","Normality","Wild Strike","Blood for Blood+1","Second Wind","Anger","Battle Trance","Feel No Pain","Cleave","Body Slam","Dual Wield+1","Reckless Charge"],"relics":["Burning Blood","Incense Burner","Singing Bowl","Regal Pillow","Strawberry","Omamori"],"potions_floor_usage":[7,14,16],"damage_taken":[{"damage":18,"enemies":"Cultist","floor":1,"turns":5},{"damage":2,"enemies":"2 Louse","floor":2,"turns":5},{"damage":9,"enemies":"Jaw Worm","floor":3,"turns":4},{"damage":9,"enemies":"Blue Slaver","floor":4,"turns":5},{"damage":10,"enemies":"2 Fungi Beasts","floor":5,"turns":4},{"damage":29,"enemies":"Gremlin Nob","floor":7,"turns":4},{"damage":22,"enemies":"3 Sentries","floor":10,"turns":11},{"damage":24,"enemies":"Gremlin Gang","floor":11,"turns":3},{"damage":16,"enemies":"Lagavulin","floor":12,"turns":6},{"damage":1,"enemies":"Looter","floor":13,"turns":4},{"damage":8,"enemies":"Lots of Slimes","floor":14,"turns":7},{"damage":22,"enemies":"Hexaghost","floor":16,"turns":7}],"seed_played":"-6302571862211095533","potions_obtained":[{"floor":2,"key":"SmokeBomb"},{"floor":4,"key":"AttackPotion"},{"floor":11,"key":"Energy Potion"},{"floor":12,"key":"Fire Potion"},{"floor":14,"key":"GamblersBrew"}],"is_trial":false,"path_per_floor":["M","M","M","M","M","R","E","R","T","E","M","E","M","M","R","B"],"character_chosen":"IRONCLAD","items_purchased":[],"campfire_rested":1,"item_purchase_floors":[],"current_hp_per_floor":[56,60,57,54,50,50,27,49,49,40,24,14,19,17,17,0],"gold":329,"neow_bonus":"ONE_RARE_RELIC","is_prod":false,"is_daily":false,"chose_seed":false,"campfire_upgraded":2,"win_rate":0,"timestamp":1562771687,"path_taken":["M","M","?","M","M","R","E","R","T","E","M","E","M","M","R","BOSS"],"build_version":"2019-07-05","purchased_purges":0,"victory":false,"max_hp_per_floor":[75,75,75,75,75,75,75,75,75,82,84,84,84,84,84,84],"card_choices":[{"not_picked":["Power Through","Clash"],"picked":"Wild Strike","floor":1},{"not_picked":["Havoc","Twin Strike"],"picked":"Blood for Blood","floor":2},{"not_picked":["Pummel","Shrug It Off"],"picked":"Second Wind","floor":3},{"not_picked":["Dual Wield","Warcry"],"picked":"Anger","floor":4},{"not_picked":["Pommel Strike","Flex"],"picked":"Battle Trance","floor":5},{"not_picked":["Impervious","Metallicize"],"picked":"Feel No Pain","floor":7},{"not_picked":["Pommel Strike","Dropkick"],"picked":"Cleave","floor":10},{"not_picked":["True Grit","Armaments","Flex"],"picked":"Singing Bowl","floor":11},{"not_picked":["Wild Strike","Twin Strike"],"picked":"Body Slam","floor":12},{"not_picked":["True Grit","Metallicize"],"picked":"Dual Wield","floor":13},{"not_picked":["Flex","Perfected Strike"],"picked":"Reckless Charge","floor":14}],"player_experience":5638769,"relics_obtained":[{"floor":7,"key":"Singing Bowl"},{"floor":9,"key":"Regal Pillow"},{"floor":10,"key":"Strawberry"},{"floor":12,"key":"Omamori"}],"event_choices":[],"is_beta":false,"boss_relics":[],"items_purged_floors":[],"is_endless":false,"potions_floor_spawned":[2,4,11,12,13,14],"killed_by":"Hexaghost","ascension_level":20}