{"gold_per_floor":[116,126,126,136,63,63,63,63,117,117,150,161,161,192,192,270,270,289,83,94,94,108,108,140,140,140,140,140,23,49,49,49,49],"floor_reached":33,"playtime":721,"items_purged":[],"score":491,"play_id":"e7e3cf70-a86f-4ec2-b0f1-836bdb70ea43","local_time":"20190713103440","is_ascension_mode":true,"campfire_choices":[{"data":"Bash","floor":6,"key":"SMITH"},{"data":"Armaments","floor":8,"key":"SMITH"},{"data":"Pommel Strike","floor":10,"key":"SMITH"},{"data":"Perfected Strike","floor":13,"key":"SMITH"},{"data":"Pommel Strike","floor":15,"key":"SMITH"},{"floor":23,"key":"REST"},{"floor":28,"key":"REST"},{"data":"Perfected Strike","floor":32,"key":"SMITH"}],"neow_cost":"NONE","seed_source_timestamp":1892145570618440,"circlet_count":0,"master_deck":["AscendersBane","Strike_R","Strike_R","Strike_R","Strike_R","Strike_R","Defend_R","Defend_R","Defend_R","Defend_R","Bash+1","Cleave","Clothesline","Pommel Strike+1","Pommel Strike+1","Armaments+1","Cleave","Perfected Strike+1","Impervious","True Grit+1","Perfected Strike+1","Sword Boomerang","Twin Strike","Seeing Red","Ghostly Armor","Sentinel","Shrug It Off","RitualDagger"],"relics":["Black Blood","NeowsBlessing","Kunai","PreservedInsect","Dodecahedron","Strawberry","Regal Pillow","Blue Candle","Pen Nib","Juzu Bracelet"],"potions_floor_usage":[],"damage_taken":[{"damage":0,"enemies":"Cultist","floor":1,"turns":1},{"damage":0,"enemies":"Small Slimes","floor":2,"turns":1},{"damage":0,"enemies":"Jaw Worm","floor":4,"turns":1},{"damage":16,"enemies":"Gremlin Nob","floor":11,"turns":3},{"damage":19,"enemies":"Exordium Thugs","floor":12,"turns":4},{"damage":14,"enemies":"3 Sentries","floor":14,"turns":4},{"damage":8,"enemies":"Slime Boss","floor":16,"turns":8},{"damage":47,"enemies":"2 Thieves","floor":18,"turns":4},{"damage":1,"enemies":"Spheric Guardian","floor":20,"turns":3},{"damage":19,"enemies":"Centurion and Healer","floor":22,"turns":5},{"damage":64,"enemies":"Book of Stabbing","floor":24,"turns":5},{"damage":18,"enemies":"Gremlin Leader","floor":30,"turns":5},{"damage":100,"enemies":"Automaton","floor":33,"turns":10}],"seed_played":"2741427918239865753","potions_obtained":[{"floor":4,"key":"PowerPotion"},{"floor":11,"key":"SpeedPotion"},{"floor":14,"key":"SkillPotion"},{"floor":18,"key":"Ancient Potion"},{"floor":21,"key":"FairyPotion"}],"is_trial":false,"path_per_floor":["M","M","$","M","$","R","T","R","T","R","E","M","R","E","R","B",null,"M","$","M","?","M","R","E","?","T","$","R","$","E","?","R","B"],"character_chosen":"IRONCLAD","items_purchased":["Pommel Strike","Armaments","Perfected Strike","Regal Pillow","Ghostly Armor","Sentinel"],"campfire_rested":2,"item_purchase_floors":[5,5,19,19,29,29],"current_hp_per_floor":[74,75,75,75,75,75,75,75,75,75,65,52,52,51,51,49,74,37,37,46,46,37,76,22,49,49,49,82,82,74,68,68,0],"gold":49,"neow_bonus":"THREE_ENEMY_KILL","is_prod":false,"is_daily":false,"chose_seed":false,"campfire_upgraded":6,"win_rate":0,"timestamp":1563010480,"path_taken":["M","M","$","?","$","R","?","R","T","R","E","M","R","E","R","BOSS","M","$","M","?","?","R","E","?","T","$","R","?","E","?","R","BOSS"],"build_version":"2019-07-05","purchased_purges":0,"victory":false,"max_hp_per_floor":[75,75,75,75,75,75,75,75,75,75,75,75,75,82,82,82,82,82,82,82,82,82,82,82,82,82,82,82,82,82,82,82,82],"card_choices":[{"not_picked":["Heavy Blade","Flex"],"picked":"Cleave","floor":1},{"not_picked":["Sever Soul","Dual Wield"],"picked":"Clothesline","floor":2},{"not_picked":["Bloodletting","Wild Strike"],"picked":"Pommel Strike","floor":4},{"not_picked":["Inflame","Metallicize"],"picked":"Cleave","floor":11},{"not_picked":["Sword Boomerang","Armaments"],"picked":"Perfected Strike","floor":12},{"not_picked":["Heavy Blade","True Grit"],"picked":"Impervious","floor":14},{"not_picked":["Warcry","Battle Trance"],"picked":"True Grit+1","floor":18},{"not_picked":["Combust","Body Slam"],"picked":"Sword Boomerang","floor":20},{"not_picked":["Heavy Blade","Armaments"],"picked":"Twin Strike","floor":22},{"not_picked":["Clash","True Grit"],"picked":"Seeing Red","floor":24},{"not_picked":["Second Wind","Dual Wield"],"picked":"Shrug It Off","floor":30}],"player_experience":387398,"relics_obtained":[{"floor":7,"key":"Kunai"},{"floor":9,"key":"PreservedInsect"},{"floor":11,"key":"Dodecahedron"},{"floor":14,"key":"Strawberry"},{"floor":24,"key":"Blue Candle"},{"floor":26,"key":"Pen Nib"},{"floor":30,"key":"Juzu Bracelet"}],"event_choices":[{"damage_healed":0,"gold_gain":0,"player_choice":"Got Potions","damage_taken":0,"max_hp_gain":0,"max_hp_loss":0,"event_name":"Lab","floor":21,"gold_loss":0},{"damage_healed":27,"gold_gain":0,"player_choice":"Heal","damage_taken":0,"max_hp_gain":0,"max_hp_loss":0,"event_name":"The Library","floor":25,"gold_loss":0},{"damage_healed":0,"gold_gain":0,"player_choice":"Joined the Cult","damage_taken":6,"max_hp_gain":0,"max_hp_loss":0,"event_name":"Nest","floor":31,"gold_loss":0,"cards_obtained":["RitualDagger"]}],"is_beta":false,"boss_relics":[{"not_picked":["Calling Bell","Tiny House"],"picked":"Black Blood"}],"items_purged_floors":[],"is_endless":false,"potions_floor_spawned":[4,11,14,16,18,30],"killed_by":"Automaton","ascension_level":14}