{"gold_per_floor":[109,109,123,123,123,123,159,159,159,183,197,54,54,94,94,219,219,243,243,243,266,290,290,321,345,370,386,486,486,522,543,543,664,664,679,94,94,110,443,443,473,473,473,498,509,62,62,89,89,89],"floor_reached":51,"playtime":3248,"items_purged":["Regret"],"score":1115,"play_id":"605616d7-6223-4d6d-aae3-43394f113ee1","local_time":"20190716132427","is_ascension_mode":true,"campfire_choices":[{"data":"Redo","floor":6,"key":"SMITH"},{"data":"Consume","floor":8,"key":"SMITH"},{"data":"Capacitor","floor":13,"key":"SMITH"},{"data":"Zap","floor":15,"key":"SMITH"},{"floor":23,"key":"REST"},{"floor":29,"key":"REST"},{"floor":32,"key":"REST"},{"floor":40,"key":"REST"},{"floor":42,"key":"REST"},{"floor":47,"key":"REST"},{"floor":49,"key":"REST"}],"neow_cost":"NONE","seed_source_timestamp":66270495967700,"circlet_count":0,"master_deck":["Strike_B","Strike_B","Strike_B","Strike_B+1","Defend_B","Defend_B","Defend_B","Zap+1","Dualcast","Conserve Battery","Redo+1","Consume+1","Hologram","Electrodynamics","Capacitor+1","Cold Snap","Machine Learning","Melter+1","Writhe","Ball Lightning","Blizzard","Go for the Eyes","Compile Driver+1","Coolheaded+1","Coolheaded","Buffer","Compile Driver+1","FTL","Skim+1","Cold Snap","BootSequence","Coolheaded+1","Glacier+1"],"relics":["Cracked Core","NeowsBlessing","Ancient Tea Set","FaceOfCleric","Happy Flower","Letter Opener","Bronze Scales","Fusion Hammer","Potion Belt","Whetstone","Blood Vial","Gambling Chip","Black Star","Cables","Mercury Hourglass","Mummified Hand","Vajra","Meat on the Bone","Pen Nib","Boot","Runic Capacitor","PreservedInsect","Turnip","Mango"],"potions_floor_usage":[11,16,24,24,41,44,50],"damage_taken":[{"damage":0,"enemies":"2 Louse","floor":1,"turns":1},{"damage":0,"enemies":"Jaw Worm","floor":3,"turns":1},{"damage":0,"enemies":"3 Sentries","floor":7,"turns":1},{"damage":1,"enemies":"Cultist","floor":10,"turns":3},{"damage":0,"enemies":"Lots of Slimes","floor":11,"turns":2},{"damage":16,"enemies":"Gremlin Nob","floor":14,"turns":3},{"damage":16,"enemies":"Hexaghost","floor":16,"turns":8},{"damage":9,"enemies":"Shell Parasite","floor":18,"turns":5},{"damage":18,"enemies":"2 Thieves","floor":21,"turns":3},{"damage":3,"enemies":"Sentry and Sphere","floor":22,"turns":4},{"damage":20,"enemies":"Slavers","floor":24,"turns":3},{"damage":15,"enemies":"Chosen and Byrds","floor":25,"turns":4},{"damage":19,"enemies":"Snecko","floor":27,"turns":5},{"damage":15,"enemies":"Gremlin Leader","floor":30,"turns":5},{"damage":24,"enemies":"Cultist and Chosen","floor":31,"turns":5},{"damage":24,"enemies":"Champ","floor":33,"turns":11},{"damage":19,"enemies":"3 Shapes","floor":35,"turns":4},{"damage":0,"enemies":"Orb Walker","floor":38,"turns":3},{"damage":24,"enemies":"Giant Head","floor":41,"turns":8},{"damage":20,"enemies":"Reptomancer","floor":44,"turns":5},{"damage":9,"enemies":"4 Shapes","floor":45,"turns":3},{"damage":0,"enemies":"Giant Head","floor":48,"turns":6},{"damage":7,"enemies":"Awakened One","floor":50,"turns":11}],"seed_played":"5490645485930512989","potions_obtained":[{"floor":3,"key":"EssenceOfSteel"},{"floor":10,"key":"Explosive Potion"},{"floor":11,"key":"Dexterity Potion"},{"floor":22,"key":"Swift Potion"},{"floor":24,"key":"FearPotion"},{"floor":30,"key":"Explosive Potion"},{"floor":33,"key":"Strength Potion"},{"floor":41,"key":"FearPotion"},{"floor":44,"key":"SteroidPotion"}],"is_trial":false,"path_per_floor":["M","?","M","?","?","R","E","R","T","M","M","$","R","E","R","B",null,"M","?","?","M","M","R","E","M","T","M","?","R","E","M","R","B",null,"M","$","?","M","?","R","E","R","T","E","M","$","R","E","R","B",null],"character_chosen":"DEFECT","items_purchased":["Capacitor","Cables","FTL","Mercury Hourglass","Runic Capacitor","PreservedInsect","Fire Potion","SpeedPotion"],"campfire_rested":7,"item_purchase_floors":[12,36,36,36,46,46,46,46],"current_hp_per_floor":[68,50,50,50,50,50,51,51,51,51,52,52,52,37,37,22,66,58,58,58,41,39,63,44,30,30,14,14,39,27,6,32,11,70,54,54,54,57,57,84,63,90,90,73,67,67,94,109,109,103],"gold":89,"neow_bonus":"THREE_ENEMY_KILL","is_prod":false,"is_daily":false,"chose_seed":false,"campfire_upgraded":4,"win_rate":0,"timestamp":1563297867,"path_taken":["M","?","M","?","?","R","E","R","T","?","?","$","R","E","R","BOSS","M","?","?","?","?","R","E","M","T","M","?","R","E","?","R","BOSS","M","$","?","M","?","R","E","R","T","E","M","$","R","E","R","BOSS"],"build_version":"2019-07-05","purchased_purges":1,"victory":true,"max_hp_per_floor":[75,75,75,75,75,75,76,76,76,77,78,78,78,79,79,80,80,81,81,81,82,83,83,84,85,85,86,86,86,87,88,88,89,89,90,90,90,91,91,91,92,92,92,93,94,94,94,109,109,110],"card_choices":[{"not_picked":["Streamline","Stack"],"picked":"Conserve Battery","floor":1},{"not_picked":["Beam Cell","Fusion"],"picked":"Redo","floor":3},{"not_picked":["Scrape","Cold Snap"],"picked":"Consume","floor":7},{"not_picked":["Gash","Beam Cell"],"picked":"Hologram","floor":10},{"not_picked":["Barrage","Sweeping Beam"],"picked":"Electrodynamics","floor":11},{"not_picked":["Hello World","Consume"],"picked":"Cold Snap","floor":14},{"not_picked":["Rainbow","Creative AI"],"picked":"Machine Learning","floor":16},{"not_picked":["Heatsinks","Go for the Eyes"],"picked":"Melter","floor":18},{"not_picked":["Leap","Streamline"],"picked":"Ball Lightning","floor":21},{"not_picked":["Sunder","Genetic Algorithm"],"picked":"Blizzard","floor":22},{"not_picked":["Go for the Eyes","Turbo","Beam Cell"],"picked":"SKIP","floor":24},{"not_picked":["Turbo","Beam Cell"],"picked":"Go for the Eyes","floor":24},{"not_picked":["Cold Snap","Hologram"],"picked":"Compile Driver+1","floor":25},{"not_picked":["Ball Lightning","Sweeping Beam","Conserve Battery+1"],"picked":"SKIP","floor":27},{"not_picked":["Chaos","Heatsinks"],"picked":"Coolheaded+1","floor":30},{"not_picked":["Steam Power","Hologram"],"picked":"Coolheaded","floor":31},{"not_picked":["All For One","Biased Cognition"],"picked":"Buffer","floor":33},{"not_picked":["Turbo+1","Streamline"],"picked":"Compile Driver+1","floor":35},{"not_picked":["Lockon","White Noise+1"],"picked":"Skim+1","floor":38},{"not_picked":["Steam+1","Rip and Tear"],"picked":"Cold Snap","floor":41},{"not_picked":["Amplify","Leap+1"],"picked":"BootSequence","floor":44},{"not_picked":["Heatsinks","Undo+1"],"picked":"Coolheaded+1","floor":45},{"not_picked":["Darkness","Cold Snap+1"],"picked":"Glacier+1","floor":48}],"player_experience":230226,"relics_obtained":[{"floor":7,"key":"Happy Flower"},{"floor":9,"key":"Letter Opener"},{"floor":14,"key":"Bronze Scales"},{"floor":24,"key":"Whetstone"},{"floor":26,"key":"Blood Vial"},{"floor":30,"key":"Gambling Chip"},{"floor":41,"key":"Mummified Hand"},{"floor":41,"key":"Vajra"},{"floor":43,"key":"Meat on the Bone"},{"floor":44,"key":"Pen Nib"},{"floor":44,"key":"Boot"},{"floor":48,"key":"Turnip"},{"floor":48,"key":"Mango"}],"event_choices":[{"damage_healed":0,"gold_gain":0,"player_choice":"Take Damage","damage_taken":18,"relics_obtained":["Golden Idol"],"max_hp_gain":0,"max_hp_loss":0,"event_name":"Golden Idol","floor":2,"gold_loss":0},{"damage_healed":0,"gold_gain":0,"player_choice":"Box","damage_taken":0,"relics_obtained":["Ancient Tea Set"],"max_hp_gain":0,"max_hp_loss":0,"event_name":"Big Fish","floor":4,"gold_loss":0,"cards_obtained":["Regret"]},{"damage_healed":0,"gold_gain":0,"player_choice":"Trade","damage_taken":0,"relics_obtained":["FaceOfCleric"],"max_hp_gain":0,"max_hp_loss":0,"event_name":"FaceTrader","floor":5,"gold_loss":0},{"damage_healed":0,"gold_gain":0,"player_choice":"Opened","damage_taken":0,"relics_obtained":["Potion Belt"],"max_hp_gain":0,"max_hp_loss":0,"event_name":"The Mausoleum","floor":19,"gold_loss":0,"cards_obtained":["Writhe"]},{"damage_healed":0,"gold_gain":0,"player_choice":"0 cards matched","damage_taken":0,"max_hp_gain":0,"max_hp_loss":0,"event_name":"Match and Keep!","floor":20,"gold_loss":0,"cards_obtained":[]},{"damage_healed":0,"gold_gain":100,"player_choice":"Pray","damage_taken":0,"max_hp_gain":0,"max_hp_loss":0,"event_name":"Golden Shrine","floor":28,"gold_loss":0},{"cards_removed":["Defend_B"],"damage_healed":0,"gold_gain":0,"player_choice":"Removed Skill","damage_taken":0,"max_hp_gain":0,"max_hp_loss":0,"event_name":"Falling","floor":37,"gold_loss":0},{"damage_healed":0,"gold_gain":333,"player_choice":"Gave Idol","damage_taken":0,"max_hp_gain":0,"max_hp_loss":0,"event_name":"The Moai Head","floor":39,"relics_lost":["Golden Idol"],"gold_loss":0}],"is_beta":false,"boss_relics":[{"not_picked":["White Beast Statue","Runic Dome"],"picked":"Fusion Hammer"},{"not_picked":["Lizard Tail","Tiny House"],"picked":"Black Star"}],"items_purged_floors":[12],"is_endless":false,"potions_floor_spawned":[3,10,11,22,24,30,33,41,44],"ascension_level":6}