{"gold_per_floor":[12,12,12,32,45,45,58,58,58,58,58,101,116,132,132,221,284,308,333,333,7,21,21,37,37,60,60,60,60,75,75,75,164,164,184,184,5,5,23,23,23],"floor_reached":41,"playtime":1298,"items_purged":["Strike_G","Defend_G"],"score":882,"play_id":"b3e373de-4ca2-4f59-bb36-53d5a298c13c","local_time":"20190612012526","is_ascension_mode":true,"campfire_choices":[{"data":"Terror","floor":6,"key":"SMITH"},{"data":"Dagger Spray","floor":10,"key":"SMITH"},{"data":"Cloak And Dagger","floor":15,"key":"SMITH"},{"data":"Bullet Time","floor":23,"key":"SMITH"},{"data":"Tactician","floor":25,"key":"SMITH"},{"data":"Acrobatics","floor":28,"key":"SMITH"},{"floor":32,"key":"REST"},{"floor":40,"key":"REST"}],"neow_cost":"NO_GOLD","seed_source_timestamp":1395302283861700,"circlet_count":0,"master_deck":["AscendersBane","Defend_G","Defend_G","Defend_G","Survivor","Neutralize","Dagger Spray+1","Dash","Terror+1","Backstab+1","Doppelganger","Leg Sweep","Cloak And Dagger+1","Bullet Time+1","Deadly Poison","PiercingWail","Unload","Deadly Poison","Acrobatics+1","Tactician+1","Blur+1","Malaise","Acrobatics+1","Noxious Fumes"],"relics":["Ring of the Snake","Golden Idol","Gremlin Horn","Anchor","Tiny House","TwistedFunnel","Nilry\u0027s Codex","Empty Cage"],"potions_floor_usage":[12,16,16,30,33,33,39,41],"damage_taken":[{"damage":2,"enemies":"2 Louse","floor":1,"turns":5},{"damage":8,"enemies":"Jaw Worm","floor":4,"turns":6},{"damage":0,"enemies":"Cultist","floor":5,"turns":3},{"damage":0,"enemies":"2 Fungi Beasts","floor":7,"turns":3},{"damage":25,"enemies":"3 Sentries","floor":12,"turns":8},{"damage":0,"enemies":"Looter","floor":13,"turns":2},{"damage":0,"enemies":"Exordium Wildlife","floor":14,"turns":2},{"damage":0,"enemies":"The Guardian","floor":16,"turns":11},{"damage":29,"enemies":"Spheric Guardian","floor":18,"turns":8},{"damage":1,"enemies":"3 Byrds","floor":19,"turns":7},{"damage":0,"enemies":"Centurion and Healer","floor":22,"turns":6},{"damage":0,"enemies":"3 Cultists","floor":24,"turns":5},{"damage":14,"enemies":"Shelled Parasite and Fungi","floor":30,"turns":4},{"damage":21,"enemies":"Automaton","floor":33,"turns":15},{"damage":40,"enemies":"3 Darklings","floor":35,"turns":11},{"damage":3,"enemies":"Orb Walker","floor":39,"turns":3},{"damage":34,"enemies":"Giant Head","floor":41,"turns":5}],"seed_played":"-4086430830622055213","potions_obtained":[{"floor":5,"key":"AttackPotion"},{"floor":7,"key":"Regen Potion"},{"floor":12,"key":"Block Potion"},{"floor":17,"key":"Dexterity Potion"},{"floor":19,"key":"Dexterity Potion"},{"floor":24,"key":"Regen Potion"},{"floor":30,"key":"AttackPotion"},{"floor":38,"key":"SkillPotion"},{"floor":38,"key":"SkillPotion"}],"is_trial":false,"path_per_floor":["M","?","?","M","M","R","M","?","T","R","?","E","M","M","R","B",null,"M","M","?","$","M","R","M","R","T","?","R","?","M","$","R","B",null,"M","?","$","?","M","R","E"],"character_chosen":"THE_SILENT","items_purchased":["TwistedFunnel","Deadly Poison","Noxious Fumes"],"campfire_rested":2,"item_purchase_floors":[21,21,37],"current_hp_per_floor":[57,57,62,54,54,54,54,54,54,54,54,44,44,44,44,44,64,35,34,34,34,34,34,34,34,34,34,34,13,11,11,31,10,54,14,14,14,14,11,31,0],"gold":23,"neow_bonus":"REMOVE_TWO","is_prod":false,"is_daily":false,"chose_seed":false,"campfire_upgraded":6,"win_rate":0,"timestamp":1560270326,"path_taken":["M","?","?","M","M","R","M","?","T","R","?","E","M","M","R","BOSS","M","M","?","$","M","R","M","R","T","?","R","?","M","$","R","BOSS","M","?","?","?","M","R","E"],"build_version":"2019-01-23","purchased_purges":2,"victory":false,"max_hp_per_floor":[66,66,71,71,71,71,71,64,64,64,64,64,64,64,64,64,69,69,69,69,69,69,69,69,69,69,69,69,69,69,69,69,69,69,69,69,69,69,69,69,69],"card_choices":[{"not_picked":["Backflip","Acrobatics"],"picked":"Dagger Spray","floor":1},{"not_picked":["Dodge and Roll","Underhanded Strike"],"picked":"Dash","floor":4},{"not_picked":["Deflect","Dodge and Roll"],"picked":"Terror","floor":5},{"not_picked":["Sucker Punch","Prepared"],"picked":"Backstab","floor":7},{"not_picked":["Cloak And Dagger","Blade Dance"],"picked":"Doppelganger","floor":12},{"not_picked":["Skewer","Heel Hook"],"picked":"Leg Sweep","floor":13},{"not_picked":["Dodge and Roll","Quick Slash"],"picked":"Cloak And Dagger","floor":14},{"not_picked":["Wraith Form v2","Burst"],"picked":"Bullet Time","floor":16},{"not_picked":["Footwork","Dagger Throw"],"picked":"Deadly Poison","floor":17},{"not_picked":["Backflip","Dagger Spray"],"picked":"PiercingWail","floor":18},{"not_picked":["Outmaneuver","Dodge and Roll"],"picked":"Unload","floor":19},{"not_picked":["Riddle With Holes","Prepared"],"picked":"Acrobatics","floor":22},{"not_picked":["Eviscerate","Sucker Punch+1"],"picked":"Tactician","floor":24},{"not_picked":["Deadly Poison","Eviscerate"],"picked":"Blur","floor":30},{"not_picked":["Bullet Time","Doppelganger"],"picked":"Malaise","floor":33},{"not_picked":["Endless Agony","Distraction"],"picked":"Acrobatics+1","floor":35},{"not_picked":["Leg Sweep+1","Choke","Skewer"],"picked":"SKIP","floor":39}],"player_experience":5331344,"relics_obtained":[{"floor":9,"key":"Gremlin Horn"},{"floor":12,"key":"Anchor"},{"floor":29,"key":"Nilry\u0027s Codex"}],"event_choices":[{"damage_healed":0,"gold_gain":0,"player_choice":"Leave","damage_taken":0,"max_hp_gain":0,"max_hp_loss":0,"event_name":"The Cleric","floor":2,"gold_loss":0},{"damage_healed":0,"gold_gain":0,"player_choice":"Donut","damage_taken":0,"max_hp_gain":5,"max_hp_loss":0,"event_name":"Big Fish","floor":3,"gold_loss":0},{"damage_healed":0,"gold_gain":0,"player_choice":"Lose Max HP","damage_taken":0,"relics_obtained":["Golden Idol"],"max_hp_gain":0,"max_hp_loss":7,"event_name":"Golden Idol","floor":8,"gold_loss":0},{"cards_removed":["Strike_G"],"damage_healed":0,"gold_gain":0,"player_choice":"Purged","damage_taken":0,"max_hp_gain":0,"max_hp_loss":0,"event_name":"Purifier","floor":11,"gold_loss":0},{"damage_healed":0,"gold_gain":0,"player_choice":"Ignored","damage_taken":0,"max_hp_gain":0,"max_hp_loss":0,"event_name":"Vampires","floor":20,"gold_loss":0},{"damage_healed":0,"gold_gain":0,"player_choice":"Ignored","damage_taken":0,"max_hp_gain":0,"max_hp_loss":0,"event_name":"Beggar","floor":27,"gold_loss":0},{"damage_healed":0,"gold_gain":0,"player_choice":"Obtained Book","damage_taken":21,"max_hp_gain":0,"max_hp_loss":0,"event_name":"Cursed Tome","floor":29,"gold_loss":0},{"damage_healed":0,"gold_gain":0,"player_choice":"Forge","damage_taken":0,"max_hp_gain":0,"max_hp_loss":0,"event_name":"Accursed Blacksmith","floor":36,"gold_loss":0,"cards_upgraded":["Blur"]},{"damage_healed":0,"gold_gain":0,"player_choice":"Got Potions","damage_taken":0,"max_hp_gain":0,"max_hp_loss":0,"event_name":"Lab","floor":38,"gold_loss":0}],"is_beta":false,"boss_relics":[{"not_picked":["Calling Bell","Runic Dome"],"picked":"Tiny House"},{"not_picked":["Astrolabe","HoveringKite"],"picked":"Empty Cage"}],"items_purged_floors":[21,37],"is_endless":false,"potions_floor_spawned":[5,7,12,19,24,30],"killed_by":"Giant Head","ascension_level":20}