{"gold_per_floor":[117,137,154,165,165,165,182,182,182,203,230,45,72,72],"floor_reached":14,"playtime":469,"items_purged":["Strike_G"],"score":200,"play_id":"76b8e3b5-2501-4776-913f-2f2f03e57045","local_time":"20190714013812","is_ascension_mode":true,"campfire_choices":[{"data":"Masterful Stab","floor":6,"key":"SMITH"},{"data":"Neutralize","floor":8,"key":"SMITH"}],"neow_cost":"TEN_PERCENT_HP_LOSS","seed_source_timestamp":283184521872500,"circlet_count":0,"master_deck":["AscendersBane","Strike_G","Strike_G","Strike_G","Strike_G","Defend_G","Defend_G","Defend_G","Defend_G","Defend_G","Survivor","Neutralize+1","Poisoned Stab","Slice","Masterful Stab+1","Poisoned Stab","Backflip+1","Finisher","Blade Dance+1","All Out Attack"],"relics":["Ring of the Snake","Bird Faced Urn","Calipers","Odd Mushroom","Toxic Egg 2","Ginger"],"potions_floor_usage":[11,13,14],"damage_taken":[{"damage":3,"enemies":"2 Louse","floor":1,"turns":4},{"damage":4,"enemies":"Jaw Worm","floor":2,"turns":4},{"damage":1,"enemies":"Small Slimes","floor":3,"turns":4},{"damage":20,"enemies":"Gremlin Gang","floor":4,"turns":7},{"damage":0,"enemies":"Blue Slaver","floor":7,"turns":4},{"damage":21,"enemies":"The Mushroom Lair","floor":10,"turns":6},{"damage":17,"enemies":"Lagavulin","floor":11,"turns":6},{"damage":8,"enemies":"3 Sentries","floor":13,"turns":5},{"damage":12,"enemies":"Large Slime","floor":14,"turns":1}],"seed_played":"5069303441968147277","potions_obtained":[{"floor":3,"key":"GhostInAJar"},{"floor":11,"key":"EssenceOfSteel"},{"floor":13,"key":"Strength Potion"}],"is_trial":false,"path_per_floor":["M","M","M","M","?","R","M","R","T","?","E","$","E","M"],"character_chosen":"THE_SILENT","items_purchased":["Finisher","Blade Dance+1"],"campfire_rested":0,"item_purchase_floors":[12,12],"current_hp_per_floor":[56,52,51,31,51,51,51,51,51,30,13,13,5,0],"gold":72,"neow_bonus":"ONE_RARE_RELIC","is_prod":false,"is_daily":false,"chose_seed":true,"campfire_upgraded":2,"win_rate":0,"timestamp":1563035892,"path_taken":["M","M","M","M","?","R","M","R","T","?","E","$","E","M"],"build_version":"2019-07-05","purchased_purges":1,"victory":false,"max_hp_per_floor":[60,60,60,60,60,60,60,60,60,60,60,60,60,60],"card_choices":[{"not_picked":["Leg Sweep","Outmaneuver"],"picked":"Poisoned Stab","floor":1},{"not_picked":["Blade Dance","Burst"],"picked":"Slice","floor":2},{"not_picked":["Quick Slash","Riddle With Holes"],"picked":"Masterful Stab","floor":3},{"not_picked":["Escape Plan","Deadly Poison"],"picked":"Poisoned Stab","floor":4},{"not_picked":["Concentrate","Accuracy","Flying Knee"],"picked":"SKIP","floor":7},{"not_picked":["Concentrate","Accuracy","Flying Knee"],"picked":"SKIP","floor":7},{"not_picked":["Concentrate","Accuracy","Flying Knee"],"picked":"SKIP","floor":7},{"not_picked":["Riddle With Holes","Bullet Time"],"picked":"Backflip","floor":11},{"not_picked":["Deadly Poison+1","Flechettes"],"picked":"All Out Attack","floor":13}],"player_experience":5676859,"relics_obtained":[{"floor":9,"key":"Calipers"},{"floor":10,"key":"Odd Mushroom"},{"floor":11,"key":"Toxic Egg 2"},{"floor":13,"key":"Ginger"}],"event_choices":[{"damage_healed":20,"gold_gain":0,"player_choice":"Banana","damage_taken":0,"max_hp_gain":0,"max_hp_loss":0,"event_name":"Big Fish","floor":5,"gold_loss":0},{"damage_healed":0,"gold_gain":0,"player_choice":"Fought Mushrooms","damage_taken":0,"max_hp_gain":0,"max_hp_loss":0,"event_name":"Mushrooms","floor":10,"gold_loss":0}],"is_beta":false,"boss_relics":[],"items_purged_floors":[12],"is_endless":false,"potions_floor_spawned":[3,11,13],"killed_by":"Large Slime","ascension_level":20}