{"gold_per_floor":[115,115,40,50,65,90,100,100,123,135,157,169,210,239,251,342,354,381,393,455,495,167,185,185,196,196,222,222,239,239,253,253,330,330,345,24,36,53,53,85,103,103,155,155,165,191,239,259,259,259],"floor_reached":50,"playtime":2001,"items_purged":["Strike_R","Strike_R+1"],"score":1068,"play_id":"9b93cd88-5d9a-456d-930a-1afbbf76cac9","local_time":"20190721031226","is_ascension_mode":true,"campfire_choices":[{"data":"Armaments","floor":10,"key":"SMITH"},{"data":"Rage","floor":12,"key":"SMITH"},{"data":"Battle Trance","floor":15,"key":"SMITH"},{"data":"Evolve","floor":24,"key":"SMITH"},{"floor":30,"key":"REST"},{"data":"Inflame","floor":32,"key":"SMITH"},{"floor":42,"key":"RECALL"},{"data":"Limit Break","floor":44,"key":"SMITH"},{"data":"Inflame","floor":49,"key":"SMITH"}],"neow_cost":"NONE","seed_source_timestamp":15988382470400,"circlet_count":0,"master_deck":["AscendersBane","Strike_R+1","Strike_R+1","Defend_R+1","Defend_R+1","Defend_R+1","Defend_R+1","Bash","Carnage","Anger","Rage+1","Armaments+1","Spot Weakness","Twin Strike","Battle Trance+1","Inflame+1","Bludgeon","Pummel","Evolve+1","Limit Break+1","Inflame+1","Intimidate+1","Uppercut","Shrug It Off","Reaper","Sword Boomerang","Metallicize+1","Secret Technique","Entrench+1","Warcry+1","Second Wind+1","Warcry+1"],"relics":["Burning Blood","Happy Flower","Bag of Preparation","MawBank","Boot","Sozu","Red Mask","Dream Catcher","Vajra","Pear","Coffee Dripper","Incense Burner","Champion Belt","Paper Frog","Thread and Needle"],"potions_floor_usage":[13,16,18,21],"damage_taken":[{"damage":2,"enemies":"Cultist","floor":1,"turns":4},{"damage":3,"enemies":"Small Slimes","floor":4,"turns":4},{"damage":4,"enemies":"Jaw Worm","floor":5,"turns":3},{"damage":28,"enemies":"Gremlin Nob","floor":6,"turns":4},{"damage":1,"enemies":"Large Slime","floor":7,"turns":4},{"damage":2,"enemies":"3 Louse","floor":11,"turns":4},{"damage":7,"enemies":"Lagavulin","floor":13,"turns":5},{"damage":0,"enemies":"Exordium Thugs","floor":14,"turns":2},{"damage":39,"enemies":"Slime Boss","floor":16,"turns":9},{"damage":14,"enemies":"3 Byrds","floor":18,"turns":3},{"damage":9,"enemies":"Masked Bandits","floor":21,"turns":3},{"damage":12,"enemies":"Chosen","floor":23,"turns":3},{"damage":15,"enemies":"Snecko","floor":25,"turns":6},{"damage":8,"enemies":"Book of Stabbing","floor":27,"turns":3},{"damage":3,"enemies":"Sentry and Sphere","floor":29,"turns":3},{"damage":3,"enemies":"Chosen and Byrds","floor":31,"turns":4},{"damage":71,"enemies":"Collector","floor":33,"turns":10},{"damage":0,"enemies":"Orb Walker","floor":35,"turns":4},{"damage":26,"enemies":"3 Darklings","floor":37,"turns":7},{"damage":4,"enemies":"Transient","floor":38,"turns":6},{"damage":36,"enemies":"Nemesis","floor":40,"turns":5},{"damage":17,"enemies":"4 Shapes","floor":41,"turns":8},{"damage":15,"enemies":"Sphere and 2 Shapes","floor":45,"turns":8},{"damage":83,"enemies":"Reptomancer","floor":46,"turns":9},{"damage":30,"enemies":"2 Orb Walkers","floor":47,"turns":6},{"damage":32,"enemies":"Spire Growth","floor":48,"turns":4},{"damage":34,"enemies":"Time Eater","floor":50,"turns":6}],"seed_played":"-7580091386029198352","potions_obtained":[{"floor":6,"key":"LiquidBronze"},{"floor":7,"key":"AttackPotion"},{"floor":13,"key":"Energy Potion"},{"floor":16,"key":"Weak Potion"}],"is_trial":false,"path_per_floor":["M","?","$","M","M","E","M","?","T","R","M","R","E","M","R","B",null,"M","?","?","?","$","M","R","M","T","E","?","M","R","M","R","B",null,"M","$","M","M","?","E","M","R","T","R","M","E","?","M","R","B"],"character_chosen":"IRONCLAD","items_purchased":["Limit Break","Inflame","Incense Burner"],"campfire_rested":1,"item_purchase_floors":[22,22,36],"current_hp_per_floor":[72,49,49,52,54,32,37,37,37,37,41,41,40,46,46,13,60,52,52,52,49,49,43,43,34,34,32,42,45,70,73,73,8,66,81,81,85,85,75,45,84,84,84,84,85,78,54,28,28,0],"gold":259,"neow_bonus":"RANDOM_COMMON_RELIC","is_prod":false,"is_daily":false,"chose_seed":false,"campfire_upgraded":7,"win_rate":0,"timestamp":1563646346,"path_taken":["M","?","$","M","M","E","M","?","T","R","M","R","E","M","R","BOSS","M","?","?","?","$","M","R","M","T","E","?","?","R","M","R","BOSS","M","?","M","M","?","E","M","R","T","R","M","E","?","M","R","BOSS"],"build_version":"2019-07-17","purchased_purges":2,"victory":false,"max_hp_per_floor":[75,75,75,75,75,75,75,75,75,75,75,75,75,75,75,75,75,75,75,75,75,75,75,75,75,75,75,85,85,85,85,85,85,85,85,85,85,85,85,85,85,85,85,85,85,85,85,85,85,85],"card_choices":[{"not_picked":["Twin Strike","Shrug It Off"],"picked":"Carnage","floor":1},{"not_picked":["Havoc","Rupture"],"picked":"Anger","floor":4},{"not_picked":["Disarm","Power Through"],"picked":"Rage","floor":5},{"not_picked":["Intimidate","Bloodletting"],"picked":"Armaments","floor":6},{"not_picked":["Sentinel","Twin Strike"],"picked":"Spot Weakness","floor":7},{"not_picked":["Havoc","Perfected Strike"],"picked":"Twin Strike","floor":11},{"not_picked":["Havoc","Heavy Blade"],"picked":"Battle Trance","floor":13},{"not_picked":["Clothesline","Dropkick"],"picked":"Inflame","floor":14},{"not_picked":["Exhume","Brutality"],"picked":"Bludgeon","floor":16},{"not_picked":["Searing Blow","Iron Wave+1"],"picked":"Pummel","floor":18},{"not_picked":["Havoc","Flex"],"picked":"Evolve","floor":21},{"not_picked":["Metallicize","Sword Boomerang"],"picked":"Intimidate+1","floor":23},{"not_picked":["Ghostly Armor","Cleave"],"picked":"Shrug It Off","floor":25},{"not_picked":["Juggernaut","Dual Wield","Heavy Blade"],"picked":"SKIP","floor":27},{"not_picked":["Dual Wield","Wild Strike"],"picked":"Uppercut","floor":29},{"not_picked":["Iron Wave+1","Dropkick"],"picked":"Shrug It Off","floor":30},{"not_picked":["Armaments+1","Cleave+1","Pommel Strike"],"picked":"SKIP","floor":31},{"not_picked":["Immolate","Double Tap"],"picked":"Reaper","floor":33},{"not_picked":["Bloodletting","Ghostly Armor"],"picked":"Sword Boomerang","floor":35},{"not_picked":["Searing Blow+1","Rupture"],"picked":"Metallicize+1","floor":37},{"not_picked":["Clash","Perfected Strike","Flex+1"],"picked":"SKIP","floor":38},{"not_picked":["Dramatic Entrance","Flash of Steel"],"picked":"Secret Technique","floor":39},{"not_picked":["Rupture","Heavy Blade+1"],"picked":"Entrench+1","floor":40},{"not_picked":["Rampage+1","Iron Wave+1","Seeing Red+1"],"picked":"SKIP","floor":41},{"not_picked":["Entrench","Sentinel","Iron Wave"],"picked":"SKIP","floor":45},{"not_picked":["Pommel Strike","Armaments"],"picked":"Warcry+1","floor":46},{"not_picked":["Feel No Pain","Flex"],"picked":"Second Wind+1","floor":47},{"not_picked":["Twin Strike","Double Tap"],"picked":"Warcry+1","floor":48}],"player_experience":5767005,"relics_obtained":[{"floor":6,"key":"Bag of Preparation"},{"floor":9,"key":"MawBank"},{"floor":13,"key":"Boot"},{"floor":21,"key":"Red Mask"},{"floor":26,"key":"Dream Catcher"},{"floor":27,"key":"Vajra"},{"floor":40,"key":"Champion Belt"},{"floor":46,"key":"Paper Frog"},{"floor":47,"key":"Thread and Needle"}],"event_choices":[{"damage_healed":0,"gold_gain":0,"player_choice":"Entered Light","damage_taken":23,"max_hp_gain":0,"max_hp_loss":0,"event_name":"Shining Light","floor":2,"gold_loss":0,"cards_upgraded":["Defend_R","Strike_R"]},{"cards_removed":["Strike_R"],"damage_healed":0,"gold_gain":0,"player_choice":"Forget","damage_taken":0,"max_hp_gain":0,"max_hp_loss":0,"event_name":"Living Wall","floor":8,"gold_loss":0},{"damage_healed":0,"gold_gain":0,"player_choice":"Simplicity","damage_taken":0,"max_hp_gain":0,"max_hp_loss":0,"event_name":"Back to Basics","floor":19,"gold_loss":0,"cards_upgraded":["Strike_R","Strike_R","Defend_R","Defend_R","Defend_R"]},{"damage_healed":0,"gold_gain":50,"player_choice":"Stole From Cult","damage_taken":0,"max_hp_gain":0,"max_hp_loss":0,"event_name":"Nest","floor":20,"gold_loss":0},{"damage_healed":0,"gold_gain":0,"player_choice":"Fought Bandits","damage_taken":0,"max_hp_gain":0,"max_hp_loss":0,"event_name":"Masked Bandits","floor":21,"gold_loss":0},{"cards_removed":["Shrug It Off"],"damage_healed":0,"gold_gain":0,"player_choice":"Gave Card","damage_taken":0,"relics_obtained":["Pear"],"max_hp_gain":0,"max_hp_loss":0,"event_name":"WeMeetAgain","floor":28,"gold_loss":0},{"damage_healed":0,"gold_gain":0,"player_choice":"Memory 3","damage_taken":10,"max_hp_gain":0,"max_hp_loss":0,"event_name":"SensoryStone","floor":39,"gold_loss":0},{"damage_healed":0,"gold_gain":0,"player_choice":"Fight","damage_taken":0,"max_hp_gain":0,"max_hp_loss":0,"event_name":"Mysterious Sphere","floor":47,"gold_loss":0}],"is_beta":false,"boss_relics":[{"not_picked":["Orrery","Black Star"],"picked":"Sozu"},{"not_picked":["Tiny House","Snecko Eye"],"picked":"Coffee Dripper"}],"items_purged_floors":[3,22],"is_endless":false,"potions_floor_spawned":[6,7,13,14,16,18,21,27,37,38,45,47,48],"killed_by":"Time Eater","ascension_level":20}