{"gold_per_floor":[114,128,146,202,202,232,232,247,247,277,294,244,244,264,264,360,360,377,377,377,394,405,405,433,452,452,468,159,159,159,179,179,179],"floor_reached":33,"playtime":1483,"items_purged":["Strike_R"],"score":319,"play_id":"e5b9dbc4-0edb-43c0-856e-2ab33d7bcf29","local_time":"20190728162544","is_ascension_mode":true,"campfire_choices":[{"floor":7,"key":"RECALL"},{"floor":15,"key":"REST"},{"data":"Limit Break","floor":23,"key":"SMITH"},{"floor":30,"key":"REST"},{"data":"Flame Barrier","floor":32,"key":"SMITH"}],"neow_cost":"NONE","seed_source_timestamp":1548568590639700,"circlet_count":0,"master_deck":["Strike_R","Strike_R","Strike_R","Defend_R","Defend_R+1","Bash","Inflame","Shockwave","Flame Barrier","Flex","Flame Barrier+1","Armaments+1","Infernal Blade","Limit Break+1","RitualDagger","Whirlwind","Metallicize+1","Spot Weakness+1","Ghostly Armor","Battle Trance","Dramatic Entrance","Dark Shackles","Limit Break"],"relics":["Burning Blood","Tiny Chest","Self Forming Clay","Centennial Puzzle","Matryoshka","Orichalcum","Empty Cage","Dead Branch","Boot","Pen Nib"],"potions_floor_usage":[8,16,16,24,24,33,33],"damage_taken":[{"damage":8,"enemies":"Cultist","floor":1,"turns":5},{"damage":11,"enemies":"Jaw Worm","floor":2,"turns":2},{"damage":5,"enemies":"Small Slimes","floor":3,"turns":3},{"damage":27,"enemies":"Gremlin Nob","floor":6,"turns":5},{"damage":1,"enemies":"2 Fungi Beasts","floor":8,"turns":4},{"damage":24,"enemies":"Lagavulin","floor":10,"turns":9},{"damage":9,"enemies":"Exordium Thugs","floor":11,"turns":4},{"damage":0,"enemies":"Large Slime","floor":14,"turns":6},{"damage":21,"enemies":"Slime Boss","floor":16,"turns":8},{"damage":7,"enemies":"3 Byrds","floor":18,"turns":6},{"damage":6,"enemies":"Spheric Guardian","floor":21,"turns":4},{"damage":17,"enemies":"Snake Plant","floor":22,"turns":4},{"damage":20,"enemies":"Book of Stabbing","floor":24,"turns":7},{"damage":14,"enemies":"Sentry and Sphere","floor":25,"turns":5},{"damage":10,"enemies":"Centurion and Healer","floor":27,"turns":5},{"damage":0,"enemies":"Snake Plant","floor":31,"turns":3},{"damage":72,"enemies":"Automaton","floor":33,"turns":10}],"seed_played":"5369112933978348611","potions_obtained":[{"floor":1,"key":"FairyPotion"},{"floor":6,"key":"SneckoOil"},{"floor":10,"key":"SkillPotion"},{"floor":11,"key":"Ancient Potion"},{"floor":18,"key":"Weak Potion"},{"floor":22,"key":"BloodPotion"},{"floor":27,"key":"Explosive Potion"},{"floor":31,"key":"GamblersBrew"}],"is_trial":false,"path_per_floor":["M","M","M","T","T","E","R","M","T","E","M","?","?","M","R","B",null,"M","?","?","M","M","R","E","M","T","M","$","?","R","M","R","B"],"character_chosen":"IRONCLAD","items_purchased":["Battle Trance","Pen Nib"],"campfire_rested":2,"item_purchase_floors":[28,28],"current_hp_per_floor":[86,81,82,82,82,61,61,66,66,48,45,45,27,33,59,44,88,87,81,64,64,53,53,62,54,54,50,50,23,50,56,56,0],"gold":179,"neow_bonus":"TEN_PERCENT_HP_BONUS","is_prod":false,"is_daily":false,"chose_seed":false,"campfire_upgraded":2,"win_rate":0,"timestamp":1564349144,"path_taken":["M","M","M","?","?","E","R","M","T","E","M","?","?","M","R","BOSS","M","?","?","M","M","R","E","M","T","M","$","?","R","?","R","BOSS"],"build_version":"2019-07-17","purchased_purges":1,"victory":false,"max_hp_per_floor":[88,88,88,88,88,88,88,88,88,88,88,88,88,88,88,88,88,88,88,93,93,93,93,93,93,93,93,93,93,93,93,93,93],"card_choices":[{"not_picked":["Reckless Charge","Heavy Blade"],"picked":"Inflame","floor":1},{"not_picked":["Twin Strike","Wild Strike","Headbutt"],"picked":"SKIP","floor":2},{"not_picked":["Inflame","Heavy Blade"],"picked":"Shockwave","floor":3},{"not_picked":["Body Slam","Clothesline"],"picked":"Flame Barrier","floor":6},{"not_picked":["Sentinel","Anger"],"picked":"Flex","floor":8},{"not_picked":["Iron Wave","Clothesline"],"picked":"Flame Barrier","floor":10},{"not_picked":["Headbutt","Sword Boomerang"],"picked":"Armaments","floor":11},{"not_picked":["Dark Embrace","Dropkick"],"picked":"Infernal Blade","floor":14},{"not_picked":["Dark Embrace","Offering"],"picked":"Limit Break","floor":16},{"not_picked":["Clothesline","Pommel Strike+1","Dropkick"],"picked":"SKIP","floor":18},{"not_picked":["Twin Strike+1","Evolve+1"],"picked":"Whirlwind","floor":21},{"not_picked":["Evolve","Flex"],"picked":"Metallicize+1","floor":22},{"not_picked":["Reckless Charge","Searing Blow"],"picked":"Spot Weakness+1","floor":24},{"not_picked":["Clash","Heavy Blade"],"picked":"Ghostly Armor","floor":25},{"not_picked":["Warcry","Anger+1","Cleave+1"],"picked":"SKIP","floor":27},{"not_picked":["Cleave+1","Rage"],"picked":"Limit Break","floor":31}],"player_experience":191196,"relics_obtained":[{"floor":4,"key":"Tiny Chest"},{"floor":5,"key":"Self Forming Clay"},{"floor":6,"key":"Centennial Puzzle"},{"floor":9,"key":"Matryoshka"},{"floor":10,"key":"Orichalcum"},{"floor":24,"key":"Dead Branch"},{"floor":26,"key":"Boot"}],"event_choices":[{"cards_removed":["Defend_R"],"damage_healed":0,"gold_gain":0,"player_choice":"Card Removal","damage_taken":0,"max_hp_gain":0,"max_hp_loss":0,"event_name":"The Cleric","floor":12,"gold_loss":50},{"damage_healed":0,"gold_gain":0,"player_choice":"Entered Light","damage_taken":18,"max_hp_gain":0,"max_hp_loss":0,"event_name":"Shining Light","floor":13,"gold_loss":0,"cards_upgraded":["Defend_R","Armaments"]},{"damage_healed":0,"gold_gain":0,"player_choice":"Joined the Cult","damage_taken":6,"max_hp_gain":0,"max_hp_loss":0,"event_name":"Nest","floor":19,"gold_loss":0,"cards_obtained":["RitualDagger"]},{"damage_healed":0,"gold_gain":0,"player_choice":"Shed Blood","damage_taken":22,"max_hp_gain":5,"max_hp_loss":0,"event_name":"Forgotten Altar","floor":20,"gold_loss":0},{"damage_healed":0,"gold_gain":0,"player_choice":"CARD CARD ","damage_taken":27,"max_hp_gain":0,"max_hp_loss":0,"event_name":"Knowing Skull","floor":29,"potions_obtained":[],"gold_loss":0,"cards_obtained":["Dramatic Entrance","Dark Shackles"]}],"is_beta":false,"boss_relics":[{"not_picked":["Velvet Choker","Calling Bell"],"picked":"Empty Cage"}],"items_purged_floors":[28],"is_endless":false,"potions_floor_spawned":[1,6,10,11,18,22,27,31],"killed_by":"Automaton","ascension_level":1}