{"gold_per_floor":[113,133,133,133,144,144,176,186,212,212,212],"floor_reached":11,"playtime":265,"items_purged":[],"score":146,"play_id":"ecd92450-2869-4a2f-836d-47f8e3580be3","local_time":"20190331233333","is_ascension_mode":true,"campfire_choices":[{"data":"Unload","floor":6,"key":"SMITH"},{"floor":10,"key":"REST"}],"neow_cost":"TEN_PERCENT_HP_LOSS","seed_source_timestamp":1554436076042800,"circlet_count":0,"master_deck":["AscendersBane","Defend_G+1","Defend_G","Defend_G+1","Defend_G","Strike_G","Strike_G","Strike_G","Strike_G","Survivor","Neutralize","Dagger Spray+1","Expertise+1","Dagger Spray","Unload+1","Deflect"],"relics":["Ring of the Snake","War Paint","Omamori"],"potions_floor_usage":[11],"damage_taken":[{"damage":0,"enemies":"Small Slimes","floor":1,"turns":8},{"damage":4,"enemies":"Jaw Worm","floor":2,"turns":5},{"damage":3,"enemies":"Cultist","floor":5,"turns":4},{"damage":28,"enemies":"Gremlin Nob","floor":7,"turns":4},{"damage":0,"enemies":"Blue Slaver","floor":8,"turns":3},{"damage":26,"enemies":"Large Slime","floor":11,"turns":4}],"seed_played":"-7141360012744792535","potions_obtained":[{"floor":5,"key":"EssenceOfSteel"},{"floor":7,"key":"SkillPotion"}],"is_trial":false,"path_per_floor":["M","M","?","?","M","R","E","M","T","R","M"],"character_chosen":"THE_SILENT","items_purchased":[],"campfire_rested":1,"item_purchase_floors":[],"current_hp_per_floor":[59,55,37,37,34,34,6,6,6,24,0],"gold":212,"neow_bonus":"REMOVE_TWO","is_prod":false,"is_daily":false,"chose_seed":false,"campfire_upgraded":1,"win_rate":0,"timestamp":1554042813,"path_taken":["M","M","?","?","M","R","E","M","T","R","M"],"build_version":"2019-01-23","purchased_purges":0,"victory":false,"max_hp_per_floor":[60,60,60,60,60,60,60,60,60,60,60],"card_choices":[{"not_picked":["Outmaneuver","Bane"],"picked":"Dagger Spray","floor":1},{"not_picked":["Eviscerate","Outmaneuver"],"picked":"Expertise","floor":2},{"not_picked":["Sucker Punch","Cloak And Dagger"],"picked":"Unload","floor":5},{"not_picked":["Poisoned Stab","Burst","Expertise"],"picked":"SKIP","floor":7},{"not_picked":["Skewer","Slice"],"picked":"Deflect","floor":8}],"player_experience":4668643,"relics_obtained":[{"floor":7,"key":"War Paint"},{"floor":9,"key":"Omamori"}],"event_choices":[{"damage_healed":0,"gold_gain":0,"player_choice":"Entered Light","damage_taken":18,"max_hp_gain":0,"max_hp_loss":0,"event_name":"Shining Light","floor":3,"gold_loss":0,"cards_upgraded":["Defend_G","Dagger Spray"]},{"damage_healed":0,"gold_gain":0,"player_choice":"1 cards matched","damage_taken":0,"max_hp_gain":0,"max_hp_loss":0,"event_name":"Match and Keep!","floor":4,"gold_loss":0,"cards_obtained":["Dagger Spray"]}],"is_beta":false,"boss_relics":[],"items_purged_floors":[],"is_endless":false,"potions_floor_spawned":[5,7,8],"killed_by":"Large Slime","ascension_level":20}