{"gold_per_floor":[114,114,134,59,59,59,19,51,81,97,111,111,127,141,141,217,217,233,260,260,55,55,55,89,89,171,171,189,189,139,153,153,232,232,243,261,286,286,177,177,127,127,127,144,158,184,184,194,194,194,194,194,194,144,178,178],"floor_reached":57,"playtime":2250,"items_purged":["Defend_G","Strike_G","Strike_G","Strike_G","Defend_G","Defend_G"],"score":3196,"play_id":"99ed088a-91ea-486c-a0f0-cbce22e49fe7","local_time":"20190712011331","is_ascension_mode":true,"campfire_choices":[{"data":"Dagger Throw","floor":6,"key":"SMITH"},{"floor":12,"key":"REST"},{"data":"Calculated Gamble","floor":15,"key":"SMITH"},{"data":"Calculated Gamble","floor":23,"key":"SMITH"},{"data":"Reflex","floor":25,"key":"SMITH"},{"data":"Reflex","floor":27,"key":"SMITH"},{"floor":29,"key":"REST"},{"floor":32,"key":"RECALL"},{"data":"Backflip","floor":40,"key":"SMITH"},{"data":"Acrobatics","floor":42,"key":"SMITH"},{"data":"Flechettes","floor":47,"key":"SMITH"},{"data":"Tactician","floor":49,"key":"SMITH"},{"data":"Concentrate","floor":53,"key":"SMITH"}],"neow_cost":"TEN_PERCENT_HP_LOSS","seed_source_timestamp":111349061379800,"circlet_count":0,"master_deck":["AscendersBane","Defend_G","Survivor","Neutralize+1","Dagger Throw+1","Acrobatics+1","Dash","Calculated Gamble+1","Reflex+1","Heel Hook","Reflex+1","Escape Plan","Calculated Gamble+1","Concentrate+1","Backflip+1","Flechettes+1","Tactician+1"],"relics":["Ring of the Snake","Shuriken","Tiny Chest","Runic Pyramid","Smiling Mask","Ornamental Fan","Orichalcum","Kunai","Orrery","Vajra","Pantograph","Mercury Hourglass","Bag of Preparation"],"potions_floor_usage":[16,16,18,28],"damage_taken":[{"damage":11,"enemies":"Small Slimes","floor":1,"turns":5},{"damage":3,"enemies":"Cultist","floor":3,"turns":4},{"damage":34,"enemies":"Lagavulin","floor":8,"turns":8},{"damage":0,"enemies":"2 Louse","floor":10,"turns":3},{"damage":6,"enemies":"Red Slaver","floor":11,"turns":4},{"damage":0,"enemies":"Exordium Thugs","floor":13,"turns":4},{"damage":0,"enemies":"Large Slime","floor":14,"turns":6},{"damage":6,"enemies":"Hexaghost","floor":16,"turns":9},{"damage":8,"enemies":"3 Byrds","floor":18,"turns":5},{"damage":0,"enemies":"Book of Stabbing","floor":24,"turns":4},{"damage":0,"enemies":"Chosen","floor":28,"turns":3},{"damage":0,"enemies":"Shelled Parasite and Fungi","floor":31,"turns":2},{"damage":0,"enemies":"Collector","floor":33,"turns":2},{"damage":0,"enemies":"3 Darklings","floor":35,"turns":2},{"damage":0,"enemies":"Orb Walker","floor":36,"turns":2},{"damage":0,"enemies":"Spire Growth","floor":44,"turns":1},{"damage":0,"enemies":"3 Darklings","floor":45,"turns":1},{"damage":0,"enemies":"Reptomancer","floor":46,"turns":1},{"damage":0,"enemies":"Maw","floor":48,"turns":1},{"damage":10,"enemies":"Donu and Deca","floor":50,"turns":3},{"damage":0,"enemies":"Time Eater","floor":51,"turns":3},{"damage":0,"enemies":"Shield and Spear","floor":55,"turns":1},{"damage":0,"enemies":"The Heart","floor":56,"turns":5}],"seed_played":"-2585899232357416335","potions_obtained":[{"floor":3,"key":"GhostInAJar"},{"floor":10,"key":"FearPotion"},{"floor":16,"key":"Swift Potion"},{"floor":28,"key":"Fruit Juice"},{"floor":36,"key":"Weak Potion"},{"floor":44,"key":"SteroidPotion"}],"is_trial":false,"path_per_floor":["M","?","M","$","?","R","$","E","T","M","M","R","M","M","R","B",null,"M","T","T","$","?","R","E","R","T","R","M","R","$","M","R","B",null,"M","M","T","?","$","R","$","R","T","M","M","E","R","M","R","B","B",null,"R","$","E","B",null],"character_chosen":"THE_SILENT","items_purchased":["Dash","Calculated Gamble","GhostInAJar","Backflip"],"campfire_rested":2,"item_purchase_floors":[7,21,21,39],"current_hp_per_floor":[48,48,45,45,45,45,45,11,11,11,5,23,23,23,23,17,49,41,41,41,41,25,25,25,25,25,25,30,51,51,51,51,51,65,65,65,65,65,65,65,65,65,65,65,65,65,65,65,65,60,70,70,70,70,70,70],"gold":178,"neow_bonus":"REMOVE_TWO","is_prod":false,"is_daily":false,"chose_seed":false,"campfire_upgraded":10,"win_rate":0,"timestamp":1562861611,"path_taken":["M","?","?","?","?","R","$","E","T","M","M","R","M","M","R","BOSS","M","?","?","$","?","R","E","R","T","R","M","R","?","M","R","BOSS","M","?","?","?","$","R","$","R","T","?","M","E","R","M","R","BOSS","BOSS","R","$","E","BOSS"],"build_version":"2019-07-05","purchased_purges":6,"victory":true,"max_hp_per_floor":[60,60,60,60,60,60,60,60,60,60,60,60,60,60,60,60,60,60,60,60,60,65,65,65,65,65,65,70,70,70,70,70,70,70,70,70,70,70,70,70,70,70,70,70,70,70,70,70,70,70,70,70,70,70,70,70],"card_choices":[{"not_picked":["Dagger Spray","Dodge and Roll"],"picked":"Dagger Throw","floor":1},{"not_picked":["Accuracy","Outmaneuver"],"picked":"Acrobatics","floor":3},{"not_picked":["Blade Dance","PiercingWail"],"picked":"Calculated Gamble","floor":8},{"not_picked":["Dagger Throw","Dash"],"picked":"Reflex","floor":10},{"not_picked":["Predator","Masterful Stab"],"picked":"Heel Hook","floor":11},{"not_picked":["PiercingWail","Corpse Explosion","Dagger Spray"],"picked":"SKIP","floor":13},{"not_picked":["PiercingWail","Corpse Explosion","Dagger Spray"],"picked":"SKIP","floor":13},{"not_picked":["Quick Slash","Backflip"],"picked":"Reflex","floor":14},{"not_picked":["Dagger Throw","Sucker Punch"],"picked":"Escape Plan","floor":18},{"not_picked":["Slice+1","Deadly Poison","Dagger Spray"],"picked":"SKIP","floor":24},{"not_picked":["Backstab","Flying Knee+1","All Out Attack"],"picked":"SKIP","floor":28},{"not_picked":["Flying Knee","Bane","Dodge and Roll"],"picked":"SKIP","floor":31},{"not_picked":["Prepared","Glass Knife"],"picked":"Concentrate","floor":34},{"not_picked":["Endless Agony","Quick Slash","Concentrate"],"picked":"SKIP","floor":35},{"not_picked":["Deadly Poison","Acrobatics","Dodge and Roll"],"picked":"SKIP","floor":36},{"not_picked":["Bane","Slice","Outmaneuver+1"],"picked":"SKIP","floor":44},{"not_picked":["Choke","Deadly Poison"],"picked":"Flechettes","floor":45},{"not_picked":["Bane","Deadly Poison","Expertise+1"],"picked":"SKIP","floor":46},{"not_picked":["Leg Sweep","Blade Dance"],"picked":"Tactician","floor":48},{"not_picked":["Well Laid Plans+1","Cloak And Dagger","Glass Knife"],"picked":"SKIP","floor":55}],"player_experience":5648111,"relics_obtained":[{"floor":8,"key":"Shuriken"},{"floor":9,"key":"Tiny Chest"},{"floor":19,"key":"Smiling Mask"},{"floor":20,"key":"Ornamental Fan"},{"floor":24,"key":"Orichalcum"},{"floor":26,"key":"Kunai"},{"floor":38,"key":"Vajra"},{"floor":43,"key":"Pantograph"},{"floor":46,"key":"Mercury Hourglass"},{"floor":55,"key":"Bag of Preparation"}],"event_choices":[{"damage_healed":0,"gold_gain":0,"player_choice":"Upgraded","damage_taken":0,"max_hp_gain":0,"max_hp_loss":0,"event_name":"Upgrade Shrine","floor":2,"gold_loss":0,"cards_upgraded":["Neutralize"]},{"cards_removed":["Strike_G"],"damage_healed":0,"gold_gain":0,"player_choice":"Offered Basic","damage_taken":0,"max_hp_gain":0,"max_hp_loss":0,"event_name":"Bonfire Elementals","floor":5,"gold_loss":0},{"damage_healed":0,"gold_gain":0,"player_choice":"Shed Blood","damage_taken":21,"max_hp_gain":5,"max_hp_loss":0,"event_name":"Forgotten Altar","floor":22,"gold_loss":0},{"damage_healed":0,"gold_gain":0,"player_choice":"Relic","damage_taken":0,"max_hp_gain":0,"max_hp_loss":0,"event_name":"Wheel of Change","floor":38,"gold_loss":0}],"is_beta":false,"boss_relics":[{"not_picked":["Busted Crown","Sozu"],"picked":"Runic Pyramid"},{"not_picked":["Fusion Hammer","Snecko Eye"],"picked":"Orrery"}],"items_purged_floors":[4,21,30,39,41,54],"is_endless":false,"potions_floor_spawned":[3,10,13,16,28,36,44,48,55],"ascension_level":20}