{"gold_per_floor":[112,112,287,287,387,387,411,435,458,482,98,78,102,116,116,247,247,266,290,290,315,315,354,354,393,393,393,12,12,31,50,50,170,170,183,0,19,40,63,63,99,117,117,117,131,150,3,3,3,3],"floor_reached":50,"playtime":8136,"items_purged":["Defend_B"],"score":556,"play_id":"7e6ff301-b0ea-443b-9c66-9f87e29d8ed1","local_time":"20190715211045","is_ascension_mode":false,"campfire_choices":[{"data":"Glacier","floor":6,"key":"SMITH"},{"data":"Cold Snap","floor":15,"key":"SMITH"},{"floor":29,"key":"REST"},{"floor":32,"key":"REST"},{"floor":40,"key":"REST"},{"floor":49,"key":"REST"}],"neow_cost":"NONE","seed_source_timestamp":435789413404300,"circlet_count":0,"master_deck":["Strike_B","Strike_B","Strike_B","Defend_B","Defend_B","Defend_B","Zap","Dualcast","Glacier+1","Doubt","Coolheaded","Cold Snap","Chill","Cold Snap+1","Loop","Creative AI","Go for the Eyes+1","Gash+1","Creative AI","Gash","Seek","Coolheaded+1","Reinforced Body","All For One+1","Gash","Double Energy+1","Doom and Gloom+1","Electrodynamics"],"relics":["Cracked Core","Bag of Marbles","Kunai","Golden Idol","Blood Vial","FossilizedHelix","Runic Dome","Potion Belt","Bag of Preparation","Nloth\u0027s Gift","Gambling Chip","Black Star","Red Mask","Vajra","Thread and Needle","Bottled Lightning","Pantograph","Whetstone"],"potions_floor_usage":[14,16,16,16,16,16,16,25,30,33],"damage_taken":[{"damage":0,"enemies":"Cultist","floor":1,"turns":2},{"damage":5,"enemies":"Small Slimes","floor":7,"turns":3},{"damage":0,"enemies":"Jaw Worm","floor":8,"turns":4},{"damage":11,"enemies":"2 Fungi Beasts","floor":10,"turns":3},{"damage":0,"enemies":"Red Slaver","floor":13,"turns":2},{"damage":0,"enemies":"Exordium Thugs","floor":14,"turns":5},{"damage":15,"enemies":"Slime Boss","floor":16,"turns":16},{"damage":6,"enemies":"Shell Parasite","floor":18,"turns":10},{"damage":15,"enemies":"3 Byrds","floor":19,"turns":6},{"damage":0,"enemies":"Snecko","floor":21,"turns":8},{"damage":16,"enemies":"Book of Stabbing","floor":23,"turns":6},{"damage":18,"enemies":"Gremlin Leader","floor":25,"turns":9},{"damage":25,"enemies":"Cultist and Chosen","floor":30,"turns":8},{"damage":25,"enemies":"3 Cultists","floor":31,"turns":8},{"damage":14,"enemies":"Champ","floor":33,"turns":18},{"damage":6,"enemies":"Orb Walker","floor":35,"turns":5},{"damage":14,"enemies":"3 Shapes","floor":37,"turns":6},{"damage":26,"enemies":"3 Darklings","floor":38,"turns":6},{"damage":13,"enemies":"Jaw Worm Horde","floor":39,"turns":8},{"damage":5,"enemies":"Giant Head","floor":41,"turns":9},{"damage":0,"enemies":"Transient","floor":42,"turns":5},{"damage":0,"enemies":"3 Darklings","floor":45,"turns":5},{"damage":0,"enemies":"Spire Growth","floor":46,"turns":4},{"damage":80,"enemies":"Time Eater","floor":50,"turns":10}],"seed_played":"-3461550958868024607","potions_obtained":[{"floor":1,"key":"EssenceOfSteel"},{"floor":8,"key":"Explosive Potion"},{"floor":12,"key":"Weak Potion"},{"floor":14,"key":"EntropicBrew"},{"floor":21,"key":"EssenceOfSteel"},{"floor":31,"key":"Dexterity Potion"},{"floor":42,"key":"SmokeBomb"}],"is_trial":false,"path_per_floor":["M","T","?","?","?","R","M","M","T","M","$","?","M","M","R","B",null,"M","M","?","M","?","E","?","E","T","?","$","R","M","M","R","B",null,"M","?","M","M","M","R","E","M","T","?","M","M","$","?","R","B"],"character_chosen":"DEFECT","items_purchased":["FossilizedHelix","Gambling Chip","Regen Potion","Whetstone"],"campfire_rested":4,"item_purchase_floors":[11,28,28,47],"current_hp_per_floor":[75,75,75,57,57,57,52,52,52,43,43,43,45,47,47,34,75,69,56,56,58,58,44,44,28,28,28,28,50,32,9,31,19,75,69,69,57,33,22,44,41,43,43,43,45,47,47,47,69,0],"gold":3,"neow_bonus":"RANDOM_COMMON_RELIC","is_prod":false,"is_daily":false,"chose_seed":false,"campfire_upgraded":2,"win_rate":0.0,"timestamp":1563243045,"path_taken":["M","?","?","?","?","R","?","M","T","M","?","?","?","M","R","BOSS","M","?","?","?","?","E","?","E","T","?","$","R","M","?","R","BOSS","M","?","M","M","M","R","E","M","T","?","?","M","$","?","R","BOSS"],"build_version":"2019-07-05","purchased_purges":1,"victory":false,"max_hp_per_floor":[75,75,75,75,75,75,75,75,75,75,75,75,75,75,75,75,75,75,75,75,75,75,75,75,75,75,75,75,75,75,75,75,75,75,75,75,75,75,75,75,75,75,75,75,75,75,75,75,75,75],"card_choices":[{"not_picked":["Turbo","Beam Cell"],"picked":"Glacier","floor":1},{"not_picked":["Skim","Aggregate"],"picked":"Coolheaded","floor":7},{"not_picked":["Turbo","Lockon"],"picked":"Cold Snap","floor":8},{"not_picked":["Compile Driver","Static Discharge"],"picked":"Chill","floor":10},{"not_picked":["Leap","Compile Driver"],"picked":"Cold Snap","floor":13},{"not_picked":["FTL","Compile Driver"],"picked":"Loop","floor":14},{"not_picked":["Amplify","Echo Form"],"picked":"Creative AI","floor":16},{"not_picked":["Aggregate","Beam Cell"],"picked":"Go for the Eyes+1","floor":18},{"not_picked":["Compile Driver+1","Aggregate"],"picked":"Gash","floor":19},{"not_picked":["Stack","Turbo"],"picked":"Creative AI","floor":21},{"not_picked":["Conserve Battery","Static Discharge"],"picked":"Seek","floor":23},{"not_picked":["Go for the Eyes","Steam Power"],"picked":"Coolheaded+1","floor":25},{"not_picked":["Auto Shields","Stack","Redo"],"picked":"SKIP","floor":30},{"not_picked":["Auto Shields","Ball Lightning"],"picked":"Reinforced Body","floor":31},{"not_picked":["Amplify","Machine Learning"],"picked":"All For One","floor":33},{"not_picked":["Hologram+1","Beam Cell","Conserve Battery"],"picked":"SKIP","floor":35},{"not_picked":["Capacitor+1","Auto Shields+1"],"picked":"Gash","floor":37},{"not_picked":["Ball Lightning+1","Rip and Tear"],"picked":"Double Energy+1","floor":38},{"not_picked":["Steam","Force Field","Compile Driver+1"],"picked":"SKIP","floor":39},{"not_picked":["Rebound","Amplify"],"picked":"Doom and Gloom+1","floor":41},{"not_picked":["Echo Form","Aggregate","Ball Lightning+1"],"picked":"SKIP","floor":42},{"not_picked":["Compile Driver+1","Stack+1","Sweeping Beam+1"],"picked":"SKIP","floor":45},{"not_picked":["Turbo+1","Stack+1"],"picked":"Electrodynamics","floor":46}],"player_experience":49288,"relics_obtained":[{"floor":2,"key":"Kunai"},{"floor":9,"key":"Blood Vial"},{"floor":23,"key":"Potion Belt"},{"floor":25,"key":"Bag of Preparation"},{"floor":26,"key":"Omamori"},{"floor":41,"key":"Vajra"},{"floor":41,"key":"Thread and Needle"},{"floor":43,"key":"Bottled Lightning"}],"event_choices":[{"damage_healed":0,"gold_gain":175,"player_choice":"AGREE","damage_taken":0,"max_hp_gain":0,"max_hp_loss":0,"event_name":"Liars Game","floor":3,"gold_loss":0,"cards_obtained":["Doubt"]},{"damage_healed":0,"gold_gain":0,"player_choice":"Take Damage","damage_taken":18,"relics_obtained":["Golden Idol"],"max_hp_gain":0,"max_hp_loss":0,"event_name":"Golden Idol","floor":4,"gold_loss":0},{"damage_healed":0,"gold_gain":100,"player_choice":"Gold","damage_taken":0,"max_hp_gain":0,"max_hp_loss":0,"event_name":"Wheel of Change","floor":5,"gold_loss":0},{"damage_healed":0,"gold_gain":0,"player_choice":"Bought 1 Potion","damage_taken":0,"max_hp_gain":0,"max_hp_loss":0,"event_name":"The Woman in Blue","floor":12,"gold_loss":0},{"cards_removed":["Strike_B"],"damage_healed":0,"gold_gain":0,"player_choice":"Purged","damage_taken":0,"max_hp_gain":0,"max_hp_loss":0,"event_name":"Purifier","floor":20,"gold_loss":0},{"damage_healed":0,"gold_gain":0,"player_choice":"Read","damage_taken":0,"max_hp_gain":0,"max_hp_loss":0,"event_name":"The Library","floor":22,"gold_loss":0,"cards_obtained":["Gash"]},{"damage_healed":0,"gold_gain":0,"player_choice":"Ignored","damage_taken":0,"max_hp_gain":0,"max_hp_loss":0,"event_name":"Ghosts","floor":24,"gold_loss":0},{"damage_healed":0,"gold_gain":0,"player_choice":"Traded Relic","damage_taken":0,"relics_obtained":["Nloth\u0027s Gift"],"max_hp_gain":0,"max_hp_loss":0,"event_name":"N\u0027loth","floor":27,"relics_lost":["Omamori"],"gold_loss":0},{"damage_healed":0,"gold_gain":0,"player_choice":"Paid","damage_taken":0,"relics_obtained":["Red Mask"],"max_hp_gain":0,"max_hp_loss":0,"event_name":"Tomb of Lord Red Mask","floor":36,"gold_loss":183},{"damage_healed":0,"gold_gain":0,"player_choice":"Gave Potion","damage_taken":0,"relics_obtained":["Pantograph"],"max_hp_gain":0,"max_hp_loss":0,"event_name":"WeMeetAgain","floor":44,"gold_loss":0},{"damage_healed":0,"gold_gain":0,"player_choice":"Ignored","damage_taken":0,"max_hp_gain":0,"max_hp_loss":0,"event_name":"SecretPortal","floor":48,"gold_loss":0}],"is_beta":false,"boss_relics":[{"not_picked":["Lizard Tail","Cursed Key"],"picked":"Runic Dome"},{"not_picked":["Orrery","Sozu"],"picked":"Black Star"}],"items_purged_floors":[11],"is_endless":false,"potions_floor_spawned":[1,8,13,14,21,31,41,42],"killed_by":"Time Eater","ascension_level":0}