{"gold_per_floor":[117,117,129,129,46,46,75,95,95,95,113,132,132,163,163,235,235,254,268,53,65,65,65,98,98,124,124,137,137,171,171,171,249,249,261,161,177,187,187,217,217,217,217,142,142,158,33,133,133,133,133,133,133,44,70,70],"floor_reached":57,"playtime":3359,"items_purged":["Strike_R","Strike_R+1","Bash"],"score":2877,"play_id":"3854930c-eb36-4d88-8d56-6f23611a08bf","local_time":"20190614003245","is_ascension_mode":true,"campfire_choices":[{"data":"Offering","floor":6,"key":"SMITH"},{"data":"Rampage","floor":13,"key":"SMITH"},{"data":"Hemokinesis","floor":15,"key":"SMITH"},{"data":"Blood for Blood","floor":23,"key":"SMITH"},{"data":"Dual Wield","floor":25,"key":"SMITH"},{"floor":29,"key":"REST"},{"data":"Rage","floor":32,"key":"SMITH"},{"data":"Feel No Pain","floor":42,"key":"SMITH"},{"floor":45,"key":"RECALL"},{"data":"Offering","floor":49,"key":"SMITH"},{"data":"Feel No Pain","floor":53,"key":"SMITH"}],"neow_cost":"PERCENT_DAMAGE","seed_source_timestamp":1562829387670700,"circlet_count":0,"master_deck":["AscendersBane","Defend_R","Defend_R","Defend_R","Defend_R+1","Shrug It Off","Offering+1","Feed","Flame Barrier","Headbutt","Rampage+1","Offering+1","Power Through","Blood for Blood+1","Flash of Steel","Feel No Pain+1","Rage+1","Dual Wield+1","Inflame","True Grit+1","Barricade","Feel No Pain+1","Sever Soul","Finesse"],"relics":["Burning Blood","Blue Candle","Meat on the Bone","Pen Nib","Sozu","Regal Pillow","Vajra","Enchiridion","Blood Vial","Busted Crown","Lantern","Ginger","Centennial Puzzle"],"potions_floor_usage":[7,16,56,56],"damage_taken":[{"damage":6,"enemies":"Small Slimes","floor":1,"turns":5},{"damage":0,"enemies":"2 Louse","floor":3,"turns":4},{"damage":29,"enemies":"3 Sentries","floor":7,"turns":10},{"damage":6,"enemies":"Cultist","floor":8,"turns":3},{"damage":12,"enemies":"Looter","floor":11,"turns":3},{"damage":0,"enemies":"Blue Slaver","floor":12,"turns":5},{"damage":17,"enemies":"Gremlin Nob","floor":14,"turns":3},{"damage":51,"enemies":"The Guardian","floor":16,"turns":11},{"damage":8,"enemies":"Spheric Guardian","floor":18,"turns":1},{"damage":20,"enemies":"2 Thieves","floor":19,"turns":3},{"damage":9,"enemies":"Chosen and Byrds","floor":21,"turns":5},{"damage":16,"enemies":"Gremlin Leader","floor":24,"turns":7},{"damage":35,"enemies":"Snake Plant","floor":28,"turns":3},{"damage":29,"enemies":"Book of Stabbing","floor":30,"turns":3},{"damage":59,"enemies":"Champ","floor":33,"turns":12},{"damage":16,"enemies":"3 Darklings","floor":35,"turns":8},{"damage":6,"enemies":"Orb Walker","floor":37,"turns":3},{"damage":12,"enemies":"3 Darklings","floor":38,"turns":5},{"damage":34,"enemies":"Nemesis","floor":40,"turns":7},{"damage":20,"enemies":"Maw","floor":46,"turns":10},{"damage":6,"enemies":"Mind Bloom Boss Battle","floor":48,"turns":10},{"damage":12,"enemies":"Donu and Deca","floor":50,"turns":12},{"damage":48,"enemies":"Awakened One","floor":51,"turns":11},{"damage":25,"enemies":"Shield and Spear","floor":55,"turns":14},{"damage":71,"enemies":"The Heart","floor":56,"turns":9}],"seed_played":"-5589735122481411254","potions_obtained":[{"floor":3,"key":"Fire Potion"},{"floor":8,"key":"PowerPotion"},{"floor":11,"key":"SpeedPotion"},{"floor":16,"key":"SkillPotion"}],"is_trial":false,"path_per_floor":["M","?","M","?","$","R","E","M","T","?","M","M","R","E","R","B",null,"M","M","$","M","?","R","E","R","T","?","M","R","E","?","R","B",null,"M","$","M","M","?","E","?","R","T","?","R","M","$","?","R","B","B",null,"R","$","E","B",null],"character_chosen":"IRONCLAD","items_purchased":["Offering","Flash of Steel","Feel No Pain","Finesse"],"campfire_rested":1,"item_purchase_floors":[5,20,20,54],"current_hp_per_floor":[50,27,33,75,75,75,52,55,55,48,57,66,66,55,55,25,72,73,62,62,59,59,59,61,61,61,40,26,69,61,61,61,22,80,72,72,77,76,76,65,65,65,65,65,65,65,65,70,70,66,41,96,96,96,85,34],"gold":70,"neow_bonus":"REMOVE_TWO","is_prod":false,"is_daily":false,"chose_seed":false,"campfire_upgraded":9,"win_rate":0,"timestamp":1560439965,"path_taken":["M","?","M","?","$","R","E","?","T","?","M","M","R","E","R","BOSS","M","M","$","M","?","R","E","R","T","?","M","R","E","?","R","BOSS","M","$","M","M","?","E","?","R","T","?","R","?","$","?","R","BOSS","BOSS","R","$","E","BOSS"],"build_version":"2019-01-23","purchased_purges":3,"victory":true,"max_hp_per_floor":[75,75,75,75,75,75,75,78,78,78,81,84,84,84,84,87,87,90,93,93,93,93,93,93,93,93,93,96,96,99,99,99,99,99,99,99,102,105,105,108,108,108,108,108,108,108,108,111,111,111,114,114,114,114,120,120],"card_choices":[{"not_picked":["Bloodletting","Iron Wave"],"picked":"Shrug It Off","floor":1},{"not_picked":["Burning Pact","Heavy Blade"],"picked":"Twin Strike","floor":3},{"not_picked":["Anger","Disarm"],"picked":"Feed","floor":7},{"not_picked":["Clothesline","Cleave"],"picked":"Flame Barrier","floor":8},{"not_picked":["Clash","Cleave"],"picked":"Headbutt","floor":11},{"not_picked":["Shrug It Off","Metallicize"],"picked":"Rampage","floor":12},{"not_picked":["Thunderclap","Heavy Blade"],"picked":"Hemokinesis","floor":14},{"not_picked":["Limit Break","Dark Embrace"],"picked":"Offering","floor":16},{"not_picked":["Fire Breathing","True Grit"],"picked":"Power Through","floor":18},{"not_picked":["Sword Boomerang","Shrug It Off"],"picked":"Blood for Blood","floor":19},{"not_picked":["Havoc","Wild Strike"],"picked":"Rage","floor":21},{"not_picked":["Second Wind+1","Battle Trance"],"picked":"Dual Wield","floor":24},{"not_picked":["Impervious","Reckless Charge"],"picked":"Inflame","floor":28},{"not_picked":["Flex","Sentinel"],"picked":"True Grit","floor":30},{"not_picked":["Immolate","Brutality"],"picked":"Barricade","floor":33},{"not_picked":["Headbutt"],"picked":"SKIP","floor":35},{"not_picked":["Headbutt+1"],"picked":"SKIP","floor":37},{"not_picked":["Havoc"],"picked":"SKIP","floor":38},{"not_picked":["Twin Strike+1"],"picked":"SKIP","floor":40},{"not_picked":[],"picked":"Feel No Pain","floor":46},{"not_picked":[],"picked":"Sever Soul","floor":48},{"not_picked":["Iron Wave"],"picked":"SKIP","floor":55}],"player_experience":5345598,"relics_obtained":[{"floor":7,"key":"Blue Candle"},{"floor":9,"key":"Meat on the Bone"},{"floor":14,"key":"Pen Nib"},{"floor":24,"key":"Regal Pillow"},{"floor":26,"key":"Vajra"},{"floor":27,"key":"Enchiridion"},{"floor":30,"key":"Blood Vial"},{"floor":40,"key":"Lantern"},{"floor":48,"key":"Ginger"},{"floor":55,"key":"Centennial Puzzle"}],"event_choices":[{"damage_healed":0,"gold_gain":0,"player_choice":"Entered Light","damage_taken":23,"max_hp_gain":0,"max_hp_loss":0,"event_name":"Shining Light","floor":2,"gold_loss":0,"cards_upgraded":["Strike_R","Defend_R"]},{"damage_healed":42,"gold_gain":0,"player_choice":"Full Heal","damage_taken":0,"max_hp_gain":0,"max_hp_loss":0,"event_name":"Wheel of Change","floor":4,"gold_loss":0},{"cards_removed":["Strike_R"],"damage_healed":0,"gold_gain":0,"player_choice":"Card Removal","damage_taken":7,"max_hp_gain":0,"max_hp_loss":0,"event_name":"Golden Wing","floor":10,"gold_loss":0},{"damage_healed":0,"gold_gain":0,"player_choice":"Ignored","damage_taken":0,"max_hp_gain":0,"max_hp_loss":0,"event_name":"Vampires","floor":22,"gold_loss":0},{"damage_healed":0,"gold_gain":0,"player_choice":"Obtained Book","damage_taken":21,"max_hp_gain":0,"max_hp_loss":0,"event_name":"Cursed Tome","floor":27,"gold_loss":0},{"damage_healed":0,"gold_gain":0,"player_choice":"Forge","damage_taken":0,"max_hp_gain":0,"max_hp_loss":0,"event_name":"Accursed Blacksmith","floor":31,"gold_loss":0,"cards_upgraded":["True Grit"]},{"damage_healed":0,"gold_gain":0,"player_choice":"Ignored","damage_taken":0,"max_hp_gain":0,"max_hp_loss":0,"event_name":"Tomb of Lord Red Mask","floor":39,"gold_loss":0},{"cards_removed":["Twin Strike"],"damage_healed":0,"gold_gain":0,"player_choice":"Removed Attack","damage_taken":0,"max_hp_gain":0,"max_hp_loss":0,"event_name":"Falling","floor":41,"gold_loss":0},{"cards_removed":["Hemokinesis"],"damage_healed":0,"gold_gain":0,"player_choice":"Single Remove","damage_taken":0,"max_hp_gain":0,"max_hp_loss":0,"event_name":"Designer","floor":44,"gold_loss":75},{"damage_healed":0,"gold_gain":0,"player_choice":"Fight","damage_taken":0,"max_hp_gain":0,"max_hp_loss":0,"event_name":"MindBloom","floor":48,"gold_loss":0}],"is_beta":false,"boss_relics":[{"not_picked":["Velvet Choker","Tiny House"],"picked":"Sozu"},{"not_picked":["Pandora\u0027s Box","Calling Bell"],"picked":"Busted Crown"}],"items_purged_floors":[20,36,47],"is_endless":false,"potions_floor_spawned":[3,8,11,16,24,28,30,33,37,40],"ascension_level":20}