{"gold_per_floor":[109,64,74,84,99,99,109,3,3,3,3,3,15,15,15,92,92,107,126,126,19,19,19,34,34,34,34,34,9,9,21,21,96,96,114,134,39,55,70,70,90,90,90,108,0,0,0,18,18,18],"floor_reached":51,"playtime":2210,"items_purged":[],"score":1568,"play_id":"c38f3f17-1d63-4854-9818-98a6e7bb9112","local_time":"20190714170623","is_ascension_mode":true,"campfire_choices":[{"data":"True Grit","floor":6,"key":"SMITH"},{"data":"Feel No Pain","floor":10,"key":"SMITH"},{"floor":15,"key":"REST"},{"data":"Feel No Pain","floor":23,"key":"SMITH"},{"data":"Pummel","floor":25,"key":"SMITH"},{"floor":30,"key":"REST"},{"data":"Juggernaut","floor":32,"key":"SMITH"},{"data":"Pummel","floor":40,"key":"SMITH"},{"data":"Spot Weakness","floor":42,"key":"SMITH"},{"data":"Spot Weakness","floor":46,"key":"SMITH"},{"data":"Panache","floor":49,"key":"SMITH"}],"neow_cost":"","seed_source_timestamp":2000552175272611,"circlet_count":0,"master_deck":["AscendersBane","Defend_R","Defend_R","Defend_R","Defend_R","Bash","Panache+1","Spot Weakness+1","Inflame","Warcry","True Grit+1","Shrug It Off","Feel No Pain+1","Flex","Juggernaut+1","Spot Weakness+1","Pummel+1","Power Through","Rage+1","Feed","Shrug It Off+1","Pummel+1","RitualDagger","Feel No Pain+1","Intimidate+1","Bite","Bite","Bite","Bite","Bite","Flame Barrier+1","Shrug It Off+1","Warcry+1","Reaper","Armaments+1","Flame Barrier+1","True Grit+1","True Grit+1"],"relics":["Burning Blood","Dead Branch","Ornamental Fan","Bottled Flame","Toxic Egg 2","Sozu","Blue Candle","Busted Crown","Dodecahedron","Red Mask"],"potions_floor_usage":[4,16],"damage_taken":[{"damage":5,"enemies":"Small Slimes","floor":1,"turns":3},{"damage":1,"enemies":"Cultist","floor":3,"turns":4},{"damage":1,"enemies":"2 Louse","floor":4,"turns":3},{"damage":2,"enemies":"2 Fungi Beasts","floor":5,"turns":4},{"damage":6,"enemies":"Exordium Thugs","floor":7,"turns":6},{"damage":0,"enemies":"Blue Slaver","floor":13,"turns":4},{"damage":29,"enemies":"The Guardian","floor":16,"turns":11},{"damage":28,"enemies":"Spheric Guardian","floor":18,"turns":6},{"damage":6,"enemies":"2 Thieves","floor":19,"turns":4},{"damage":15,"enemies":"Snake Plant","floor":24,"turns":5},{"damage":8,"enemies":"Chosen and Byrds","floor":31,"turns":5},{"damage":30,"enemies":"Champ","floor":33,"turns":12},{"damage":11,"enemies":"Orb Walker","floor":35,"turns":2},{"damage":21,"enemies":"3 Shapes","floor":36,"turns":7},{"damage":25,"enemies":"Writhing Mass","floor":38,"turns":5},{"damage":10,"enemies":"Sphere and 2 Shapes","floor":39,"turns":5},{"damage":3,"enemies":"Maw","floor":41,"turns":8},{"damage":9,"enemies":"4 Shapes","floor":44,"turns":6},{"damage":0,"enemies":"Transient","floor":48,"turns":5},{"damage":39,"enemies":"Awakened One","floor":50,"turns":6}],"seed_played":"3821045637477443077","potions_obtained":[{"floor":1,"key":"Fire Potion"}],"is_trial":false,"path_per_floor":["M","$","M","M","M","R","M","$","T","R","?","?","M","?","R","B",null,"M","M","?","$","?","R","M","R","T","$","?","$","R","M","R","B",null,"M","M","$","M","M","R","M","R","T","M","?","R","?","M","R","B",null],"character_chosen":"IRONCLAD","items_purchased":["Panache","Spot Weakness","Inflame","Ornamental Fan","SkillPotion","Blood Vial","Warcry","Shrug It Off","Pummel","Power Through","Feel No Pain","Intimidate+1","Shrug It Off+1","Armaments+1","Flame Barrier+1"],"campfire_rested":2,"item_purchase_floors":[0,0,0,0,0,0,0,2,8,8,21,21,29,37,37],"current_hp_per_floor":[32,32,39,46,52,52,54,54,54,54,36,36,44,44,66,45,68,48,53,47,47,47,47,44,44,44,44,44,44,67,71,71,67,75,70,72,72,59,68,68,78,78,78,78,78,78,78,78,78,51],"gold":18,"neow_bonus":"","is_prod":false,"is_daily":false,"chose_seed":false,"campfire_upgraded":9,"win_rate":0,"timestamp":1563120383,"path_taken":["M","$","M","M","M","R","M","$","T","R","?","?","?","?","R","BOSS","M","M","?","$","?","R","M","R","T","$","?","?","R","M","R","BOSS","M","M","$","?","M","R","M","R","T","M","?","R","?","M","R","BOSS"],"build_version":"2019-07-05","purchased_purges":0,"victory":true,"max_hp_per_floor":[75,75,75,75,75,75,75,75,75,75,75,75,75,75,75,75,75,75,78,78,78,78,78,78,78,78,78,78,78,78,78,78,78,78,78,78,78,78,78,78,78,78,78,78,78,78,78,78,78,78],"card_choices":[{"not_picked":["Shrug It Off","Armaments"],"picked":"True Grit","floor":1},{"not_picked":["Power Through","Clash"],"picked":"Feel No Pain","floor":3},{"not_picked":["Pommel Strike","Clothesline"],"picked":"Flex","floor":4},{"not_picked":["Shrug It Off","Thunderclap"],"picked":"Juggernaut","floor":5},{"not_picked":["Carnage","Metallicize"],"picked":"Spot Weakness","floor":7},{"not_picked":["Warcry+1","Sentinel+1"],"picked":"Rage+1","floor":13},{"not_picked":["Double Tap+1","Exhume+1"],"picked":"Feed","floor":16},{"not_picked":["Pommel Strike","Clothesline+1"],"picked":"Shrug It Off+1","floor":18},{"not_picked":["Cleave","Perfected Strike"],"picked":"Pummel","floor":19},{"not_picked":["Flex+1","Burning Pact+1"],"picked":"Flame Barrier+1","floor":24},{"not_picked":["Pommel Strike","Flex+1"],"picked":"Warcry+1","floor":31},{"not_picked":["Berserk","Dark Embrace"],"picked":"Reaper","floor":33},{"not_picked":["Cleave"],"picked":"SKIP","floor":35},{"not_picked":["Sword Boomerang"],"picked":"SKIP","floor":36},{"not_picked":[],"picked":"True Grit+1","floor":38},{"not_picked":["Bloodletting+1"],"picked":"SKIP","floor":39},{"not_picked":[],"picked":"True Grit+1","floor":41},{"not_picked":["Perfected Strike"],"picked":"SKIP","floor":44},{"not_picked":["Perfected Strike"],"picked":"SKIP","floor":48}],"player_experience":415830,"relics_obtained":[{"floor":9,"key":"Bottled Flame"},{"floor":26,"key":"Blue Candle"},{"floor":43,"key":"Dodecahedron"}],"event_choices":[{"damage_healed":0,"gold_gain":0,"player_choice":"Success","damage_taken":18,"relics_obtained":["Toxic Egg 2"],"max_hp_gain":0,"max_hp_loss":0,"event_name":"Scrap Ooze","floor":11,"gold_loss":0},{"cards_removed":["Strike_R"],"damage_healed":0,"gold_gain":0,"player_choice":"Card Removal","damage_taken":0,"max_hp_gain":0,"max_hp_loss":0,"event_name":"Wheel of Change","floor":12,"gold_loss":0},{"damage_healed":0,"gold_gain":0,"player_choice":"Ignored","damage_taken":0,"max_hp_gain":0,"max_hp_loss":0,"event_name":"Shining Light","floor":14,"gold_loss":0},{"damage_healed":0,"gold_gain":0,"player_choice":"Joined the Cult","damage_taken":6,"max_hp_gain":0,"max_hp_loss":0,"event_name":"Nest","floor":20,"gold_loss":0,"cards_obtained":["RitualDagger"]},{"damage_healed":0,"gold_gain":0,"player_choice":"Became a vampire (Vial)","damage_taken":0,"max_hp_gain":0,"max_hp_loss":0,"event_name":"Vampires","floor":22,"relics_lost":["Blood Vial"],"gold_loss":0,"cards_obtained":["Bite","Bite","Bite","Bite","Bite"]},{"damage_healed":0,"gold_gain":0,"player_choice":"Ignored","damage_taken":0,"max_hp_gain":0,"max_hp_loss":0,"event_name":"Ghosts","floor":28,"gold_loss":0},{"damage_healed":0,"gold_gain":0,"player_choice":"Paid","damage_taken":0,"relics_obtained":["Red Mask"],"max_hp_gain":0,"max_hp_loss":0,"event_name":"Tomb of Lord Red Mask","floor":45,"gold_loss":108},{"damage_healed":0,"gold_gain":0,"player_choice":"Ignored","damage_taken":0,"max_hp_gain":0,"max_hp_loss":0,"event_name":"Mysterious Sphere","floor":47,"gold_loss":0}],"is_beta":false,"boss_relics":[{"not_picked":["Orrery","Runic Pyramid"],"picked":"Sozu"},{"not_picked":["Fusion Hammer","Tiny House"],"picked":"Busted Crown"}],"items_purged_floors":[],"is_endless":false,"potions_floor_spawned":[1,19,33,36,38,39,44],"ascension_level":15}