{"gold_per_floor":[117,117,117,128,138,163,180,180],"floor_reached":8,"playtime":119,"items_purged":[],"score":116,"play_id":"ed7ce2d6-7358-444e-b64e-38e865573684","local_time":"20190406020417","is_ascension_mode":true,"campfire_choices":[],"neow_cost":"NONE","seed_source_timestamp":287055363755200,"circlet_count":0,"master_deck":["AscendersBane","Defend_G","Defend_G","Defend_G","Defend_G","Defend_G","Strike_G","Strike_G","Strike_G","Strike_G","Strike_G","Survivor","Neutralize+1","Backstab","Backflip","Finisher","Night Terror","Calculated Gamble"],"relics":["Ring of the Snake","NeowsBlessing","Ancient Tea Set"],"potions_floor_usage":[6,7],"damage_taken":[{"damage":0,"enemies":"2 Louse","floor":1,"turns":1},{"damage":0,"enemies":"Small Slimes","floor":4,"turns":1},{"damage":0,"enemies":"Cultist","floor":5,"turns":1},{"damage":54,"enemies":"Gremlin Nob","floor":6,"turns":5},{"damage":4,"enemies":"Gremlin Gang","floor":7,"turns":4},{"damage":0,"enemies":"3 Sentries","floor":8,"turns":1}],"seed_played":"9046516226035728231","potions_obtained":[{"floor":1,"key":"LiquidBronze"},{"floor":6,"key":"AttackPotion"},{"floor":7,"key":"FearPotion"}],"is_trial":false,"path_per_floor":["M","?","?","M","M","E","M","E"],"character_chosen":"THE_SILENT","items_purchased":[],"campfire_rested":0,"item_purchase_floors":[],"current_hp_per_floor":[59,59,59,59,59,5,1,1],"gold":180,"neow_bonus":"THREE_ENEMY_KILL","is_prod":false,"is_daily":false,"chose_seed":false,"campfire_upgraded":0,"win_rate":0,"timestamp":1554483857,"path_taken":["M","?","?","?","?","E","M","E"],"build_version":"2019-01-23","purchased_purges":0,"victory":false,"max_hp_per_floor":[66,66,66,66,66,66,66,66],"card_choices":[{"not_picked":["Dash","Reflex"],"picked":"Backstab","floor":1},{"not_picked":["Blade Dance","Eviscerate"],"picked":"Backflip","floor":4},{"not_picked":["Bane","Expertise"],"picked":"Finisher","floor":5},{"not_picked":["Flechettes","Dagger Spray"],"picked":"Night Terror","floor":6},{"not_picked":["Acrobatics","Quick Slash"],"picked":"Calculated Gamble","floor":7}],"player_experience":4709982,"relics_obtained":[{"floor":6,"key":"Ancient Tea Set"}],"event_choices":[{"damage_healed":0,"gold_gain":0,"player_choice":"Ignored","damage_taken":0,"max_hp_gain":0,"max_hp_loss":0,"event_name":"Liars Game","floor":2,"gold_loss":0},{"damage_healed":0,"gold_gain":0,"player_choice":"Upgraded","damage_taken":0,"max_hp_gain":0,"max_hp_loss":0,"event_name":"Upgrade Shrine","floor":3,"gold_loss":0,"cards_upgraded":["Neutralize"]}],"is_beta":false,"boss_relics":[],"items_purged_floors":[],"is_endless":false,"potions_floor_spawned":[1,6,7],"killed_by":"3 Sentries","ascension_level":20}