{"gold_per_floor":[117,133,150,150,166,199,199,229,229,94,94,107,107,142,142,216,216,228,178,138,158,158,186,186,186,186,214,214,224,85,104,104,178,228,241,241,256,256,275,300,300,318,318,318,110,110,2,19,19,19,19,19,19,19,50,50],"floor_reached":56,"playtime":2082,"items_purged":["Strike_G","Defend_G","Strike_G","Strike_G","Strike_G"],"score":1916,"play_id":"1a7786b9-2c04-4c96-b3a2-3df2f76f83fa","local_time":"20190702032604","is_ascension_mode":true,"campfire_choices":[{"data":"Accuracy","floor":7.0,"key":"SMITH"},{"data":"A Thousand Cuts","floor":13.0,"key":"SMITH"},{"data":"Infinite Blades","floor":15.0,"key":"SMITH"},{"floor":24.0,"key":"REST"},{"data":"Neutralize","floor":28.0,"key":"SMITH"},{"floor":32.0,"key":"REST"},{"data":"Prepared","floor":41.0,"key":"SMITH"},{"data":"Tactician","floor":44.0,"key":"SMITH"},{"data":"Reflex","floor":46.0,"key":"SMITH"},{"floor":49.0,"key":"RECALL"},{"data":"Finesse","floor":53.0,"key":"SMITH"}],"neow_cost":"","seed_source_timestamp":0,"circlet_count":0,"master_deck":["Accuracy+1","Storm of Steel+1","Survivor+1","Defend_G","Defend_G","Defend_G","Defend_G","Neutralize+1","A Thousand Cuts+1","Backstab","Infinite Blades+1","Escape Plan","Grand Finale","Deflect","PiercingWail","Tactician+1","Reflex+1","Prepared+1","Grand Finale","Acrobatics","Finesse+1","Secret Technique","Backflip","Adrenaline"],"special_seed":0,"relics":["Ring of the Snake","Bottled Tornado","Ninja Scroll","Smiling Mask","StoneCalendar","Frozen Egg 2","NlothsMask","Omamori","Runic Pyramid","Regal Pillow","Shuriken","Blue Candle","Tiny House","Pantograph","Bag of Preparation","Kunai"],"potions_floor_usage":[],"damage_taken":[{"damage":5.0,"enemies":"2 Louse","floor":1.0,"turns":5.0},{"damage":0.0,"enemies":"Cultist","floor":2.0,"turns":2.0},{"damage":0.0,"enemies":"Small Slimes","floor":3.0,"turns":3.0},{"damage":0.0,"enemies":"2 Fungi Beasts","floor":5.0,"turns":2.0},{"damage":32.0,"enemies":"Gremlin Nob","floor":6.0,"turns":4.0},{"damage":15.0,"enemies":"Lagavulin","floor":8.0,"turns":6.0},{"damage":0.0,"enemies":"Lots of Slimes","floor":12.0,"turns":6.0},{"damage":0.0,"enemies":"Gremlin Nob","floor":14.0,"turns":3.0},{"damage":5.0,"enemies":"Hexaghost","floor":16.0,"turns":7.0},{"damage":11.0,"enemies":"2 Thieves","floor":18.0,"turns":2.0},{"damage":0.0,"enemies":"Chosen","floor":21.0,"turns":3.0},{"damage":25.0,"enemies":"Slavers","floor":23.0,"turns":3.0},{"damage":5.0,"enemies":"Book of Stabbing","floor":27.0,"turns":3.0},{"damage":21.0,"enemies":"Snake Plant","floor":29.0,"turns":3.0},{"damage":3.0,"enemies":"Centurion and Healer","floor":31.0,"turns":3.0},{"damage":15.0,"enemies":"Collector","floor":33.0,"turns":6.0},{"damage":4.0,"enemies":"3 Shapes","floor":35.0,"turns":5.0},{"damage":8.0,"enemies":"3 Darklings","floor":37.0,"turns":3.0},{"damage":1.0,"enemies":"Writhing Mass","floor":39.0,"turns":5.0},{"damage":26.0,"enemies":"Giant Head","floor":40.0,"turns":6.0},{"damage":0.0,"enemies":"Transient","floor":42.0,"turns":6.0},{"damage":2.0,"enemies":"3 Darklings","floor":48.0,"turns":2.0},{"damage":6.0,"enemies":"Awakened One","floor":50.0,"turns":9.0},{"damage":53.0,"enemies":"Time Eater","floor":51.0,"turns":8.0},{"damage":0.0,"enemies":"Shield and Spear","floor":55.0,"turns":2.0},{"damage":95,"enemies":"The Heart","floor":56,"turns":3}],"seed_played":"-6098579603720218969","potions_obtained":[{"floor":5.0,"key":"EssenceOfSteel"},{"floor":8.0,"key":"Fire Potion"},{"floor":14.0,"key":"Weak Potion"},{"floor":20.0,"key":"Weak Potion"},{"floor":27.0,"key":"SteroidPotion"},{"floor":33.0,"key":"GamblersBrew"},{"floor":34.0,"key":"PowerPotion"},{"floor":39.0,"key":"GhostInAJar"},{"floor":48.0,"key":"Swift Potion"}],"is_trial":true,"path_per_floor":["M","M","M","?","M","E","R","E","T","$","?","M","R","E","R","B",null,"M","$","?","M","?","E","R","?","T","E","R","M","$","M","R","B",null,"M","?","M","?","M","E","R","M","T","R","$","R","$","M","R","B","B",null,"R","$","E","B"],"character_chosen":"THE_SILENT","items_purchased":["Regen Potion","Reflex","Bag of Preparation","Backflip"],"campfire_rested":2,"item_purchase_floors":[10,30,45,47],"current_hp_per_floor":[54,54,54,54,54,22,22,7,7,7,7,22,22,22,22,17,54,43,43,43,43,43,18,52,52,52,47,47,26,26,23,57,42,65,61,51,43,43,42,16,16,16,16,16,16,16,16,14,14,33,5,55,55,55,55,0],"gold":50,"neow_bonus":"","is_prod":false,"is_daily":false,"chose_seed":false,"campfire_upgraded":8,"win_rate":0,"timestamp":1562005564,"path_taken":["M","M","M","?","?","E","R","E","T","$","?","?","R","E","R","BOSS","M","$","?","?","?","E","R","?","T","E","R","M","$","M","R","BOSS","M","?","M","?","M","E","R","M","T","R","?","R","?","M","R","BOSS","BOSS","R","$","E","BOSS"],"build_version":"2019-01-23","purchased_purges":5,"victory":false,"max_hp_per_floor":[66,66,66,66,66,66,66,66,66,66,66,66,66,66,66,66,66,66,66,66,66,66,66,66,66,66,66,66,66,66,66,66,66,71,71,71,71,71,71,71,71,71,71,71,71,71,71,71,71,71,71,71,71,71,71,71],"card_choices":[{"not_picked":["Flying Knee","Cloak And Dagger"],"picked":"Blade Dance","floor":1.0},{"not_picked":["Deadly Poison","PiercingWail"],"picked":"A Thousand Cuts","floor":2.0},{"not_picked":["Flying Knee","Prepared","Setup"],"picked":"SKIP","floor":3.0},{"not_picked":["Prepared","PiercingWail"],"picked":"Backstab","floor":5.0},{"not_picked":["Flying Knee","Leg Sweep","Deflect"],"picked":"SKIP","floor":6.0},{"not_picked":["Accuracy","Dash"],"picked":"Infinite Blades","floor":8.0},{"not_picked":["Dagger Throw","Dodge and Roll"],"picked":"Escape Plan","floor":12.0},{"not_picked":["Prepared","Glass Knife","Dodge and Roll"],"picked":"SKIP","floor":14.0},{"not_picked":["Storm of Steel","Glass Knife"],"picked":"Grand Finale","floor":16.0},{"not_picked":["Bane+1","All Out Attack"],"picked":"Deflect","floor":18.0},{"not_picked":["Heel Hook","Concentrate","Noxious Fumes+1"],"picked":"SKIP","floor":21.0},{"not_picked":["Deadly Poison","Heel Hook","Blade Dance"],"picked":"SKIP","floor":23.0},{"not_picked":["Bane+1","Prepared"],"picked":"PiercingWail","floor":27.0},{"not_picked":["Bane","Blade Dance"],"picked":"Tactician","floor":29.0},{"not_picked":["Night Terror","Dodge and Roll"],"picked":"Prepared","floor":31.0},{"not_picked":["Venomology","Tools of the Trade+1"],"picked":"Grand Finale","floor":33.0},{"not_picked":["Sucker Punch+1","Dodge and Roll"],"picked":"Acrobatics","floor":35.0},{"not_picked":["Madness","Discovery"],"picked":"Finesse","floor":36.0},{"not_picked":["Trip","Chrysalis"],"picked":"Secret Technique","floor":36.0},{"not_picked":["Riddle With Holes+1","Poisoned Stab+1","Dagger Throw"],"picked":"SKIP","floor":37.0},{"not_picked":["Acrobatics","Dagger Throw+1","Poisoned Stab"],"picked":"SKIP","floor":39.0},{"not_picked":["Leg Sweep","Noxious Fumes+1","Underhanded Strike"],"picked":"SKIP","floor":40.0},{"not_picked":["Prepared","Poisoned Stab","Backflip"],"picked":"SKIP","floor":42.0},{"not_picked":["Well Laid Plans+1","Slice","Outmaneuver+1"],"picked":"SKIP","floor":48.0},{"not_picked":["Noxious Fumes+1","Riddle With Holes"],"picked":"Adrenaline","floor":55.0}],"player_experience":5554842,"relics_obtained":[{"floor":6.0,"key":"Smiling Mask"},{"floor":8.0,"key":"StoneCalendar"},{"floor":9.0,"key":"Frozen Egg 2"},{"floor":14.0,"key":"Omamori"},{"floor":23.0,"key":"Regal Pillow"},{"floor":27.0,"key":"Blue Candle"},{"floor":40.0,"key":"Pantograph"},{"floor":55.0,"key":"Kunai"}],"event_choices":[{"cards_removed":["Blade Dance"],"damage_healed":0.0,"max_hp_gain":0.0,"max_hp_loss":0.0,"gold_gain":0.0,"event_name":"WeMeetAgain","player_choice":"Gave Card","floor":4.0,"gold_loss":0.0,"damage_taken":0.0,"relics_obtained":["Ninja Scroll"]},{"damage_healed":0.0,"max_hp_gain":0.0,"max_hp_loss":0.0,"gold_gain":0.0,"event_name":"FaceTrader","player_choice":"Trade","floor":11.0,"gold_loss":0.0,"damage_taken":0.0,"relics_obtained":["NlothsMask"]},{"damage_healed":0.0,"max_hp_gain":0.0,"max_hp_loss":0.0,"gold_gain":0.0,"event_name":"The Woman in Blue","player_choice":"Bought 3 Potions","floor":20.0,"gold_loss":0.0,"damage_taken":0.0},{"damage_healed":0.0,"max_hp_gain":0.0,"max_hp_loss":0.0,"gold_gain":0.0,"event_name":"Vampires","player_choice":"Ignored","floor":22.0,"gold_loss":0.0,"damage_taken":0.0},{"damage_healed":0.0,"max_hp_gain":0.0,"max_hp_loss":0.0,"gold_gain":0.0,"event_name":"Addict","player_choice":"Stole Relic","floor":25.0,"gold_loss":0.0,"damage_taken":0.0,"relics_obtained":["Shuriken"],"cards_obtained":["Shame"]},{"damage_healed":0.0,"max_hp_gain":0.0,"max_hp_loss":0.0,"gold_gain":0.0,"event_name":"SensoryStone","player_choice":"Memory 3","floor":36.0,"gold_loss":0.0,"damage_taken":10.0},{"cards_removed":["Strike_G"],"damage_healed":0.0,"max_hp_gain":0.0,"max_hp_loss":0.0,"gold_gain":0.0,"event_name":"Falling","player_choice":"Removed Attack","floor":38.0,"gold_loss":0.0,"damage_taken":0.0}],"is_beta":false,"boss_relics":[{"not_picked":["White Beast Statue","Fusion Hammer"],"picked":"Runic Pyramid"},{"not_picked":["Calling Bell","Coffee Dripper"],"picked":"Tiny House"}],"items_purged_floors":[10,19,30,45,47],"is_endless":false,"potions_floor_spawned":[5,8,14,21,27,33,37,39,48],"killed_by":"The Heart","ascension_level":20}