{"gold_per_floor":[119,138,63,63,80,114,124,124,147,147,162,191,191,209,209,284,284,296,94,114,133,133],"floor_reached":22,"playtime":873,"items_purged":["Defend_G","Defend_G"],"score":496,"play_id":"d1968e79-4b45-4e51-9a4c-ce824af934ee","local_time":"20190614025918","is_ascension_mode":true,"campfire_choices":[{"floor":8.0,"key":"REST"},{"floor":10.0,"key":"REST"},{"data":"Masterful Stab","floor":15.0,"key":"SMITH"}],"neow_cost":"","seed_source_timestamp":1569302899290000,"circlet_count":0,"master_deck":["Survivor","Defend_G","Defend_G","Defend_G","Strike_G","Strike_G","Strike_G","Neutralize","Echo Form","Echo Form","Echo Form","Backflip+1","Outmaneuver+1","Masterful Stab+1","Deadly Poison+1","Prepared+1","Setup+1","Die Die Die","Blur+1","Madness+1","Footwork+1","Acrobatics+1"],"special_seed":0,"relics":["Ring of the Snake","Toxic Egg 2","Art of War","Oddly Smooth Stone","Happy Flower","Philosopher\u0027s Stone"],"potions_floor_usage":[],"damage_taken":[{"damage":17.0,"enemies":"Cultist","floor":1.0,"turns":6.0},{"damage":4.0,"enemies":"Jaw Worm","floor":2.0,"turns":7.0},{"damage":6.0,"enemies":"Small Slimes","floor":5.0,"turns":6.0},{"damage":5.0,"enemies":"Lagavulin","floor":6.0,"turns":6.0},{"damage":14.0,"enemies":"Exordium Thugs","floor":7.0,"turns":6.0},{"damage":0.0,"enemies":"Lots of Slimes","floor":11.0,"turns":2.0},{"damage":30.0,"enemies":"3 Sentries","floor":12.0,"turns":11.0},{"damage":2.0,"enemies":"Looter","floor":14.0,"turns":4.0},{"damage":0.0,"enemies":"The Guardian","floor":16.0,"turns":7.0},{"damage":0.0,"enemies":"Chosen","floor":18.0,"turns":6.0},{"damage":0.0,"enemies":"Spheric Guardian","floor":20.0,"turns":5.0},{"damage":5.0,"enemies":"Centurion and Healer","floor":21.0,"turns":8.0},{"damage":46,"enemies":"Chosen and Byrds","floor":22,"turns":7}],"seed_played":"-5577042690272791012","potions_obtained":[{"floor":1.0,"key":"SkillPotion"},{"floor":2.0,"key":"Weak Potion"},{"floor":11.0,"key":"Fire Potion"},{"floor":14.0,"key":"PowerPotion"},{"floor":16.0,"key":"SpeedPotion"},{"floor":18.0,"key":"Dexterity Potion"}],"is_trial":true,"path_per_floor":["M","M","$","?","M","E","M","R","T","R","M","E","?","M","R","B",null,"M","$","M","M","M"],"character_chosen":"THE_SILENT","items_purchased":["Madness+1"],"campfire_rested":2,"item_purchase_floors":[19],"current_hp_per_floor":[42,38,38,38,32,27,13,32,32,51,51,21,21,19,19,19,54,54,54,54,49,3],"gold":133,"neow_bonus":"","is_prod":false,"is_daily":false,"chose_seed":false,"campfire_upgraded":1,"win_rate":0,"timestamp":1560448758,"path_taken":["M","?","$","?","?","E","M","R","T","R","M","E","?","M","R","BOSS","M","$","M","M","M"],"build_version":"2019-01-23","purchased_purges":2,"victory":false,"max_hp_per_floor":[66,66,66,66,66,66,66,66,66,66,66,66,66,66,66,66,66,66,66,66,66,66],"card_choices":[{"not_picked":["Endless Agony","Well Laid Plans"],"picked":"Backflip+1","floor":1.0},{"not_picked":["Flying Knee","Infinite Blades"],"picked":"Outmaneuver+1","floor":2.0},{"not_picked":["PiercingWail+1","Endless Agony"],"picked":"Masterful Stab","floor":5.0},{"not_picked":["Quick Slash","Noxious Fumes"],"picked":"Deadly Poison+1","floor":6.0},{"not_picked":["Outmaneuver+1","Cloak And Dagger+1","Bane"],"picked":"SKIP","floor":7.0},{"not_picked":["Dodge and Roll+1","Dagger Throw"],"picked":"Prepared+1","floor":11.0},{"not_picked":["Choke","Skewer","Unload"],"picked":"SKIP","floor":12.0},{"not_picked":["Footwork","Dodge and Roll+1"],"picked":"Setup+1","floor":14.0},{"not_picked":["Night Terror+1","Unload"],"picked":"Die Die Die","floor":16.0},{"not_picked":["Deflect+1","Deadly Poison+1"],"picked":"Blur+1","floor":18.0},{"not_picked":["Prepared+1","Quick Slash"],"picked":"Footwork+1","floor":20.0},{"not_picked":["Bane","Sucker Punch"],"picked":"Acrobatics+1","floor":21.0}],"player_experience":5355858,"relics_obtained":[{"floor":6.0,"key":"Art of War"},{"floor":9.0,"key":"Oddly Smooth Stone"},{"floor":12.0,"key":"Happy Flower"}],"event_choices":[{"cards_removed":["Strike_G"],"damage_healed":0.0,"max_hp_gain":0.0,"max_hp_loss":0.0,"gold_gain":0.0,"event_name":"Purifier","player_choice":"Purged","floor":4.0,"gold_loss":0.0,"damage_taken":0.0},{"cards_removed":["Strike_G"],"damage_healed":0.0,"max_hp_gain":0.0,"max_hp_loss":0.0,"gold_gain":0.0,"event_name":"Wheel of Change","player_choice":"Card Removal","floor":13.0,"gold_loss":0.0,"damage_taken":0.0}],"is_beta":false,"boss_relics":[{"not_picked":["WristBlade","Busted Crown"],"picked":"Philosopher\u0027s Stone"}],"items_purged_floors":[3,19],"is_endless":false,"potions_floor_spawned":[1,2,11,14,16,18],"killed_by":"Chosen and Byrds","ascension_level":20}