{"gold_per_floor":[117,135,135,145,145,178,178,210,210,225,235,235,247,247,247,324,324,334,346,346,271,287,316,241,241,241,253,264,293,293,293,293,364,364,379,379,429,447,208,234,286,303,303,303,336,336,352,369,369,369,369,369,369,48,79,79],"floor_reached":57,"playtime":1827,"items_purged":["Whirlwind","Clash"],"score":2924,"play_id":"05149a75-cb34-4c39-8374-3abc0e68f5d9","local_time":"20190715030228","daily_mods":["Diverse"],"is_ascension_mode":true,"campfire_choices":[{"data":"Cloak And Dagger","floor":7.0,"key":"SMITH"},{"data":"Rampage","floor":12.0,"key":"SMITH"},{"data":"Reinforced Body","floor":15.0,"key":"SMITH"},{"data":"Reinforced Body","floor":25.0,"key":"SMITH"},{"data":"Double Energy","floor":32.0,"key":"SMITH"},{"floor":49,"key":"RECALL"},{"floor":53,"key":"REST"}],"neow_cost":"","seed_source_timestamp":369921108049300,"circlet_count":0,"master_deck":["Skewer+1","Whirlwind+1","Reinforced Body+1","Reinforced Body+1","Cloak And Dagger+1","Rampage+1","Noxious Fumes+1","Warcry+1","Body Slam+1","Double Energy+1","Night Terror+1","Well Laid Plans+1","Outmaneuver+1","Brutality+1"],"special_seed":0,"relics":["Burning Blood","Happy Flower","Frozen Egg 2","Molten Egg 2","Philosopher\u0027s Stone","Vajra","Pantograph","Anchor","Fusion Hammer","Art of War","Prayer Wheel","Magic Flower","War Paint","Mummified Hand","Chemical X","Pear"],"potions_floor_usage":[51],"damage_taken":[{"damage":0.0,"enemies":"Jaw Worm","floor":1.0,"turns":5.0},{"damage":0.0,"enemies":"Cultist","floor":2.0,"turns":3.0},{"damage":0.0,"enemies":"Small Slimes","floor":4.0,"turns":3.0},{"damage":5.0,"enemies":"Gremlin Nob","floor":6.0,"turns":3.0},{"damage":0.0,"enemies":"Lagavulin","floor":8.0,"turns":7.0},{"damage":0.0,"enemies":"Looter","floor":10.0,"turns":3.0},{"damage":0.0,"enemies":"3 Louse","floor":11.0,"turns":1.0},{"damage":0.0,"enemies":"Blue Slaver","floor":13.0,"turns":3.0},{"damage":20.0,"enemies":"The Guardian","floor":16.0,"turns":10.0},{"damage":0.0,"enemies":"Chosen","floor":18.0,"turns":3.0},{"damage":0.0,"enemies":"3 Byrds","floor":19.0,"turns":2.0},{"damage":23.0,"enemies":"Shelled Parasite and Fungi","floor":22.0,"turns":6.0},{"damage":0.0,"enemies":"Gremlin Leader","floor":23.0,"turns":4.0},{"damage":3.0,"enemies":"Snake Plant","floor":27.0,"turns":3.0},{"damage":0.0,"enemies":"Cultist and Chosen","floor":28.0,"turns":5.0},{"damage":0.0,"enemies":"Book of Stabbing","floor":29.0,"turns":4.0},{"damage":64.0,"enemies":"Collector","floor":33.0,"turns":10.0},{"damage":0.0,"enemies":"Orb Walker","floor":35.0,"turns":4.0},{"damage":4.0,"enemies":"3 Shapes","floor":38.0,"turns":6.0},{"damage":4.0,"enemies":"Giant Head","floor":40.0,"turns":3.0},{"damage":0.0,"enemies":"2 Orb Walkers","floor":41.0,"turns":1.0},{"damage":0.0,"enemies":"Jaw Worm Horde","floor":42.0,"turns":1.0},{"damage":0,"enemies":"Nemesis","floor":45,"turns":3},{"damage":0,"enemies":"Sphere and 2 Shapes","floor":47,"turns":3},{"damage":0,"enemies":"Spire Growth","floor":48,"turns":3},{"damage":26,"enemies":"Donu and Deca","floor":50,"turns":4},{"damage":59,"enemies":"Awakened One","floor":51,"turns":9},{"damage":4,"enemies":"Shield and Spear","floor":55,"turns":2},{"damage":66,"enemies":"The Heart","floor":56,"turns":11}],"seed_played":"-1789677772308867569","potions_obtained":[{"floor":1.0,"key":"AttackPotion"},{"floor":2.0,"key":"BloodPotion"},{"floor":13.0,"key":"Explosive Potion"},{"floor":29.0,"key":"Fire Potion"}],"is_trial":true,"path_per_floor":["M","M","?","M","?","E","R","E","T","M","M","R","M","$","R","B",null,"M","M","$","?","M","E","$","R","T","M","M","E","?","?","R","B",null,"M","?","?","M","$","E","?","M","T","$","E","T","M","M","R","B","B",null,"R","$","E","B",null],"character_chosen":"IRONCLAD","items_purchased":["Well Laid Plans+1","Art of War","Chemical X"],"campfire_rested":1,"item_purchase_floors":[39,39,54],"current_hp_per_floor":[74,75,71,75,52,53,53,59,59,65,71,71,75,75,75,61,72,75,75,75,75,58,64,64,64,64,67,73,75,75,54,54,21,65,71,71,64,66,66,68,74,76,76,76,76,76,76,76,76,59,55,71,76,76,86,29],"gold":79,"neow_bonus":"","is_prod":false,"is_daily":false,"chose_seed":false,"campfire_upgraded":5,"win_rate":0,"timestamp":1563127348,"path_taken":["M","M","?","?","?","E","R","E","T","M","M","R","M","$","R","BOSS","M","M","$","?","M","E","$","R","T","M","M","E","?","?","R","BOSS","M","?","?","?","$","E","?","M","T","$","E","?","M","M","R","BOSS","BOSS","R","$","E","BOSS"],"build_version":"2019-07-05","purchased_purges":2,"victory":true,"max_hp_per_floor":[75,75,75,75,75,75,75,75,75,75,75,75,75,75,75,75,75,75,75,75,75,75,75,75,75,75,75,75,75,75,80,80,80,80,80,76,76,76,76,76,76,76,76,76,76,76,76,76,76,76,76,76,76,76,86,86],"card_choices":[{"not_picked":["Dropkick","Wild Strike"],"picked":"Cloak And Dagger","floor":1.0},{"not_picked":["Thunderclap","Go for the Eyes"],"picked":"Clash","floor":2.0},{"not_picked":["Skim","Wild Strike","Evolve"],"picked":"SKIP","floor":4.0},{"not_picked":["Pommel Strike","Quick Slash","Bane"],"picked":"SKIP","floor":6.0},{"not_picked":["Escape Plan","Corruption"],"picked":"Rampage","floor":8.0},{"not_picked":["Sunder+1","Poisoned Stab+1","Night Terror"],"picked":"SKIP","floor":10.0},{"not_picked":["Storm+1","Perfected Strike+1","PiercingWail"],"picked":"SKIP","floor":11.0},{"not_picked":["Blade Dance","Iron Wave+1"],"picked":"Noxious Fumes+1","floor":13.0},{"not_picked":["Coolheaded","Go for the Eyes+1","Intimidate"],"picked":"SKIP","floor":18.0},{"not_picked":["Bane+1","Steam","Disarm"],"picked":"SKIP","floor":19.0},{"not_picked":["Cloak And Dagger","Coolheaded"],"picked":"Warcry+1","floor":22.0},{"not_picked":["Anger+1","Machine Learning+1"],"picked":"Body Slam+1","floor":23.0},{"not_picked":["Iron Wave+1","Flex","Deflect+1"],"picked":"SKIP","floor":27.0},{"not_picked":["Aggregate","Dual Wield+1","Perfected Strike+1"],"picked":"SKIP","floor":28.0},{"not_picked":["Concentrate","Intimidate","Redo"],"picked":"SKIP","floor":29.0},{"not_picked":["Electrodynamics+1","Immolate+1"],"picked":"Night Terror","floor":33.0},{"not_picked":["Combust+1","Turbo","Ball Lightning+1"],"picked":"SKIP","floor":35.0},{"not_picked":["Crippling Poison+1","Wild Strike+1","Clothesline+1"],"picked":"SKIP","floor":38.0},{"not_picked":["Leap","Blizzard+1","Dodge and Roll"],"picked":"SKIP","floor":40.0},{"not_picked":["Steam","Hologram","Force Field+1"],"picked":"SKIP","floor":42.0},{"not_picked":["Go for the Eyes+1","Endless Agony+1","Cleave+1"],"picked":"SKIP","floor":42.0},{"not_picked":["Dark Embrace+1","Hello World+1","BootSequence"],"picked":"SKIP","floor":45},{"not_picked":["Feel No Pain+1","Armaments+1","Acrobatics+1"],"picked":"SKIP","floor":47},{"not_picked":["Uppercut+1","Cold Snap+1","Reckless Charge+1"],"picked":"SKIP","floor":47},{"not_picked":["Entrench","Reflex"],"picked":"Outmaneuver+1","floor":48},{"not_picked":["Twin Strike+1","Wild Strike+1","Flechettes+1"],"picked":"SKIP","floor":48},{"not_picked":["Stack","Havoc"],"picked":"Brutality+1","floor":55}],"player_experience":5694850,"relics_obtained":[{"floor":6.0,"key":"Happy Flower"},{"floor":8.0,"key":"Frozen Egg 2"},{"floor":9.0,"key":"Molten Egg 2"},{"floor":23.0,"key":"Vajra"},{"floor":26.0,"key":"Pantograph"},{"floor":29.0,"key":"Anchor"},{"floor":40.0,"key":"Prayer Wheel"},{"floor":41.0,"key":"Magic Flower"},{"floor":45,"key":"War Paint"},{"floor":46,"key":"Mummified Hand"},{"floor":55,"key":"Pear"}],"event_choices":[{"damage_healed":0.0,"max_hp_gain":0.0,"max_hp_loss":0.0,"gold_gain":0.0,"event_name":"The Woman in Blue","player_choice":"Bought 0 Potions","floor":3.0,"gold_loss":0.0,"damage_taken":0.0},{"damage_healed":0.0,"max_hp_gain":0.0,"max_hp_loss":0.0,"gold_gain":0.0,"event_name":"Shining Light","player_choice":"Entered Light","floor":5.0,"gold_loss":0.0,"damage_taken":23.0,"cards_upgraded":["Whirlwind","Skewer"]},{"cards_removed":["Skewer"],"damage_healed":0.0,"max_hp_gain":0.0,"max_hp_loss":0.0,"gold_gain":0.0,"event_name":"Beggar","player_choice":"Gave Gold","floor":21.0,"gold_loss":75.0,"damage_taken":0.0},{"damage_healed":0.0,"max_hp_gain":0.0,"max_hp_loss":0.0,"gold_gain":0.0,"event_name":"The Library","player_choice":"Read","floor":30.0,"gold_loss":0.0,"damage_taken":0.0,"cards_obtained":["Double Energy"]},{"damage_healed":0.0,"max_hp_gain":5.0,"max_hp_loss":0.0,"gold_gain":0.0,"event_name":"Forgotten Altar","player_choice":"Shed Blood","floor":31.0,"gold_loss":0.0,"damage_taken":26.0},{"damage_healed":0.0,"max_hp_gain":0.0,"max_hp_loss":4.0,"gold_gain":0.0,"event_name":"Winding Halls","player_choice":"Max HP","floor":36.0,"gold_loss":0.0,"damage_taken":0.0},{"damage_healed":0.0,"max_hp_gain":0.0,"max_hp_loss":0.0,"gold_gain":50.0,"event_name":"FaceTrader","player_choice":"Touch","floor":37.0,"gold_loss":0.0,"damage_taken":7.0},{"damage_healed":0.0,"max_hp_gain":0.0,"max_hp_loss":0.0,"gold_gain":0.0,"event_name":"Mysterious Sphere","player_choice":"Fight","floor":41.0,"gold_loss":0.0,"damage_taken":0.0}],"is_beta":false,"boss_relics":[{"not_picked":["Calling Bell","Mark of Pain"],"picked":"Philosopher\u0027s Stone"},{"not_picked":["Busted Crown","Black Star"],"picked":"Fusion Hammer"}],"items_purged_floors":[24,54],"is_endless":false,"potions_floor_spawned":[1,2,13,16,27,29,33,41,45],"ascension_level":20}