{"gold_per_floor":[12,12,12,12,33,76,76,116,141,141,141,416,34,48,48,172,172,190,190,158,158,179,179,214,57,57,71,71,114,137,161,161,282,282,307,330,390,390,390],"floor_reached":39,"playtime":2733,"items_purged":["Regret"],"score":470,"play_id":"785d325b-1248-49dc-a881-7b49bab8b9ff","local_time":"20190131193712","is_ascension_mode":true,"campfire_choices":[{"data":"Venomology","floor":7,"key":"SMITH"},{"floor":11,"key":"REST"},{"data":"Noxious Fumes","floor":15,"key":"SMITH"},{"floor":23,"key":"REST"},{"floor":28,"key":"REST"},{"floor":32,"key":"REST"}],"neow_cost":"NO_GOLD","seed_source_timestamp":255289462118055,"circlet_count":0,"master_deck":["Defend_G","Defend_G","Defend_G","Defend_G","Strike_G","Strike_G","Strike_G","Strike_G","Survivor","Neutralize","Venomology+1","Well Laid Plans","Underhanded Strike","All Out Attack","Glass Knife","Noxious Fumes+1","Deflect","Adrenaline","Leg Sweep","Poisoned Stab+1","Glass Knife","Bouncing Flask","Corpse Explosion","Sucker Punch+1","Backflip+1","Bouncing Flask","Bullet Time","Deadly Poison+1","Bane+1"],"relics":["Ring of the Snake","Golden Idol","Pen Nib","Ancient Tea Set","Art of War","Medical Kit","Eternal Feather","Ginger","Blood Vial","Snake Skull","Kunai","Sundial","Black Star","Thread and Needle"],"potions_floor_usage":[6,6,8,16,18,20,22,22,24,24,29,30,30,31,33,33,35,36,36,37,39],"damage_taken":[{"damage":1,"enemies":"2 Louse","floor":1,"turns":4},{"damage":2,"enemies":"Jaw Worm","floor":5,"turns":6},{"damage":34,"enemies":"3 Sentries","floor":6,"turns":15},{"damage":20,"enemies":"Gremlin Nob","floor":8,"turns":4},{"damage":0,"enemies":"Small Slimes","floor":14,"turns":2},{"damage":42,"enemies":"The Guardian","floor":16,"turns":11},{"damage":13,"enemies":"Chosen","floor":18,"turns":5},{"damage":14,"enemies":"2 Thieves","floor":20,"turns":5},{"damage":24,"enemies":"Snake Plant","floor":22,"turns":4},{"damage":47,"enemies":"Gremlin Leader","floor":24,"turns":7},{"damage":0,"enemies":"3 Cultists","floor":27,"turns":2},{"damage":23,"enemies":"Book of Stabbing","floor":29,"turns":6},{"damage":0,"enemies":"Snecko","floor":30,"turns":4},{"damage":12,"enemies":"Snake Plant","floor":31,"turns":3},{"damage":46,"enemies":"Champ","floor":33,"turns":11},{"damage":3,"enemies":"Orb Walker","floor":35,"turns":4},{"damage":23,"enemies":"3 Darklings","floor":36,"turns":4},{"damage":45,"enemies":"2 Orb Walkers","floor":37,"turns":4},{"damage":24,"enemies":"Jaw Worm Horde","floor":39,"turns":2}],"seed_played":"3155393676832931506","potions_obtained":[{"floor":1,"key":"Ancient Potion"},{"floor":6,"key":"AttackPotion"},{"floor":20,"key":"Swift Potion"},{"floor":24,"key":"GamblersBrew"},{"floor":30,"key":"GamblersBrew"},{"floor":31,"key":"SpeedPotion"},{"floor":33,"key":"Weak Potion"},{"floor":36,"key":"Weak Potion"}],"is_trial":false,"path_per_floor":["M","?","?","?","M","E","R","E","T","?","R","?","$","M","R","B",null,"M","?","M","?","M","R","E","$","T","M","R","E","M","M","R","B",null,"M","M","?","?","M"],"character_chosen":"THE_SILENT","items_purchased":["Noxious Fumes","Medical Kit","Deflect","Snake Skull"],"campfire_rested":4,"item_purchase_floors":[13,13,13,25],"current_hp_per_floor":[69,69,69,69,67,48,48,28,28,28,49,49,49,49,49,7,70,57,57,43,43,19,52,5,5,5,7,43,22,24,14,50,6,70,67,46,3,3,0],"gold":390,"neow_bonus":"THREE_RARE_CARDS","is_prod":false,"is_daily":false,"chose_seed":false,"campfire_upgraded":2,"win_rate":0,"timestamp":1548981432,"path_taken":["M","?","?","?","M","E","R","E","T","?","R","?","$","M","R","BOSS","M","?","M","?","M","R","E","$","T","M","R","E","M","?","R","BOSS","M","M","?","?","M"],"build_version":"2019-01-23","purchased_purges":1,"victory":false,"max_hp_per_floor":[70,70,70,70,70,70,70,70,70,70,70,70,70,70,70,70,70,70,70,70,70,70,70,70,70,70,70,70,70,70,70,70,70,70,70,70,70,70,70],"card_choices":[{"not_picked":["Tools of the Trade","A Thousand Cuts"],"picked":"Venomology","floor":0},{"not_picked":["Sucker Punch","Expertise"],"picked":"Well Laid Plans","floor":1},{"not_picked":["Dodge and Roll","Deadly Poison"],"picked":"Underhanded Strike","floor":5},{"not_picked":["Riddle With Holes","Cloak And Dagger"],"picked":"All Out Attack","floor":6},{"not_picked":["All Out Attack","Leg Sweep"],"picked":"Glass Knife","floor":8},{"not_picked":["Endless Agony","Underhanded Strike","Flying Knee"],"picked":"SKIP","floor":14},{"not_picked":["A Thousand Cuts","Doppelganger"],"picked":"Adrenaline","floor":16},{"not_picked":["Noxious Fumes","PiercingWail+1"],"picked":"Leg Sweep","floor":18},{"not_picked":["PiercingWail","Slice"],"picked":"Poisoned Stab+1","floor":20},{"not_picked":["Deadly Poison","Poisoned Stab+1"],"picked":"Bouncing Flask","floor":22},{"not_picked":["Skewer","Flechettes+1"],"picked":"Corpse Explosion","floor":24},{"not_picked":["Caltrops","Dagger Spray+1"],"picked":"Sucker Punch+1","floor":27},{"not_picked":["Backstab","Finisher"],"picked":"Backflip+1","floor":29},{"not_picked":["Poisoned Stab","Dagger Spray"],"picked":"Bouncing Flask","floor":30},{"not_picked":["Blade Dance","Underhanded Strike","Choke"],"picked":"SKIP","floor":31},{"not_picked":["Envenom","Night Terror"],"picked":"Bullet Time","floor":33},{"not_picked":["PiercingWail","Acrobatics","Sucker Punch"],"picked":"SKIP","floor":35},{"not_picked":["PiercingWail+1","Skewer+1"],"picked":"Deadly Poison+1","floor":36},{"not_picked":["Sucker Punch+1","Expertise"],"picked":"Bane+1","floor":37}],"player_experience":85060,"relics_obtained":[{"floor":6,"key":"Pen Nib"},{"floor":8,"key":"Ancient Tea Set"},{"floor":9,"key":"Art of War"},{"floor":24,"key":"Blood Vial"},{"floor":26,"key":"Kunai"},{"floor":29,"key":"Sundial"},{"floor":37,"key":"Thread and Needle"}],"event_choices":[{"damage_healed":0,"gold_gain":0,"player_choice":"Take Wound","damage_taken":0,"relics_obtained":["Golden Idol"],"max_hp_gain":0,"max_hp_loss":0,"event_name":"Golden Idol","floor":2,"gold_loss":0,"cards_obtained":["Injury"]},{"damage_healed":0,"gold_gain":0,"player_choice":"Ignored","damage_taken":0,"max_hp_gain":0,"max_hp_loss":0,"event_name":"Liars Game","floor":3,"gold_loss":0},{"damage_healed":0,"gold_gain":0,"player_choice":"Leave","damage_taken":0,"max_hp_gain":0,"max_hp_loss":0,"event_name":"The Cleric","floor":4,"gold_loss":0},{"cards_removed":["Injury"],"damage_healed":0,"gold_gain":0,"player_choice":"Forget","damage_taken":0,"max_hp_gain":0,"max_hp_loss":0,"event_name":"Living Wall","floor":10,"gold_loss":0},{"damage_healed":0,"gold_gain":275,"player_choice":"Desecrate","damage_taken":0,"max_hp_gain":0,"max_hp_loss":0,"event_name":"Golden Shrine","floor":12,"gold_loss":0,"cards_obtained":["Regret"]},{"damage_healed":0,"gold_gain":0,"player_choice":"Opened","damage_taken":0,"relics_obtained":["Ginger"],"max_hp_gain":0,"max_hp_loss":0,"event_name":"The Mausoleum","floor":19,"gold_loss":0},{"damage_healed":0,"gold_gain":0,"cards_transformed":["Strike_G"],"player_choice":"Transformed","damage_taken":0,"max_hp_gain":0,"max_hp_loss":0,"event_name":"Transmorgrifier","floor":21,"gold_loss":0,"cards_obtained":["Glass Knife"]},{"damage_healed":0,"gold_gain":0,"player_choice":"Fight","damage_taken":0,"max_hp_gain":0,"max_hp_loss":0,"event_name":"Mysterious Sphere","floor":37,"gold_loss":0},{"cards_removed":["Defend_G"],"damage_healed":0,"gold_gain":0,"player_choice":"Removed Skill","damage_taken":0,"max_hp_gain":0,"max_hp_loss":0,"event_name":"Falling","floor":38,"gold_loss":0}],"is_beta":false,"boss_relics":[{"not_picked":["Philosopher\u0027s Stone","Sozu"],"picked":"Eternal Feather"},{"not_picked":["Snecko Eye","Runic Dome"],"picked":"Black Star"}],"items_purged_floors":[13],"is_endless":false,"potions_floor_spawned":[1,6,20,24,30,31,33,36],"killed_by":"Jaw Worm Horde","ascension_level":2}