{"gold_per_floor":[20,37,55,73,91,91,107,133,179,192,207,240,240,10,10,87,87,99,115,30,43,60,60,87,114,137,164,182,107,107,117,117,196,196,211,211,211,221,276,306,306,306,306,338,350,350,141,160,160,160,160,160,160,15,44,44],"floor_reached":57,"playtime":2093,"items_purged":["Strike_R","Strike_R"],"score":2782,"play_id":"5657aae1-6400-41c4-948b-a6182fbecc6c","local_time":"20190701004112","is_ascension_mode":true,"campfire_choices":[{"data":"Hemokinesis","floor":6.0,"key":"SMITH"},{"data":"Evolve","floor":13.0,"key":"SMITH"},{"data":"Disarm","floor":15.0,"key":"SMITH"},{"data":"Second Wind","floor":23.0,"key":"SMITH"},{"floor":30.0,"key":"REST"},{"floor":32.0,"key":"REST"},{"floor":41.0,"key":"RECALL"},{"data":"Dual Wield","floor":46.0,"key":"SMITH"},{"floor":49.0,"key":"REST"},{"floor":53.0,"key":"REST"}],"neow_cost":"NO_GOLD","seed_source_timestamp":1056604211083700,"circlet_count":0,"master_deck":["AscendersBane","Defend_R","Defend_R","Defend_R","Defend_R","Bash","Pommel Strike","Carnage","Hemokinesis+1","Spot Weakness","Seeing Red","Evolve+1","Disarm+1","Immolate","Barricade","Clothesline+1","Second Wind+1","Dual Wield+1","Wild Strike","Fiend Fire","Power Through","Armaments+1","True Grit","Second Wind","Feel No Pain","Disarm"],"special_seed":0,"relics":["Burning Blood","PreservedInsect","Bronze Scales","Bag of Marbles","Snecko Eye","Blue Candle","Art of War","Red Skull","Potion Belt","Mark of Pain","FossilizedHelix","Dream Catcher","Singing Bowl","Magic Flower","Vajra","Anchor"],"potions_floor_usage":[55,56,56,56,56,56],"damage_taken":[{"damage":6.0,"enemies":"Cultist","floor":1.0,"turns":3.0},{"damage":2.0,"enemies":"Jaw Worm","floor":2.0,"turns":3.0},{"damage":1.0,"enemies":"2 Louse","floor":3.0,"turns":3.0},{"damage":11.0,"enemies":"Blue Slaver","floor":4.0,"turns":4.0},{"damage":3.0,"enemies":"3 Louse","floor":5.0,"turns":3.0},{"damage":26.0,"enemies":"Large Slime","floor":7.0,"turns":6.0},{"damage":34.0,"enemies":"Lagavulin","floor":8.0,"turns":5.0},{"damage":11.0,"enemies":"Looter","floor":10.0,"turns":2.0},{"damage":6.0,"enemies":"2 Fungi Beasts","floor":11.0,"turns":3.0},{"damage":15.0,"enemies":"Gremlin Nob","floor":12.0,"turns":3.0},{"damage":20.0,"enemies":"Hexaghost","floor":16.0,"turns":8.0},{"damage":6.0,"enemies":"3 Byrds","floor":18.0,"turns":2.0},{"damage":29.0,"enemies":"Shell Parasite","floor":19.0,"turns":4.0},{"damage":2.0,"enemies":"Snake Plant","floor":21.0,"turns":1.0},{"damage":2.0,"enemies":"Cultist and Chosen","floor":22.0,"turns":3.0},{"damage":10.0,"enemies":"Slavers","floor":25.0,"turns":4.0},{"damage":26.0,"enemies":"Book of Stabbing","floor":27.0,"turns":4.0},{"damage":22.0,"enemies":"Shelled Parasite and Fungi","floor":28.0,"turns":3.0},{"damage":8.0,"enemies":"Centurion and Healer","floor":31.0,"turns":5.0},{"damage":21.0,"enemies":"Champ","floor":33.0,"turns":13.0},{"damage":8.0,"enemies":"Orb Walker","floor":35.0,"turns":3.0},{"damage":4.0,"enemies":"3 Shapes","floor":38.0,"turns":6.0},{"damage":36.0,"enemies":"2 Orb Walkers","floor":39.0,"turns":3.0},{"damage":0.0,"enemies":"Reptomancer","floor":40.0,"turns":2.0},{"damage":0.0,"enemies":"Giant Head","floor":44.0,"turns":8.0},{"damage":0.0,"enemies":"Sphere and 2 Shapes","floor":45.0,"turns":3.0},{"damage":21.0,"enemies":"Transient","floor":48.0,"turns":6.0},{"damage":44.0,"enemies":"Donu and Deca","floor":50.0,"turns":12.0},{"damage":34.0,"enemies":"Time Eater","floor":51.0,"turns":18.0},{"damage":14,"enemies":"Shield and Spear","floor":55,"turns":8},{"damage":57,"enemies":"The Heart","floor":56,"turns":12}],"seed_played":"-1368557327154799280","potions_obtained":[{"floor":1.0,"key":"Ancient Potion"},{"floor":3.0,"key":"Regen Potion"},{"floor":4.0,"key":"SteroidPotion"},{"floor":8.0,"key":"Energy Potion"},{"floor":11.0,"key":"Fire Potion"},{"floor":18.0,"key":"SpeedPotion"},{"floor":22.0,"key":"Regen Potion"},{"floor":28.0,"key":"AttackPotion"},{"floor":33.0,"key":"Swift Potion"},{"floor":40.0,"key":"Swift Potion"},{"floor":48.0,"key":"Dexterity Potion"}],"is_trial":false,"path_per_floor":["M","M","M","M","M","R","M","E","T","M","M","E","R","$","R","B",null,"M","M","?","M","M","R","T","E","T","E","M","?","R","M","R","B",null,"M","?","?","M","?","E","R","T","T","E","M","R","$","M","R","B","B",null,"R","$","E","B",null],"character_chosen":"IRONCLAD","items_purchased":["Immolate","EntropicBrew","Feel No Pain","PowerPotion"],"campfire_rested":4,"item_purchase_floors":[14,47,54,54],"current_hp_per_floor":[68,72,75,70,73,73,67,39,39,34,34,25,25,25,25,11,59,59,36,36,40,44,44,44,52,52,32,16,16,38,36,58,43,67,65,65,65,67,37,43,43,43,43,54,65,65,65,55,79,44,19,64,81,81,76,28],"gold":44,"neow_bonus":"REMOVE_TWO","is_prod":false,"is_daily":false,"chose_seed":false,"campfire_upgraded":5,"win_rate":0,"timestamp":1561909272,"path_taken":["M","M","M","M","M","R","M","E","T","M","M","E","R","$","R","BOSS","M","M","?","M","M","R","?","E","T","E","M","?","R","M","R","BOSS","M","?","?","M","?","E","R","?","T","E","M","R","$","M","R","BOSS","BOSS","R","$","E","BOSS"],"build_version":"2019-01-23","purchased_purges":2,"victory":true,"max_hp_per_floor":[75,75,75,75,75,75,75,75,75,75,75,75,75,75,75,75,75,75,75,75,75,75,75,75,75,75,75,75,75,75,75,75,75,75,75,71,71,71,71,71,71,71,71,73,75,75,75,77,79,79,79,79,81,81,81,81],"card_choices":[{"not_picked":["Havoc","Evolve"],"picked":"Pommel Strike","floor":1.0},{"not_picked":["Entrench","Wild Strike"],"picked":"Carnage","floor":2.0},{"not_picked":["Sentinel","Corruption"],"picked":"Hemokinesis","floor":3.0},{"not_picked":["Warcry","Iron Wave","True Grit"],"picked":"SKIP","floor":4.0},{"not_picked":["Rage","Sword Boomerang"],"picked":"Spot Weakness","floor":5.0},{"not_picked":["Flex","Searing Blow"],"picked":"Seeing Red","floor":7.0},{"not_picked":["Thunderclap","Rampage"],"picked":"Evolve","floor":8.0},{"not_picked":["Perfected Strike","Hemokinesis"],"picked":"Cleave","floor":10.0},{"not_picked":["Headbutt","Metallicize"],"picked":"Disarm","floor":11.0},{"not_picked":["Flex","Havoc","Thunderclap"],"picked":"SKIP","floor":12.0},{"not_picked":["Flex","Havoc","Thunderclap"],"picked":"SKIP","floor":12.0},{"not_picked":["Bludgeon","Dark Embrace"],"picked":"Barricade","floor":16.0},{"not_picked":["Clash","Anger+1","Havoc"],"picked":"SKIP","floor":18.0},{"not_picked":["Pummel","Rupture+1","Thunderclap+1"],"picked":"SKIP","floor":19.0},{"not_picked":["Iron Wave+1","Anger"],"picked":"Clothesline+1","floor":21.0},{"not_picked":["Rage","Combust"],"picked":"Second Wind","floor":22.0},{"not_picked":["Headbutt","Dropkick+1"],"picked":"Dual Wield","floor":25.0},{"not_picked":["Body Slam","Heavy Blade+1","Carnage"],"picked":"SKIP","floor":27.0},{"not_picked":["Headbutt","Cleave","Warcry"],"picked":"SKIP","floor":28.0},{"not_picked":["Combust","Rupture"],"picked":"Wild Strike","floor":31.0},{"not_picked":["Immolate","Juggernaut"],"picked":"Fiend Fire","floor":33.0},{"not_picked":["Iron Wave","Anger+1"],"picked":"Power Through","floor":35.0},{"not_picked":["Heavy Blade","Corruption"],"picked":"Armaments+1","floor":38.0},{"not_picked":["Body Slam","Blood for Blood"],"picked":"True Grit","floor":39.0},{"not_picked":["Flex","Corruption+1"],"picked":"Second Wind","floor":40.0},{"not_picked":["Havoc","Carnage","Iron Wave"],"picked":"Singing Bowl","floor":44.0},{"not_picked":["Headbutt","Twin Strike+1","Blood for Blood"],"picked":"Singing Bowl","floor":45.0},{"not_picked":["Havoc+1","Armaments","Barricade"],"picked":"Singing Bowl","floor":48.0},{"not_picked":["Iron Wave+1","Cleave","Anger"],"picked":"Singing Bowl","floor":49.0},{"not_picked":["Heavy Blade","Anger","Body Slam"],"picked":"Singing Bowl","floor":53.0},{"not_picked":["Clothesline+1","Evolve+1"],"picked":"Disarm","floor":55}],"player_experience":5534383,"relics_obtained":[{"floor":8.0,"key":"PreservedInsect"},{"floor":9.0,"key":"Bronze Scales"},{"floor":12.0,"key":"Bag of Marbles"},{"floor":24.0,"key":"Art of War"},{"floor":25.0,"key":"Red Skull"},{"floor":27.0,"key":"Potion Belt"},{"floor":39.0,"key":"FossilizedHelix"},{"floor":40.0,"key":"Dream Catcher"},{"floor":42.0,"key":"Singing Bowl"},{"floor":43.0,"key":"Magic Flower"},{"floor":44.0,"key":"Vajra"},{"floor":55,"key":"Anchor"}],"event_choices":[{"damage_healed":0.0,"max_hp_gain":0.0,"max_hp_loss":0.0,"gold_gain":0.0,"event_name":"Addict","player_choice":"Obtained Relic","floor":20.0,"gold_loss":85.0,"damage_taken":0.0,"relics_obtained":["Blue Candle"]},{"cards_removed":["Strike_R"],"damage_healed":0.0,"max_hp_gain":0.0,"max_hp_loss":0.0,"gold_gain":0.0,"event_name":"Beggar","player_choice":"Gave Gold","floor":29.0,"gold_loss":75.0,"damage_taken":0.0},{"damage_healed":0.0,"max_hp_gain":0.0,"max_hp_loss":4.0,"gold_gain":0.0,"event_name":"Winding Halls","player_choice":"Max HP","floor":36.0,"gold_loss":0.0,"damage_taken":0.0},{"cards_removed":["Cleave"],"damage_healed":0.0,"max_hp_gain":0.0,"max_hp_loss":0.0,"gold_gain":0.0,"event_name":"Falling","player_choice":"Removed Attack","floor":37.0,"gold_loss":0.0,"damage_taken":0.0},{"damage_healed":0.0,"max_hp_gain":0.0,"max_hp_loss":0.0,"gold_gain":0.0,"event_name":"Mysterious Sphere","player_choice":"Fight","floor":39.0,"gold_loss":0.0,"damage_taken":0.0}],"is_beta":false,"boss_relics":[{"not_picked":["Black Star","Lizard Tail"],"picked":"Snecko Eye"},{"not_picked":["Runic Pyramid","Pandora\u0027s Box"],"picked":"Mark of Pain"}],"items_purged_floors":[14,47],"is_endless":false,"potions_floor_spawned":[1,3,4,8,11,12,18,22,28,33,40,48],"ascension_level":20}