{"gold_per_floor":[119,194,204,223,73,73,89,121,121,121,140,157,170,203,203,303,303,323,335,335,349,368,368],"floor_reached":23,"playtime":2099,"items_purged":[],"score":257,"play_id":"268e0de6-3328-43ea-9e4e-e78c15664ded","local_time":"20190714134929","is_ascension_mode":false,"campfire_choices":[{"floor":6,"key":"REST"},{"data":"Creative AI","floor":15,"key":"SMITH"}],"neow_cost":"NONE","seed_source_timestamp":328974779367000,"circlet_count":0,"master_deck":["Strike_B+1","Strike_B+1","Strike_B+1","Defend_B+1","Defend_B+1","Defend_B+1","Defend_B+1","Zap","Dualcast","Creative AI+1","Go for the Eyes","Loop","Stack","Ball Lightning","Redo","Glacier","Barrage","Echo Form","Redo","Self Repair","Rainbow","Writhe","Doubt","Parasite","Cold Snap+1","Self Repair","Heatsinks","Tempest"],"relics":["Cracked Core","PreservedInsect","Bottled Flame","Pear","Bottled Tornado","Calling Bell","Gremlin Horn","Mango","Juzu Bracelet"],"potions_floor_usage":[12,14,14,16],"damage_taken":[{"damage":11,"enemies":"Jaw Worm","floor":1,"turns":4},{"damage":12,"enemies":"Small Slimes","floor":3,"turns":3},{"damage":6,"enemies":"2 Louse","floor":4,"turns":3},{"damage":14,"enemies":"Blue Slaver","floor":7,"turns":6},{"damage":8,"enemies":"Lagavulin","floor":8,"turns":7},{"damage":0,"enemies":"Exordium Thugs","floor":11,"turns":5},{"damage":0,"enemies":"Lots of Slimes","floor":12,"turns":2},{"damage":2,"enemies":"Large Slime","floor":13,"turns":8},{"damage":0,"enemies":"Gremlin Nob","floor":14,"turns":2},{"damage":2,"enemies":"Hexaghost","floor":16,"turns":10},{"damage":35,"enemies":"Shell Parasite","floor":18,"turns":9},{"damage":30,"enemies":"3 Byrds","floor":19,"turns":6},{"damage":19,"enemies":"3 Cultists","floor":21,"turns":9},{"damage":34,"enemies":"Snake Plant","floor":22,"turns":5},{"damage":4,"enemies":"Slavers","floor":23,"turns":1}],"seed_played":"-2441365724761065353","potions_obtained":[{"floor":4,"key":"Fire Potion"},{"floor":8,"key":"Explosive Potion"},{"floor":11,"key":"Block Potion"},{"floor":12,"key":"FearPotion"},{"floor":18,"key":"Ancient Potion"}],"is_trial":false,"path_per_floor":["M","?","M","M","$","R","M","E","T","?","M","M","M","E","R","B",null,"M","M","?","M","M","E"],"character_chosen":"DEFECT","items_purchased":["PreservedInsect"],"campfire_rested":1,"item_purchase_floors":[5],"current_hp_per_floor":[64,53,41,35,35,57,43,35,45,45,45,45,43,43,43,55,99,78,48,48,36,2,0],"gold":368,"neow_bonus":"ONE_RANDOM_RARE_CARD","is_prod":false,"is_daily":false,"chose_seed":false,"campfire_upgraded":1,"win_rate":0.0,"timestamp":1563130169,"path_taken":["M","?","M","M","$","R","M","E","T","?","M","M","M","E","R","BOSS","M","M","?","M","M","E"],"build_version":"2019-07-05","purchased_purges":0,"victory":false,"max_hp_per_floor":[75,75,75,75,75,75,75,75,85,85,85,85,85,85,85,85,99,99,99,99,99,99,99],"card_choices":[{"not_picked":["Cold Snap","Coolheaded"],"picked":"Go for the Eyes","floor":1},{"not_picked":["Go for the Eyes","Glacier"],"picked":"Loop","floor":3},{"not_picked":["Aggregate","Coolheaded"],"picked":"Stack","floor":4},{"not_picked":["Echo Form","Go for the Eyes"],"picked":"Ball Lightning","floor":7},{"not_picked":["Go for the Eyes","Undo"],"picked":"Redo","floor":8},{"not_picked":["Cold Snap","Leap"],"picked":"Barrage","floor":11},{"not_picked":["Rebound","Leap"],"picked":"Echo Form","floor":12},{"not_picked":["Rip and Tear","Conserve Battery"],"picked":"Redo","floor":13},{"not_picked":["Genetic Algorithm","Rebound"],"picked":"Self Repair","floor":14},{"not_picked":["Electrodynamics","Biased Cognition"],"picked":"Rainbow","floor":16},{"not_picked":["Coolheaded","Sweeping Beam"],"picked":"Cold Snap+1","floor":18},{"not_picked":["Coolheaded","Undo"],"picked":"Self Repair","floor":19},{"not_picked":["Hello World","Ball Lightning"],"picked":"Heatsinks","floor":21},{"not_picked":["Compile Driver","Loop"],"picked":"Tempest","floor":22}],"player_experience":39656,"relics_obtained":[{"floor":8,"key":"Bottled Flame"},{"floor":9,"key":"Pear"},{"floor":14,"key":"Bottled Tornado"},{"floor":17,"key":"Gremlin Horn"},{"floor":17,"key":"Mango"},{"floor":17,"key":"Juzu Bracelet"}],"event_choices":[{"damage_healed":0,"gold_gain":75,"player_choice":"Gather Gold","damage_taken":11,"max_hp_gain":0,"max_hp_loss":0,"event_name":"World of Goop","floor":2,"gold_loss":0},{"damage_healed":0,"gold_gain":0,"cards_transformed":["Strike_B"],"player_choice":"Change","damage_taken":0,"max_hp_gain":0,"max_hp_loss":0,"event_name":"Living Wall","floor":10,"gold_loss":0,"cards_obtained":["Glacier"]},{"damage_healed":0,"gold_gain":0,"player_choice":"Simplicity","damage_taken":0,"max_hp_gain":0,"max_hp_loss":0,"event_name":"Back to Basics","floor":20,"gold_loss":0,"cards_upgraded":["Strike_B","Strike_B","Strike_B","Defend_B","Defend_B","Defend_B","Defend_B"]}],"is_beta":false,"boss_relics":[{"not_picked":["Runic Pyramid","Black Star"],"picked":"Calling Bell"}],"items_purged_floors":[],"is_endless":false,"potions_floor_spawned":[4,8,11,12,18],"killed_by":"Slavers","ascension_level":0}