{"gold_per_floor":[115,115,131,21,21,21,21,48,75,110,127,142,142,142,142,238,238,256,256,256,74,14,14,14],"floor_reached":24,"playtime":1065,"items_purged":["Defend_B"],"score":210,"play_id":"07a0dd7b-b6c3-4a72-9931-c49e94e80017","local_time":"20190720171536","is_ascension_mode":true,"campfire_choices":[{"floor":6,"key":"RECALL"},{"floor":13,"key":"REST"},{"data":"Buffer","floor":15,"key":"SMITH"}],"neow_cost":"NONE","seed_source_timestamp":0,"circlet_count":0,"master_deck":["Strike_B+1","Strike_B","Strike_B","Defend_B","Defend_B+1","Defend_B","Zap","Dualcast","Cold Snap","Reinforced Body","Hello World","Consume","Blizzard","Genetic Algorithm","Buffer+1","Thunder Strike","Ball Lightning","Cold Snap","Redo","Doom and Gloom","Ball Lightning","Genetic Algorithm+1","Glacier","Chrysalis","Storm"],"special_seed":0,"relics":["Cracked Core","Bottled Tornado","Bottled Lightning","Orrery","Enchiridion"],"potions_floor_usage":[10,10,16],"damage_taken":[{"damage":3.0,"enemies":"Jaw Worm","floor":1.0,"turns":4.0},{"damage":0.0,"enemies":"Cultist","floor":3.0,"turns":3.0},{"damage":8,"enemies":"Lagavulin","floor":8,"turns":9},{"damage":29,"enemies":"3 Sentries","floor":10,"turns":7},{"damage":6,"enemies":"2 Louse","floor":11,"turns":3},{"damage":10,"enemies":"Looter","floor":12,"turns":3},{"damage":12,"enemies":"The Guardian","floor":16,"turns":14},{"damage":12,"enemies":"Spheric Guardian","floor":18,"turns":4},{"damage":9,"enemies":"2 Thieves","floor":22,"turns":4},{"damage":34,"enemies":"Gremlin Leader","floor":24,"turns":2}],"seed_played":"-4846061810064547562","potions_obtained":[{"floor":1.0,"key":"Energy Potion"},{"floor":8,"key":"SpeedPotion"},{"floor":11,"key":"Energy Potion"}],"is_trial":false,"path_per_floor":["M","?","M","$","?","R","?","E","T","E","M","M","R","?","R","B",null,"M","?","?","$","M","?","E"],"character_chosen":"DEFECT","items_purchased":["Hello World","Chrysalis"],"campfire_rested":1,"item_purchase_floors":[4,21],"current_hp_per_floor":[79,82,82,82,66,66,82,74,74,45,39,29,53,46,46,34,82,70,54,54,54,45,29,0],"gold":14,"neow_bonus":"TEN_PERCENT_HP_BONUS","is_prod":false,"is_daily":false,"chose_seed":false,"campfire_upgraded":1,"win_rate":0,"timestamp":1563660936,"path_taken":["M","?","?","$","?","R","?","E","T","E","?","M","R","?","R","BOSS","M","?","?","$","M","?","E"],"build_version":"2019-07-17","purchased_purges":1,"victory":false,"max_hp_per_floor":[82,82,82,82,82,82,82,82,82,82,82,82,82,82,82,82,82,82,87,87,87,87,87,87],"card_choices":[{"not_picked":["Melter","Fusion"],"picked":"Cold Snap","floor":1.0},{"not_picked":["Cold Snap","Rebound"],"picked":"Reinforced Body","floor":3.0},{"not_picked":["Stack","Hologram"],"picked":"Consume","floor":8},{"not_picked":["Beam Cell","Loop"],"picked":"Blizzard","floor":10},{"not_picked":["Turbo","Ball Lightning"],"picked":"Genetic Algorithm","floor":11},{"not_picked":["Self Repair","Beam Cell"],"picked":"Buffer","floor":12},{"not_picked":["Core Surge","Hyperbeam"],"picked":"Thunder Strike","floor":16},{"not_picked":["Conserve Battery","Fusion"],"picked":"Ball Lightning","floor":17},{"not_picked":["Ball Lightning","Hologram"],"picked":"Cold Snap","floor":17},{"not_picked":["Gash","Turbo"],"picked":"Redo","floor":17},{"not_picked":["Go for the Eyes","Fusion"],"picked":"Doom and Gloom","floor":17},{"not_picked":["Steam","Leap"],"picked":"Ball Lightning","floor":17},{"not_picked":["Gash+1","Hologram"],"picked":"Genetic Algorithm+1","floor":18},{"not_picked":["FTL","Steam+1"],"picked":"Storm","floor":22}],"player_experience":119190,"relics_obtained":[{"floor":8,"key":"Bottled Tornado"},{"floor":10,"key":"Bottled Lightning"},{"floor":23,"key":"Enchiridion"}],"event_choices":[{"damage_healed":3.0,"max_hp_gain":0.0,"max_hp_loss":0.0,"gold_gain":0.0,"event_name":"Wheel of Change","player_choice":"Full Heal","floor":2.0,"gold_loss":0.0,"damage_taken":0.0},{"damage_healed":0,"gold_gain":0,"player_choice":"Entered Light","damage_taken":16,"max_hp_gain":0,"max_hp_loss":0,"event_name":"Shining Light","floor":5,"gold_loss":0,"cards_upgraded":["Strike_B","Defend_B"]},{"damage_healed":16,"gold_gain":0,"player_choice":"Full Heal","damage_taken":0,"max_hp_gain":0,"max_hp_loss":0,"event_name":"Wheel of Change","floor":7,"gold_loss":0},{"cards_removed":["Strike_B"],"damage_healed":0,"gold_gain":0,"player_choice":"Card Removal","damage_taken":7,"max_hp_gain":0,"max_hp_loss":0,"event_name":"Golden Wing","floor":14,"gold_loss":0},{"damage_healed":0,"gold_gain":0,"player_choice":"Shed Blood","damage_taken":21,"max_hp_gain":5,"max_hp_loss":0,"event_name":"Forgotten Altar","floor":19,"gold_loss":0},{"damage_healed":0,"gold_gain":0,"player_choice":"Read","damage_taken":0,"max_hp_gain":0,"max_hp_loss":0,"event_name":"The Library","floor":20,"gold_loss":0,"cards_obtained":["Glacier"]},{"damage_healed":0,"gold_gain":0,"player_choice":"Obtained Book","damage_taken":16,"max_hp_gain":0,"max_hp_loss":0,"event_name":"Cursed Tome","floor":23,"gold_loss":0}],"is_beta":false,"boss_relics":[{"not_picked":["Cursed Key","Eternal Feather"],"picked":"Orrery"}],"items_purged_floors":[4],"is_endless":false,"potions_floor_spawned":[1,8,11],"killed_by":"Gremlin Leader","ascension_level":1}