{"gold_per_floor":[110,120,120,120,120,120,137,137,186,215,225,255,255,255,255,327,327,343,343,618,632,632,632,667,667,717,717,423,348,375,391,391,469,469,484,484,497,497,511,543,19,68,95,95,130,130,160,160,160,160,160,160,160,0,34,34],"floor_reached":56,"playtime":1824,"items_purged":["Regret"],"score":2150,"play_id":"dbb84aa6-d3ab-4229-bfed-850151ebe87a","local_time":"20190718035109","is_ascension_mode":true,"campfire_choices":[{"data":"Panacea","floor":6.0,"key":"SMITH"},{"data":"Master of Strategy","floor":8.0,"key":"SMITH"},{"data":"Disarm","floor":13.0,"key":"SMITH"},{"data":"Bash","floor":15.0,"key":"SMITH"},{"data":"Immolate","floor":23.0,"key":"SMITH"},{"data":"Burning Pact","floor":25.0,"key":"SMITH"},{"data":"Master of Strategy","floor":27.0,"key":"SMITH"},{"data":"Perfected Strike","floor":32.0,"key":"SMITH"},{"floor":44.0,"key":"RECALL"},{"data":"Shrug It Off","floor":46.0,"key":"SMITH"},{"data":"Flame Barrier","floor":49.0,"key":"SMITH"},{"data":"Ghostly Armor","floor":53.0,"key":"SMITH"}],"neow_cost":"","seed_source_timestamp":631894530914400,"circlet_count":0,"master_deck":["Master of Strategy+1","Master of Strategy+1","Panacea+1","Berserk","Berserk","Berserk","Defend_R","Defend_R+1","Defend_R+1","Bash+1","Strike_R","Strike_R","Ghostly Armor+1","Perfected Strike+1","Shrug It Off+1","Disarm+1","Ghostly Armor","Flame Barrier+1","Immolate+1","Shockwave+1","Seeing Red+1","Uppercut+1","Perfected Strike+1","Burning Pact+1","Pommel Strike+1","Reaper+1","Perfected Strike+1","Exhume+1","Burning Pact+1","Dark Shackles+1","Violence+1","Secret Weapon+1","Perfected Strike+1","Flex+1","Pommel Strike+1","Battle Trance+1","Flex+1","Deep Breath+1","Perfected Strike+1","Battle Trance+1","Madness+1","Madness+1","Shrug It Off+1","Pommel Strike+1","Twin Strike+1","Barricade"],"special_seed":0,"relics":["Burning Blood","OrangePellets","Bottled Tornado","Lantern","War Paint","Potion Belt","Bronze Scales","Astrolabe","MutagenicStrength","Molten Egg 2","PreservedInsect","Bag of Preparation","Ancient Tea Set","Toxic Egg 2","Philosopher\u0027s Stone","Centennial Puzzle","Ice Cream","StoneCalendar","Question Card","Meat on the Bone","Gremlin Horn"],"potions_floor_usage":[56,56],"damage_taken":[{"damage":6.0,"enemies":"2 Louse","floor":1.0,"turns":3.0},{"damage":7.0,"enemies":"Small Slimes","floor":2.0,"turns":3.0},{"damage":12.0,"enemies":"Jaw Worm","floor":7.0,"turns":2.0},{"damage":5.0,"enemies":"Gremlin Nob","floor":10.0,"turns":3.0},{"damage":0.0,"enemies":"Blue Slaver","floor":11.0,"turns":3.0},{"damage":2.0,"enemies":"Lagavulin","floor":12.0,"turns":6.0},{"damage":9.0,"enemies":"Hexaghost","floor":16.0,"turns":8.0},{"damage":0.0,"enemies":"3 Byrds","floor":18.0,"turns":3.0},{"damage":2.0,"enemies":"Spheric Guardian","floor":21.0,"turns":2.0},{"damage":26.0,"enemies":"Slavers","floor":24.0,"turns":3.0},{"damage":0.0,"enemies":"Gremlin Leader","floor":30.0,"turns":3.0},{"damage":15.0,"enemies":"Cultist and Chosen","floor":31.0,"turns":5.0},{"damage":26.0,"enemies":"Collector","floor":33.0,"turns":4.0},{"damage":0.0,"enemies":"Orb Walker","floor":35.0,"turns":2.0},{"damage":16.0,"enemies":"3 Shapes","floor":37.0,"turns":2.0},{"damage":0.0,"enemies":"Jaw Worm Horde","floor":39.0,"turns":2.0},{"damage":15.0,"enemies":"Nemesis","floor":40.0,"turns":3.0},{"damage":4.0,"enemies":"2 Orb Walkers","floor":42.0,"turns":3.0},{"damage":4.0,"enemies":"Giant Head","floor":45.0,"turns":2.0},{"damage":0.0,"enemies":"Reptomancer","floor":47.0,"turns":2.0},{"damage":43.0,"enemies":"Awakened One","floor":50.0,"turns":7.0},{"damage":19.0,"enemies":"Donu and Deca","floor":51.0,"turns":6.0},{"damage":23.0,"enemies":"Shield and Spear","floor":55.0,"turns":4.0},{"damage":75,"enemies":"The Heart","floor":56,"turns":6}],"seed_played":"2287887526964108175","potions_obtained":[{"floor":1.0,"key":"BloodPotion"},{"floor":7.0,"key":"Explosive Potion"},{"floor":10.0,"key":"PowerPotion"},{"floor":18.0,"key":"Ancient Potion"},{"floor":30.0,"key":"Energy Potion"},{"floor":31.0,"key":"Explosive Potion"},{"floor":33.0,"key":"Energy Potion"},{"floor":35.0,"key":"Dexterity Potion"},{"floor":37.0,"key":"Block Potion"},{"floor":42.0,"key":"SmokeBomb"}],"is_trial":true,"path_per_floor":["M","M","?","?","?","R","M","R","T","E","M","E","R","?","R","B",null,"M","?","?","M","T","R","E","R","T","R","$","?","E","M","R","B",null,"M","?","M","?","M","E","$","?","T","R","E","R","E","?","R","B","B",null,"R","$","E","B"],"character_chosen":"IRONCLAD","items_purchased":["Pommel Strike+1","Ancient Tea Set","Battle Trance+1","Flex+1","Deep Breath+1","Ice Cream","Shrug It Off+1","Pommel Strike+1","Twin Strike+1"],"campfire_rested":0,"item_purchase_floors":[28,28,41,41,41,41,54,54,54],"current_hp_per_floor":[68,67,67,60,42,42,36,36,36,55,61,65,65,65,65,62,72,75,75,75,75,75,75,55,55,55,55,55,55,61,60,60,56,70,75,65,62,62,75,66,66,68,68,68,75,75,75,61,61,51,56,70,70,70,72,0],"gold":34,"neow_bonus":"","is_prod":false,"is_daily":false,"chose_seed":false,"campfire_upgraded":11,"win_rate":0,"timestamp":1563389469,"path_taken":["M","M","?","?","?","R","M","R","T","E","M","E","R","?","R","BOSS","M","?","?","?","?","R","E","R","T","R","$","?","E","?","R","BOSS","M","?","M","?","M","E","$","?","T","R","E","R","E","?","R","BOSS","BOSS","R","$","E","BOSS"],"build_version":"2019-07-05","purchased_purges":1,"victory":false,"max_hp_per_floor":[75,75,75,75,75,75,75,75,75,75,75,75,75,75,75,75,75,75,75,75,75,75,75,75,75,75,75,75,75,75,75,75,75,75,75,75,75,75,75,75,75,75,75,75,75,75,75,75,75,75,75,75,75,75,75,75],"card_choices":[{"not_picked":["Reckless Charge","Intimidate"],"picked":"Ghostly Armor","floor":1.0},{"not_picked":["Twin Strike","Warcry"],"picked":"Perfected Strike","floor":2.0},{"not_picked":["Inflame","Intimidate"],"picked":"Shrug It Off","floor":7.0},{"not_picked":["Disarm","Warcry","Havoc"],"picked":"SKIP","floor":10.0},{"not_picked":["Warcry","Havoc"],"picked":"Disarm","floor":10.0},{"not_picked":["Fire Breathing","Rage"],"picked":"Ghostly Armor","floor":11.0},{"not_picked":["Corruption","Burning Pact"],"picked":"Flame Barrier","floor":12.0},{"not_picked":["Brutality","Demon Form"],"picked":"Immolate","floor":16.0},{"not_picked":["Reckless Charge","Dropkick"],"picked":"Perfected Strike","floor":18.0},{"not_picked":["Headbutt","Warcry","Shockwave"],"picked":"SKIP","floor":21.0},{"not_picked":["Whirlwind+1","Anger+1"],"picked":"Burning Pact","floor":24.0},{"not_picked":["Perfected Strike+1","Thunderclap+1"],"picked":"Reaper+1","floor":30.0},{"not_picked":["Dual Wield+1","Cleave+1"],"picked":"Perfected Strike+1","floor":31.0},{"not_picked":["Brutality","Barricade"],"picked":"Exhume+1","floor":33.0},{"not_picked":["Havoc+1","Combust+1"],"picked":"Burning Pact+1","floor":35.0},{"not_picked":["Apotheosis+1","Dramatic Entrance+1"],"picked":"Dark Shackles+1","floor":36.0},{"not_picked":["Swift Strike+1","Purity+1"],"picked":"Violence+1","floor":36.0},{"not_picked":["Enlightenment+1","Madness+1"],"picked":"Secret Weapon+1","floor":36.0},{"not_picked":["Iron Wave+1","Metallicize"],"picked":"Perfected Strike+1","floor":37.0},{"not_picked":["Wild Strike+1","Infernal Blade+1"],"picked":"Flex+1","floor":39.0},{"not_picked":["Combust","Havoc+1"],"picked":"Pommel Strike+1","floor":40.0},{"not_picked":["Dropkick+1","True Grit+1"],"picked":"Perfected Strike+1","floor":42.0},{"not_picked":["Rage+1","Fire Breathing+1"],"picked":"Battle Trance+1","floor":45.0},{"not_picked":["Headbutt+1","Body Slam+1","Rupture+1","Sever Soul+1"],"picked":"SKIP","floor":47.0},{"not_picked":["Demon Form","Twin Strike+1","Iron Wave+1"],"picked":"Barricade","floor":55.0}],"player_experience":5732667,"relics_obtained":[{"floor":9.0,"key":"War Paint"},{"floor":10.0,"key":"Potion Belt"},{"floor":12.0,"key":"Bronze Scales"},{"floor":22.0,"key":"Molten Egg 2"},{"floor":24.0,"key":"PreservedInsect"},{"floor":26.0,"key":"Bag of Preparation"},{"floor":30.0,"key":"Toxic Egg 2"},{"floor":40.0,"key":"Centennial Puzzle"},{"floor":42.0,"key":"StoneCalendar"},{"floor":45.0,"key":"Question Card"},{"floor":47.0,"key":"Meat on the Bone"},{"floor":55.0,"key":"Gremlin Horn"}],"event_choices":[{"damage_healed":0.0,"max_hp_gain":0.0,"max_hp_loss":0.0,"gold_gain":0.0,"event_name":"Living Wall","player_choice":"Grow","floor":3.0,"gold_loss":0.0,"damage_taken":0.0,"cards_upgraded":["Perfected Strike"]},{"cards_removed":["Panacea"],"damage_healed":0.0,"max_hp_gain":0.0,"max_hp_loss":0.0,"gold_gain":0.0,"event_name":"Golden Wing","player_choice":"Card Removal","floor":4.0,"gold_loss":0.0,"damage_taken":7.0},{"damage_healed":0.0,"max_hp_gain":0.0,"max_hp_loss":0.0,"gold_gain":0.0,"event_name":"Scrap Ooze","player_choice":"Success","floor":5.0,"gold_loss":0.0,"damage_taken":18.0,"relics_obtained":["Lantern"]},{"damage_healed":0.0,"max_hp_gain":0.0,"max_hp_loss":0.0,"gold_gain":0.0,"event_name":"Liars Game","player_choice":"Ignored","floor":14.0,"gold_loss":0.0,"damage_taken":0.0},{"damage_healed":0.0,"max_hp_gain":0.0,"max_hp_loss":0.0,"gold_gain":0.0,"event_name":"Drug Dealer","player_choice":"Inject Mutagens","floor":19.0,"gold_loss":0.0,"damage_taken":0.0,"relics_obtained":["MutagenicStrength"]},{"damage_healed":0.0,"max_hp_gain":0.0,"max_hp_loss":0.0,"gold_gain":275.0,"event_name":"Golden Shrine","player_choice":"Desecrate","floor":20.0,"gold_loss":0.0,"damage_taken":0.0,"cards_obtained":["Regret"]},{"cards_removed":["Defend_R"],"damage_healed":0.0,"max_hp_gain":0.0,"max_hp_loss":0.0,"gold_gain":0.0,"event_name":"Beggar","player_choice":"Gave Gold","floor":29.0,"gold_loss":75.0,"damage_taken":0.0},{"damage_healed":0.0,"max_hp_gain":0.0,"max_hp_loss":0.0,"gold_gain":0.0,"event_name":"SensoryStone","player_choice":"Memory 3","floor":36.0,"gold_loss":0.0,"damage_taken":10.0},{"damage_healed":0.0,"max_hp_gain":0.0,"max_hp_loss":0.0,"gold_gain":0.0,"event_name":"Tomb of Lord Red Mask","player_choice":"Ignored","floor":38.0,"gold_loss":0.0,"damage_taken":0.0},{"damage_healed":0.0,"max_hp_gain":0.0,"max_hp_loss":0.0,"gold_gain":0.0,"event_name":"Mysterious Sphere","player_choice":"Fight","floor":42.0,"gold_loss":0.0,"damage_taken":0.0},{"damage_healed":0.0,"max_hp_gain":0.0,"max_hp_loss":0.0,"gold_gain":0.0,"event_name":"Winding Halls","player_choice":"Embrace Madness","floor":48.0,"gold_loss":0.0,"damage_taken":14.0,"cards_obtained":["Madness","Madness"]}],"is_beta":false,"boss_relics":[{"not_picked":["Busted Crown","Sozu"],"picked":"Astrolabe"},{"not_picked":["Velvet Choker","Mark of Pain"],"picked":"Philosopher\u0027s Stone"}],"items_purged_floors":[28],"is_endless":false,"potions_floor_spawned":[1,7,10,18,30,31,33,35,37,42],"killed_by":"The Heart","ascension_level":20}