{"gold_per_floor":[110,35,51,71,87,122,197,197,197,197,228,18,38,48,48,125,125,142,42],"floor_reached":19,"playtime":652,"items_purged":[],"score":358,"play_id":"28309933-64cf-47b2-a3aa-c2f584dc644a","local_time":"20190603023027","is_ascension_mode":true,"campfire_choices":[{"floor":8,"key":"REST"},{"data":"Noxious Fumes","floor":10,"key":"SMITH"},{"data":"Cloak And Dagger","floor":15,"key":"SMITH"}],"neow_cost":"NONE","seed_source_timestamp":622239742290100,"circlet_count":0,"master_deck":["AscendersBane","Defend_G","Defend_G","Defend_G","Defend_G","Defend_G","Strike_G","Strike_G","Strike_G","Strike_G","Survivor","Neutralize","Venomology","Dagger Throw","Blur","Noxious Fumes+1","Cloak And Dagger+1","Dagger Spray","Infinite Blades","Dodge and Roll","Poisoned Stab","Wraith Form v2"],"relics":["Ring of the Snake","Nunchaku","Ginger","Darkstone Periapt","Lee\u0027s Waffle","Black Star"],"potions_floor_usage":[4,5,5,6,6,11,14,14,16,16,16,19],"damage_taken":[{"damage":3,"enemies":"2 Louse","floor":1,"turns":4},{"damage":1,"enemies":"Small Slimes","floor":3,"turns":4},{"damage":0,"enemies":"Jaw Worm","floor":4,"turns":4},{"damage":0,"enemies":"Looter","floor":5,"turns":4},{"damage":18,"enemies":"3 Sentries","floor":6,"turns":9},{"damage":28,"enemies":"Lagavulin","floor":11,"turns":8},{"damage":8,"enemies":"Large Slime","floor":13,"turns":5},{"damage":9,"enemies":"Exordium Thugs","floor":14,"turns":5},{"damage":15,"enemies":"Slime Boss","floor":16,"turns":9},{"damage":51,"enemies":"Chosen","floor":18,"turns":8},{"damage":24,"enemies":"2 Thieves","floor":19,"turns":3}],"seed_played":"-7270002260799735510","potions_obtained":[{"floor":4,"key":"Explosive Potion"},{"floor":6,"key":"FearPotion"},{"floor":14,"key":"Weak Potion"}],"is_trial":false,"path_per_floor":["M","?","M","M","M","E","?","R","T","R","E","$","M","M","R","B",null,"M","M"],"character_chosen":"THE_SILENT","items_purchased":["Lee\u0027s Waffle"],"campfire_rested":1,"item_purchase_floors":[12],"current_hp_per_floor":[56,56,55,55,55,37,26,45,45,45,17,73,65,56,56,41,65,14,0],"gold":42,"neow_bonus":"ONE_RANDOM_RARE_CARD","is_prod":false,"is_daily":false,"chose_seed":false,"campfire_upgraded":2,"win_rate":0,"timestamp":1559496627,"path_taken":["M","?","M","M","M","E","?","R","T","R","E","$","M","M","R","BOSS","M","M"],"build_version":"2019-01-23","purchased_purges":0,"victory":false,"max_hp_per_floor":[66,66,66,66,66,66,66,66,66,66,66,73,73,73,73,73,73,73,73],"card_choices":[{"not_picked":["Dodge and Roll","Flying Knee"],"picked":"Dagger Throw","floor":1},{"not_picked":["Deflect","Outmaneuver"],"picked":"Blur","floor":3},{"not_picked":["Prepared","Dodge and Roll"],"picked":"Noxious Fumes","floor":4},{"not_picked":["Dodge and Roll","Outmaneuver"],"picked":"Cloak And Dagger","floor":5},{"not_picked":["Bouncing Flask","Reflex"],"picked":"Dagger Spray","floor":6},{"not_picked":["All Out Attack","Night Terror"],"picked":"Infinite Blades","floor":11},{"not_picked":["Acrobatics","Poisoned Stab"],"picked":"Dodge and Roll","floor":13},{"not_picked":["Outmaneuver","Acrobatics"],"picked":"Poisoned Stab","floor":14},{"not_picked":["Tools of the Trade","Doppelganger"],"picked":"Wraith Form v2","floor":16},{"not_picked":["Expertise","Dagger Throw","Prepared"],"picked":"SKIP","floor":18}],"player_experience":5252776,"relics_obtained":[{"floor":6,"key":"Nunchaku"},{"floor":9,"key":"Ginger"},{"floor":11,"key":"Darkstone Periapt"}],"event_choices":[{"cards_removed":["Strike_G"],"damage_healed":0,"gold_gain":0,"player_choice":"Card Removal","damage_taken":0,"max_hp_gain":0,"max_hp_loss":0,"event_name":"The Cleric","floor":2,"gold_loss":75},{"damage_healed":0,"gold_gain":75,"player_choice":"Gather Gold","damage_taken":11,"max_hp_gain":0,"max_hp_loss":0,"event_name":"World of Goop","floor":7,"gold_loss":0}],"is_beta":false,"boss_relics":[{"not_picked":["Velvet Choker","HoveringKite"],"picked":"Black Star"}],"items_purged_floors":[],"is_endless":false,"potions_floor_spawned":[4,6,14],"killed_by":"2 Thieves","ascension_level":20}