{"gold_per_floor":[111,126,145,70,70,105,105,140,140,157,176,187,187,221,221,316,316,330,330,340,340,140,140,174,174,174,204,216,242,266,294,306,318],"floor_reached":33,"playtime":2565,"items_purged":["Defend_R","Defend_R"],"score":370,"play_id":"3f04e53c-8422-403b-9c03-4ee4261551a3","local_time":"20190725205658","is_ascension_mode":true,"campfire_choices":[{"floor":7,"key":"RECALL"},{"data":"Spot Weakness","floor":13,"key":"SMITH"},{"floor":15,"key":"REST"},{"data":"Seeing Red","floor":23,"key":"SMITH"},{"data":"Shockwave","floor":25,"key":"SMITH"},{"data":"Armaments","floor":32,"key":"SMITH"}],"neow_cost":"NONE","seed_source_timestamp":1304556773386100,"circlet_count":0,"master_deck":["Strike_R","Strike_R","Strike_R","Strike_R","Defend_R","Defend_R","Bash","Blood for Blood","Pummel","Shrug It Off","Spot Weakness+1","Carnage","Battle Trance","Shrug It Off","Seeing Red+1","Offering","Infernal Blade","Corruption","Armaments+1","Shockwave+1","Corruption","Sentinel+1","Demon Form"],"relics":["Burning Blood","Mercury Hourglass","Mummified Hand","Boot","PreservedInsect","Mark of Pain","Bag of Preparation","Anchor","Singing Bowl","MawBank"],"potions_floor_usage":[16,33,33,33],"damage_taken":[{"damage":1,"enemies":"Cultist","floor":1,"turns":4},{"damage":0,"enemies":"Small Slimes","floor":2,"turns":4},{"damage":6,"enemies":"2 Louse","floor":3,"turns":3},{"damage":29,"enemies":"3 Sentries","floor":6,"turns":8},{"damage":16,"enemies":"Gremlin Nob","floor":8,"turns":3},{"damage":0,"enemies":"Exordium Wildlife","floor":10,"turns":3},{"damage":8,"enemies":"Lots of Slimes","floor":11,"turns":3},{"damage":5,"enemies":"Looter","floor":12,"turns":2},{"damage":23,"enemies":"3 Sentries","floor":14,"turns":6},{"damage":61,"enemies":"Hexaghost","floor":16,"turns":10},{"damage":11,"enemies":"Shell Parasite","floor":18,"turns":3},{"damage":10,"enemies":"2 Thieves","floor":20,"turns":3},{"damage":6,"enemies":"Gremlin Leader","floor":24,"turns":5},{"damage":10,"enemies":"Slavers","floor":27,"turns":3},{"damage":9,"enemies":"3 Cultists","floor":28,"turns":3},{"damage":15,"enemies":"Book of Stabbing","floor":29,"turns":4},{"damage":9,"enemies":"Snake Plant","floor":30,"turns":4},{"damage":12,"enemies":"Shelled Parasite and Fungi","floor":31,"turns":3},{"damage":64,"enemies":"Automaton","floor":33,"turns":6}],"seed_played":"-7411365241724421794","potions_obtained":[{"floor":3,"key":"SpeedPotion"},{"floor":12,"key":"Strength Potion"},{"floor":14,"key":"SmokeBomb"},{"floor":16,"key":"Energy Potion"},{"floor":24,"key":"SneckoOil"},{"floor":28,"key":"PowerPotion"}],"is_trial":false,"path_per_floor":["M","M","M","$","?","E","R","E","T","M","M","M","R","E","R","B",null,"M","?","M","?","$","R","E","R","T","E","M","E","M","M","R","B"],"character_chosen":"IRONCLAD","items_purchased":["Corruption","Armaments"],"campfire_rested":1,"item_purchase_floors":[22,22],"current_hp_per_floor":[88,88,88,88,88,65,65,55,55,61,59,60,60,43,69,14,88,83,83,79,79,79,79,79,79,79,77,74,65,64,58,58,0],"gold":318,"neow_bonus":"TEN_PERCENT_HP_BONUS","is_prod":false,"is_daily":false,"chose_seed":false,"campfire_upgraded":4,"win_rate":0,"timestamp":1564106218,"path_taken":["M","M","M","?","?","E","R","E","T","M","M","M","R","E","R","BOSS","M","?","M","?","?","R","E","R","T","E","?","E","M","M","R","BOSS"],"build_version":"2019-07-17","purchased_purges":2,"victory":false,"max_hp_per_floor":[88,88,88,88,88,88,88,88,88,88,88,88,88,88,88,88,88,88,88,88,88,88,88,88,88,88,90,90,90,92,92,92,92],"card_choices":[{"not_picked":["Armaments","Anger"],"picked":"Blood for Blood","floor":1},{"not_picked":["Burning Pact","Entrench"],"picked":"Pummel","floor":2},{"not_picked":["Warcry","Body Slam"],"picked":"Shrug It Off","floor":3},{"not_picked":["Battle Trance","Armaments"],"picked":"Spot Weakness","floor":6},{"not_picked":["Rage","Clothesline"],"picked":"Carnage","floor":8},{"not_picked":["Heavy Blade","Hemokinesis"],"picked":"Battle Trance","floor":10},{"not_picked":["Searing Blow","Thunderclap","Anger"],"picked":"SKIP","floor":11},{"not_picked":["Havoc","Flex"],"picked":"Shrug It Off","floor":12},{"not_picked":["Shockwave","Twin Strike"],"picked":"Seeing Red","floor":14},{"not_picked":["Impervious","Feed"],"picked":"Offering","floor":16},{"not_picked":["Perfected Strike","Clash+1","Flex"],"picked":"SKIP","floor":18},{"not_picked":["Iron Wave","Sword Boomerang"],"picked":"Infernal Blade","floor":20},{"not_picked":["Flame Barrier","Flex+1"],"picked":"Shockwave","floor":24},{"not_picked":["Intimidate+1","Shockwave","Warcry"],"picked":"Singing Bowl","floor":27},{"not_picked":["Iron Wave","Thunderclap"],"picked":"Corruption","floor":28},{"not_picked":["Iron Wave","Corruption+1"],"picked":"Sentinel+1","floor":29},{"not_picked":["Second Wind","Twin Strike+1","Fire Breathing"],"picked":"Singing Bowl","floor":30},{"not_picked":["Sever Soul","Fire Breathing+1"],"picked":"Demon Form","floor":31}],"player_experience":179822,"relics_obtained":[{"floor":6,"key":"Mummified Hand"},{"floor":8,"key":"Boot"},{"floor":14,"key":"PreservedInsect"},{"floor":24,"key":"Bag of Preparation"},{"floor":26,"key":"Anchor"},{"floor":27,"key":"Singing Bowl"},{"floor":29,"key":"MawBank"}],"event_choices":[{"damage_healed":0,"gold_gain":0,"player_choice":"Gave Potion","damage_taken":0,"relics_obtained":["Mercury Hourglass"],"max_hp_gain":0,"max_hp_loss":0,"event_name":"WeMeetAgain","floor":5,"gold_loss":0},{"damage_healed":0,"gold_gain":0,"player_choice":"Ignored","damage_taken":0,"max_hp_gain":0,"max_hp_loss":0,"event_name":"Vampires","floor":19,"gold_loss":0},{"cards_removed":["Strike_R"],"damage_healed":0,"gold_gain":0,"player_choice":"Elegance","damage_taken":0,"max_hp_gain":0,"max_hp_loss":0,"event_name":"Back to Basics","floor":21,"gold_loss":0}],"is_beta":false,"boss_relics":[{"not_picked":["Ectoplasm","Eternal Feather"],"picked":"Mark of Pain"}],"items_purged_floors":[4,22],"is_endless":false,"potions_floor_spawned":[3,12,14,16,24,28,31],"killed_by":"Automaton","ascension_level":1}