{"gold_per_floor":[115,130,145,155,155,155,186,199,199,199,226,245,245,257,257,331,331,331,217,217,217,217,217],"floor_reached":23,"playtime":706,"items_purged":["Strike_B"],"score":406,"play_id":"5a68d35e-d74c-460d-976b-bde3f6125173","local_time":"20190709014639","is_ascension_mode":true,"campfire_choices":[{"data":"Static Discharge","floor":6,"key":"SMITH"},{"data":"Darkness","floor":10,"key":"SMITH"},{"data":"Barrage","floor":15,"key":"SMITH"}],"neow_cost":"TEN_PERCENT_HP_LOSS","seed_source_timestamp":528610352351299,"circlet_count":0,"master_deck":["AscendersBane","Strike_B","Strike_B","Defend_B","Defend_B","Defend_B","Defend_B+1","Zap","Dualcast+1","Rebound","Glacier","Lockon","Static Discharge+1","Darkness+1","Barrage+1","Rebound","Fission","BootSequence","Self Repair","Self Repair"],"relics":["Cracked Core","Torii","War Paint","Centennial Puzzle","PreservedInsect","Ectoplasm"],"potions_floor_usage":[4,7,8,16],"damage_taken":[{"damage":1,"enemies":"Jaw Worm","floor":1,"turns":3},{"damage":6,"enemies":"2 Louse","floor":2,"turns":3},{"damage":1,"enemies":"Cultist","floor":3,"turns":4},{"damage":1,"enemies":"Exordium Thugs","floor":4,"turns":4},{"damage":12,"enemies":"3 Sentries","floor":7,"turns":7},{"damage":7,"enemies":"Exordium Wildlife","floor":8,"turns":3},{"damage":2,"enemies":"Lagavulin","floor":11,"turns":6},{"damage":7,"enemies":"Lots of Slimes","floor":12,"turns":5},{"damage":11,"enemies":"Looter","floor":14,"turns":2},{"damage":9,"enemies":"Slime Boss","floor":16,"turns":8},{"damage":19,"enemies":"Spheric Guardian","floor":18,"turns":5},{"damage":29,"enemies":"3 Byrds","floor":21,"turns":4},{"damage":21,"enemies":"Gremlin Leader","floor":23,"turns":2}],"seed_played":"-820754045385624673","potions_obtained":[{"floor":2,"key":"SkillPotion"},{"floor":3,"key":"SkillPotion"},{"floor":8,"key":"Fruit Juice"},{"floor":12,"key":"GamblersBrew"},{"floor":16,"key":"Energy Potion"},{"floor":21,"key":"Energy Potion"}],"is_trial":false,"path_per_floor":["M","M","M","M","?","R","E","M","T","R","E","M","?","M","R","B",null,"M","$","?","M","?","E"],"character_chosen":"DEFECT","items_purchased":["Self Repair"],"campfire_rested":0,"item_purchase_floors":[19],"current_hp_per_floor":[63,57,56,55,48,48,36,34,34,34,32,25,25,14,14,5,53,34,34,34,12,12,0],"gold":217,"neow_bonus":"ONE_RARE_RELIC","is_prod":false,"is_daily":false,"chose_seed":false,"campfire_upgraded":3,"win_rate":0,"timestamp":1562604399,"path_taken":["M","M","M","M","?","R","E","M","T","R","E","M","?","M","R","BOSS","M","$","?","M","?","E"],"build_version":"2019-07-05","purchased_purges":1,"victory":false,"max_hp_per_floor":[64,64,64,64,64,64,64,69,69,69,69,69,69,69,69,69,69,69,69,69,69,69,69],"card_choices":[{"not_picked":["Stack","Recycle"],"picked":"Rebound","floor":1},{"not_picked":["Go for the Eyes","Stack"],"picked":"Glacier","floor":2},{"not_picked":["Genetic Algorithm","Steam"],"picked":"Lockon","floor":3},{"not_picked":["Coolheaded","Rebound"],"picked":"Static Discharge","floor":4},{"not_picked":["All For One","Go for the Eyes"],"picked":"Darkness","floor":7},{"not_picked":["Barrage","Rebound","Double Energy"],"picked":"SKIP","floor":8},{"not_picked":["Stack","Glacier","Fusion"],"picked":"SKIP","floor":11},{"not_picked":["Ball Lightning","Storm"],"picked":"Barrage","floor":12},{"not_picked":["Hello World","Turbo"],"picked":"Rebound","floor":14},{"not_picked":["Multi-Cast","Echo Form"],"picked":"Fission","floor":16},{"not_picked":["Conserve Battery","Loop"],"picked":"BootSequence","floor":18},{"not_picked":["Doom and Gloom","Turbo"],"picked":"Self Repair","floor":21}],"player_experience":5624492,"relics_obtained":[{"floor":7,"key":"War Paint"},{"floor":9,"key":"Centennial Puzzle"},{"floor":11,"key":"PreservedInsect"}],"event_choices":[{"cards_removed":["Strike_B"],"damage_healed":0,"gold_gain":0,"player_choice":"Card Removal","damage_taken":7,"max_hp_gain":0,"max_hp_loss":0,"event_name":"Golden Wing","floor":5,"gold_loss":0},{"damage_healed":0,"gold_gain":0,"player_choice":"Ignored","damage_taken":0,"max_hp_gain":0,"max_hp_loss":0,"event_name":"Liars Game","floor":13,"gold_loss":0},{"damage_healed":0,"gold_gain":0,"player_choice":"Ignored","damage_taken":0,"max_hp_gain":0,"max_hp_loss":0,"event_name":"Vampires","floor":20,"gold_loss":0},{"damage_healed":0,"gold_gain":50,"player_choice":"Pray","damage_taken":0,"max_hp_gain":0,"max_hp_loss":0,"event_name":"Golden Shrine","floor":22,"gold_loss":0}],"is_beta":false,"boss_relics":[{"not_picked":["Fusion Hammer","Eternal Feather"],"picked":"Ectoplasm"}],"items_purged_floors":[19],"is_endless":false,"potions_floor_spawned":[2,3,8,12,16,21],"killed_by":"Gremlin Leader","ascension_level":20}