{"gold_per_floor":[110,128,141,141,158,191,191,219,243,243,256,286,10,37,37,115,115,128,144,144,163,163,163,198,198,224,259,269,369,369,369,369,443,443,453,463,463,563,563,582,112,137,162,191,205,225,258,12,12,12,12,12,12,12,46,46],"floor_reached":57,"playtime":2328,"items_purged":["Pain","Defend_G","Defend_G"],"score":3196,"play_id":"e90c4270-c76d-4ef8-87a7-2d9db6b758ed","local_time":"20190718005333","is_ascension_mode":true,"campfire_choices":[{"data":"Envenom","floor":7,"key":"SMITH"},{"data":"Calculated Gamble","floor":10,"key":"SMITH"},{"floor":15,"key":"RECALL"},{"floor":23,"key":"REST"},{"floor":30,"key":"REST"},{"floor":32,"key":"REST"},{"floor":49,"key":"REST"},{"floor":53,"key":"REST"}],"neow_cost":"NONE","seed_source_timestamp":628483634963300,"circlet_count":0,"master_deck":["AscendersBane","Defend_G","Defend_G","Defend_G","Survivor","Neutralize+1","Quick Slash+1","Masterful Stab","Dagger Throw","Adrenaline","Envenom+1","Calculated Gamble+1","Catalyst","Finisher","Deflect","Dagger Spray","Adrenaline","Terror","Dodge and Roll+1","Cloak And Dagger+1","Bite","Bite","Bite","Bite","PiercingWail","Riddle With Holes","Deflect","Leg Sweep","Night Terror","Footwork+1","Dodge and Roll+1","Backstab","Acrobatics+1","Footwork","Sadistic Nature","Good Instincts+1","Leg Sweep","Apotheosis","Night Terror","Noxious Fumes","Prepared","Acrobatics","Acrobatics+1","PiercingWail"],"relics":["Ring of the Snake","WarpedTongs","Whetstone","PreservedInsect","Bronze Scales","Boot","Membership Card","Odd Mushroom","Fusion Hammer","Bag of Marbles","Enchiridion","Dream Catcher","Anchor","The Specimen","Dodecahedron","MutagenicStrength","Orrery","Tough Bandages","War Paint","OrangePellets","Pantograph","Regal Pillow","The Courier","Art of War","Strawberry","Snake Skull","Bottled Tornado"],"potions_floor_usage":[6,8,16,16,18,29,33,33,41,47],"damage_taken":[{"damage":0,"enemies":"2 Louse","floor":1,"turns":3},{"damage":0,"enemies":"Cultist","floor":2,"turns":3},{"damage":0,"enemies":"Jaw Worm","floor":3,"turns":3},{"damage":4,"enemies":"3 Louse","floor":5,"turns":4},{"damage":5,"enemies":"Gremlin Nob","floor":6,"turns":4},{"damage":3,"enemies":"Lagavulin","floor":8,"turns":6},{"damage":3,"enemies":"2 Fungi Beasts","floor":11,"turns":2},{"damage":7,"enemies":"3 Sentries","floor":12,"turns":4},{"damage":12,"enemies":"The Mushroom Lair","floor":14,"turns":4},{"damage":23,"enemies":"The Guardian","floor":16,"turns":11},{"damage":4,"enemies":"2 Thieves","floor":18,"turns":3},{"damage":4,"enemies":"Shell Parasite","floor":19,"turns":3},{"damage":22,"enemies":"Sentry and Sphere","floor":21,"turns":5},{"damage":23,"enemies":"Gremlin Leader","floor":24,"turns":6},{"damage":0,"enemies":"Slavers","floor":27,"turns":3},{"damage":0,"enemies":"Snake Plant","floor":28,"turns":2},{"damage":17,"enemies":"Colosseum Slavers","floor":29,"turns":7},{"damage":0,"enemies":"Colosseum Nobs","floor":29,"turns":2},{"damage":32,"enemies":"Champ","floor":33,"turns":9},{"damage":0,"enemies":"3 Darklings","floor":35,"turns":5},{"damage":0,"enemies":"3 Shapes","floor":36,"turns":4},{"damage":0,"enemies":"Mind Bloom Boss Battle","floor":38,"turns":3},{"damage":3,"enemies":"Sphere and 2 Shapes","floor":40,"turns":8},{"damage":0,"enemies":"Nemesis","floor":42,"turns":4},{"damage":0,"enemies":"Giant Head","floor":44,"turns":4},{"damage":0,"enemies":"Maw","floor":45,"turns":5},{"damage":5,"enemies":"Spire Growth","floor":46,"turns":5},{"damage":0,"enemies":"Reptomancer","floor":47,"turns":3},{"damage":8,"enemies":"Awakened One","floor":50,"turns":11},{"damage":15,"enemies":"Time Eater","floor":51,"turns":8},{"damage":0,"enemies":"Shield and Spear","floor":55,"turns":4},{"damage":37,"enemies":"The Heart","floor":56,"turns":8}],"seed_played":"-3600694357515290878","potions_obtained":[{"floor":2,"key":"GhostInAJar"},{"floor":5,"key":"Block Potion"},{"floor":6,"key":"SpeedPotion"},{"floor":12,"key":"SpeedPotion"},{"floor":16,"key":"Fire Potion"},{"floor":19,"key":"GamblersBrew"},{"floor":21,"key":"GamblersBrew"},{"floor":29,"key":"PowerPotion"},{"floor":33,"key":"Block Potion"},{"floor":38,"key":"SkillPotion"},{"floor":42,"key":"Explosive Potion"}],"is_trial":false,"path_per_floor":["M","M","M","?","M","E","R","E","T","R","M","E","$","?","R","B",null,"M","M","?","M","?","R","E","?","T","E","M","?","R","?","R","B",null,"M","M","?","?","?","M","$","E","T","E","M","M","E","$","R","B","B",null,"R","$","E","B",null],"character_chosen":"THE_SILENT","items_purchased":["Membership Card","Deflect","Apotheosis","War Paint","OrangePellets","Night Terror","Fruit Juice","Art of War","Strawberry","Snake Skull"],"campfire_rested":5,"item_purchase_floors":[13,13,41,41,41,41,41,48,48,48],"current_hp_per_floor":[59,59,59,59,55,50,50,47,47,47,44,37,37,25,25,2,50,46,42,42,20,20,33,29,8,8,16,20,23,36,36,46,21,40,46,46,36,44,44,46,51,51,51,51,51,51,51,58,58,58,49,56,58,58,58,27],"gold":46,"neow_bonus":"UPGRADE_CARD","is_prod":false,"is_daily":false,"chose_seed":false,"campfire_upgraded":2,"win_rate":0,"timestamp":1563378813,"path_taken":["M","M","M","?","M","E","R","E","T","R","?","E","$","?","R","BOSS","M","M","?","M","?","R","E","?","T","E","M","?","R","?","R","BOSS","M","M","?","?","?","M","$","E","T","E","M","M","E","$","R","BOSS","BOSS","R","$","E","BOSS"],"build_version":"2019-07-05","purchased_purges":3,"victory":true,"max_hp_per_floor":[66,66,66,66,66,66,66,66,66,66,66,66,66,66,66,66,66,66,66,66,66,46,46,46,46,46,46,46,46,46,46,46,46,46,46,46,46,46,46,46,51,51,51,51,51,51,51,58,58,58,58,58,58,58,58,58],"card_choices":[{"not_picked":["Sucker Punch","Prepared"],"picked":"Quick Slash","floor":1},{"not_picked":["Heel Hook","Acrobatics"],"picked":"Masterful Stab","floor":2},{"not_picked":["Quick Slash","Slice"],"picked":"Dagger Throw","floor":3},{"not_picked":["Outmaneuver","Well Laid Plans"],"picked":"Adrenaline","floor":5},{"not_picked":["Deflect","Blade Dance"],"picked":"Envenom","floor":6},{"not_picked":["Prepared","Masterful Stab"],"picked":"Calculated Gamble","floor":8},{"not_picked":["Poisoned Stab","Bane"],"picked":"Catalyst","floor":11},{"not_picked":["All Out Attack","Acrobatics"],"picked":"Finisher","floor":12},{"not_picked":["Flying Knee","Quick Slash"],"picked":"Dagger Spray","floor":14},{"not_picked":["Tools of the Trade","Storm of Steel"],"picked":"Adrenaline","floor":16},{"not_picked":["Predator","Quick Slash"],"picked":"Terror","floor":18},{"not_picked":["Dagger Throw","Blade Dance"],"picked":"Dodge and Roll+1","floor":19},{"not_picked":["Dagger Spray","Prepared"],"picked":"Cloak And Dagger","floor":21},{"not_picked":["Dagger Throw","Poisoned Stab"],"picked":"PiercingWail","floor":24},{"not_picked":["All Out Attack","Bane","Deadly Poison"],"picked":"SKIP","floor":27},{"not_picked":["Calculated Gamble","Concentrate"],"picked":"Riddle With Holes","floor":28},{"not_picked":["Flechettes","Outmaneuver"],"picked":"Deflect","floor":30},{"not_picked":["Distraction","Dagger Throw"],"picked":"Leg Sweep","floor":32},{"not_picked":["Venomology","Envenom"],"picked":"Night Terror","floor":33},{"not_picked":["Deadly Poison","Die Die Die"],"picked":"Footwork+1","floor":34},{"not_picked":["Prepared+1","Deadly Poison"],"picked":"Dodge and Roll+1","floor":34},{"not_picked":["A Thousand Cuts","Blade Dance"],"picked":"Backstab","floor":34},{"not_picked":["Quick Slash+1","PiercingWail"],"picked":"Acrobatics+1","floor":35},{"not_picked":["Masterful Stab+1","Bane"],"picked":"Footwork","floor":36},{"not_picked":["Forethought","Bandage Up"],"picked":"Sadistic Nature","floor":37},{"not_picked":["Swift Strike","Metamorphosis"],"picked":"Good Instincts","floor":37},{"not_picked":["Leg Sweep","Masterful Stab","Blade Dance+1"],"picked":"SKIP","floor":40},{"not_picked":["Masterful Stab","Blade Dance+1"],"picked":"Leg Sweep","floor":40},{"not_picked":["Dagger Throw+1","Deflect","Deadly Poison"],"picked":"SKIP","floor":42},{"not_picked":["Accuracy+1","Dagger Throw"],"picked":"Noxious Fumes","floor":44},{"not_picked":["Quick Slash","Cloak And Dagger"],"picked":"Prepared","floor":45},{"not_picked":["Slice+1","Flying Knee"],"picked":"Acrobatics","floor":46},{"not_picked":["Endless Agony","Blade Dance","Quick Slash"],"picked":"SKIP","floor":47},{"not_picked":["Endless Agony","Blade Dance","Quick Slash"],"picked":"SKIP","floor":47},{"not_picked":["Crippling Poison","Backstab+1"],"picked":"Acrobatics+1","floor":49},{"not_picked":["Dodge and Roll","Underhanded Strike"],"picked":"PiercingWail","floor":53},{"not_picked":["Corpse Explosion","Outmaneuver","Flying Knee"],"picked":"SKIP","floor":55}],"player_experience":5722439,"relics_obtained":[{"floor":6,"key":"Whetstone"},{"floor":8,"key":"PreservedInsect"},{"floor":9,"key":"Bronze Scales"},{"floor":12,"key":"Boot"},{"floor":14,"key":"Odd Mushroom"},{"floor":24,"key":"Bag of Marbles"},{"floor":25,"key":"Enchiridion"},{"floor":26,"key":"Dream Catcher"},{"floor":27,"key":"Anchor"},{"floor":29,"key":"The Specimen"},{"floor":29,"key":"Dodecahedron"},{"floor":38,"key":"Tough Bandages"},{"floor":42,"key":"Pantograph"},{"floor":44,"key":"Regal Pillow"},{"floor":47,"key":"The Courier"},{"floor":55,"key":"Bottled Tornado"}],"event_choices":[{"damage_healed":0,"gold_gain":0,"player_choice":"Rummage","damage_taken":0,"relics_obtained":["WarpedTongs"],"max_hp_gain":0,"max_hp_loss":0,"event_name":"Accursed Blacksmith","floor":4,"gold_loss":0,"cards_obtained":["Pain"]},{"damage_healed":0,"gold_gain":0,"player_choice":"Fought Mushrooms","damage_taken":0,"max_hp_gain":0,"max_hp_loss":0,"event_name":"Mushrooms","floor":14,"gold_loss":0},{"damage_healed":0,"gold_gain":0,"player_choice":"Ignored","damage_taken":0,"max_hp_gain":0,"max_hp_loss":0,"event_name":"Ghosts","floor":20,"gold_loss":0},{"damage_healed":0,"gold_gain":0,"player_choice":"Became a vampire","damage_taken":0,"max_hp_gain":0,"max_hp_loss":20,"event_name":"Vampires","floor":22,"gold_loss":0,"cards_obtained":["Bite","Bite","Bite","Bite","Bite"]},{"damage_healed":0,"gold_gain":0,"player_choice":"Obtained Book","damage_taken":21,"max_hp_gain":0,"max_hp_loss":0,"event_name":"Cursed Tome","floor":25,"gold_loss":0},{"damage_healed":0,"gold_gain":0,"player_choice":"Fight","damage_taken":0,"max_hp_gain":0,"max_hp_loss":0,"event_name":"Colosseum","floor":29,"gold_loss":0},{"damage_healed":0,"gold_gain":0,"player_choice":"Fought Nobs","damage_taken":0,"max_hp_gain":0,"max_hp_loss":0,"event_name":"Colosseum","floor":29,"gold_loss":0},{"damage_healed":0,"gold_gain":0,"player_choice":"Inject Mutagens","damage_taken":0,"relics_obtained":["MutagenicStrength"],"max_hp_gain":0,"max_hp_loss":0,"event_name":"Drug Dealer","floor":31,"gold_loss":0},{"damage_healed":0,"gold_gain":0,"player_choice":"Memory 3","damage_taken":10,"max_hp_gain":0,"max_hp_loss":0,"event_name":"SensoryStone","floor":37,"gold_loss":0},{"damage_healed":0,"gold_gain":0,"player_choice":"Fight","damage_taken":0,"max_hp_gain":0,"max_hp_loss":0,"event_name":"MindBloom","floor":38,"gold_loss":0},{"cards_removed":["Bite"],"damage_healed":0,"gold_gain":0,"player_choice":"Removed Attack","damage_taken":0,"max_hp_gain":0,"max_hp_loss":0,"event_name":"Falling","floor":39,"gold_loss":0}],"is_beta":false,"boss_relics":[{"not_picked":["Philosopher\u0027s Stone","Ectoplasm"],"picked":"Fusion Hammer"},{"not_picked":["Black Star","Calling Bell"],"picked":"Orrery"}],"items_purged_floors":[13,41,48],"is_endless":false,"potions_floor_spawned":[2,5,6,12,14,16,19,21,27,29,33,38,40,42],"ascension_level":20}