{"gold_per_floor":[112,112,128,51,51,51,62,91,161,173,190,203,203,103,103,199,199,219,235,249,274,290,290],"floor_reached":23,"playtime":1223,"items_purged":["Strike_R","Strike_R"],"score":579,"play_id":"77fc7808-c02e-4000-ac9b-09e2aec7dc3c","local_time":"20190717015911","is_ascension_mode":true,"campfire_choices":[{"data":"Bash","floor":6.0,"key":"SMITH"},{"floor":15.0,"key":"REST"}],"neow_cost":"","seed_source_timestamp":2202634574945281,"circlet_count":0,"master_deck":["AscendersBane","Strike_R","Strike_R","Strike_R","Defend_R","Defend_R","Defend_R","Defend_R","Bash+1","Rampage","Armaments+1","Thunderclap","Ghostly Armor","Rampage","Shrug It Off","Clothesline","Berserk","Reaper"],"special_seed":0,"relics":["Burning Blood","Thread and Needle","Lantern","Singing Bowl","Golden Idol","Snecko Eye"],"potions_floor_usage":[23],"damage_taken":[{"damage":0.0,"enemies":"Jaw Worm","floor":1.0,"turns":3.0},{"damage":0.0,"enemies":"Small Slimes","floor":3.0,"turns":4.0},{"damage":0.0,"enemies":"2 Louse","floor":7.0,"turns":3.0},{"damage":21.0,"enemies":"Gremlin Nob","floor":8.0,"turns":4.0},{"damage":19.0,"enemies":"Exordium Thugs","floor":10.0,"turns":7.0},{"damage":0.0,"enemies":"2 Fungi Beasts","floor":11.0,"turns":3.0},{"damage":12.0,"enemies":"Large Slime","floor":12.0,"turns":9.0},{"damage":25.0,"enemies":"The Guardian","floor":16.0,"turns":13.0},{"damage":11.0,"enemies":"Shell Parasite","floor":18.0,"turns":6.0},{"damage":35.0,"enemies":"Spheric Guardian","floor":19.0,"turns":8.0},{"damage":4.0,"enemies":"Snake Plant","floor":20.0,"turns":5.0},{"damage":12.0,"enemies":"Cultist and Chosen","floor":21.0,"turns":7.0},{"damage":5.0,"enemies":"Snecko","floor":22.0,"turns":6.0},{"damage":62,"enemies":"Book of Stabbing","floor":23,"turns":5}],"seed_played":"-7139324981045743915","potions_obtained":[{"floor":1.0,"key":"Block Potion"}],"is_trial":false,"path_per_floor":["M","?","M","$","?","R","M","E","T","M","M","M","?","$","R","B",null,"M","M","M","M","M","E"],"character_chosen":"IRONCLAD","items_purchased":["Rampage","Armaments","PowerPotion","Rampage"],"campfire_rested":1,"item_purchase_floors":[0,0,0,4],"current_hp_per_floor":[48,48,54,54,54,54,60,45,45,32,40,36,36,36,57,38,64,65,39,46,48,57,0],"gold":290,"neow_bonus":"","is_prod":false,"is_daily":false,"chose_seed":false,"campfire_upgraded":1,"win_rate":0,"timestamp":1563321551,"path_taken":["M","?","M","$","?","R","?","E","T","M","M","M","?","?","R","BOSS","M","M","M","M","M","E"],"build_version":"2019-07-05","purchased_purges":2,"victory":false,"max_hp_per_floor":[75,75,75,75,75,75,75,75,75,75,77,79,72,72,72,72,72,74,76,78,80,82,82],"card_choices":[{"not_picked":["Body Slam","Flex"],"picked":"Thunderclap","floor":1.0},{"not_picked":["Cleave","Metallicize"],"picked":"Ghostly Armor","floor":3.0},{"not_picked":["Anger","Armaments"],"picked":"Shrug It Off","floor":7.0},{"not_picked":["Armaments","Corruption"],"picked":"Clothesline","floor":8.0},{"not_picked":["Body Slam","Seeing Red"],"picked":"Berserk","floor":10.0},{"not_picked":["Headbutt","Warcry","Second Wind"],"picked":"Singing Bowl","floor":11.0},{"not_picked":["Headbutt","Metallicize","Anger"],"picked":"Singing Bowl","floor":12.0},{"not_picked":["Berserk","Demon Form"],"picked":"Reaper","floor":16.0},{"not_picked":["Clash","Warcry+1","Infernal Blade"],"picked":"Singing Bowl","floor":18.0},{"not_picked":["Clash","Thunderclap","Battle Trance"],"picked":"Singing Bowl","floor":19.0},{"not_picked":["Evolve","Havoc","Sword Boomerang"],"picked":"Singing Bowl","floor":20.0},{"not_picked":["Power Through","Body Slam","Perfected Strike"],"picked":"Singing Bowl","floor":21.0},{"not_picked":["True Grit","Corruption","Perfected Strike"],"picked":"Singing Bowl","floor":22.0}],"player_experience":461426,"relics_obtained":[{"floor":8.0,"key":"Lantern"},{"floor":9.0,"key":"Singing Bowl"}],"event_choices":[{"damage_healed":0.0,"max_hp_gain":0.0,"max_hp_loss":0.0,"gold_gain":0.0,"event_name":"Living Wall","player_choice":"Grow","floor":2.0,"gold_loss":0.0,"damage_taken":0.0,"cards_upgraded":["Armaments"]},{"damage_healed":0.0,"max_hp_gain":0.0,"max_hp_loss":0.0,"gold_gain":0.0,"event_name":"Liars Game","player_choice":"Ignored","floor":5.0,"gold_loss":0.0,"damage_taken":0.0},{"damage_healed":0.0,"max_hp_gain":0.0,"max_hp_loss":7.0,"gold_gain":0.0,"event_name":"Golden Idol","player_choice":"Lose Max HP","floor":13.0,"gold_loss":0.0,"damage_taken":0.0,"relics_obtained":["Golden Idol"]}],"is_beta":false,"boss_relics":[{"not_picked":["Coffee Dripper","Black Blood"],"picked":"Snecko Eye"}],"items_purged_floors":[0,14],"is_endless":false,"potions_floor_spawned":[1,10,12,18],"killed_by":"Book of Stabbing","ascension_level":19}