{"gold_per_floor":[115,115,115,115,115,153,153,197,272,272,303,317,347,360,360,483,483,496,411,411,436,36,76,76,76,76,91,91,104,148,48,48,178,178,201,214,89,105,119,119,150,205,205,228,149,149,169,187,187,187,187,187,18,51,51],"floor_reached":55,"playtime":3194,"items_purged":["Regret","Pain","Strike_R+1"],"score":814,"play_id":"ede2bde1-cccf-4a1f-98d6-f2baece2e5e6","local_time":"20190724154329","is_ascension_mode":true,"campfire_choices":[{"data":"1","floor":7.0,"key":"LIFT"},{"floor":10.0,"key":"REST"},{"floor":15.0,"key":"REST"},{"floor":24.0,"key":"RECALL"},{"data":"2","floor":32.0,"key":"LIFT"},{"data":"3","floor":40.0,"key":"LIFT"},{"floor":46.0,"key":"REST"},{"data":"Whirlwind","floor":49.0,"key":"SMITH"},{"floor":52,"key":"DIG"}],"neow_cost":"NONE","seed_source_timestamp":0,"circlet_count":0,"master_deck":["Strike_R+1","Strike_R+1","Strike_R+1","Strike_R+1","Defend_R+1","Defend_R+1","Bash","Infernal Blade+1","Feed","Rupture","Flex","Heavy Blade","Infernal Blade","Brutality","Shrug It Off","Flex","Metallicize","Combust","RitualDagger","Sever Soul+1","Inflame","Warcry+1","Impervious","Blood for Blood","Intimidate+1","Demon Form","Hemokinesis+1","Infernal Blade+1","Whirlwind+1","Flex","Entrench+1"],"special_seed":0,"relics":["Burning Blood","Golden Idol","Girya","WarpedTongs","Matryoshka","Gremlin Horn","Orichalcum","War Paint","Tiny Chest","Philosopher\u0027s Stone","Self Forming Clay","Dodecahedron","Shovel","Vajra","Mango","Meat on the Bone","Runic Cube","Regal Pillow","Red Skull","Potion Belt","Kunai","Happy Flower","Blood Vial"],"potions_floor_usage":[55],"damage_taken":[{"damage":3.0,"enemies":"Jaw Worm","floor":1.0,"turns":5.0},{"damage":37.0,"enemies":"3 Sentries","floor":6.0,"turns":8.0},{"damage":18.0,"enemies":"Gremlin Nob","floor":8.0,"turns":3.0},{"damage":32.0,"enemies":"Lagavulin","floor":11.0,"turns":6.0},{"damage":8.0,"enemies":"Small Slimes","floor":12.0,"turns":2.0},{"damage":3.0,"enemies":"Cultist","floor":14.0,"turns":2.0},{"damage":41.0,"enemies":"Hexaghost","floor":16.0,"turns":8.0},{"damage":27.0,"enemies":"2 Thieves","floor":18.0,"turns":3.0},{"damage":6.0,"enemies":"Spheric Guardian","floor":21.0,"turns":3.0},{"damage":33.0,"enemies":"Book of Stabbing","floor":23.0,"turns":5.0},{"damage":7.0,"enemies":"3 Cultists","floor":27.0,"turns":3.0},{"damage":20.0,"enemies":"Centurion and Healer","floor":29.0,"turns":4.0},{"damage":11.0,"enemies":"Slavers","floor":30.0,"turns":3.0},{"damage":55.0,"enemies":"Champ","floor":33.0,"turns":7.0},{"damage":12.0,"enemies":"3 Shapes","floor":35.0,"turns":2.0},{"damage":11.0,"enemies":"3 Darklings","floor":36.0,"turns":5.0},{"damage":19.0,"enemies":"Writhing Mass","floor":38.0,"turns":3.0},{"damage":22.0,"enemies":"4 Shapes","floor":39.0,"turns":3.0},{"damage":26.0,"enemies":"Reptomancer","floor":41.0,"turns":3.0},{"damage":10.0,"enemies":"Transient","floor":44.0,"turns":5.0},{"damage":0.0,"enemies":"Jaw Worm Horde","floor":47.0,"turns":2.0},{"damage":10.0,"enemies":"3 Darklings","floor":48.0,"turns":6.0},{"damage":93.0,"enemies":"Time Eater","floor":50.0,"turns":8.0},{"damage":73,"enemies":"Shield and Spear","floor":54,"turns":5},{"damage":72,"enemies":"The Heart","floor":55,"turns":5}],"seed_played":"-5947268000651594310","potions_obtained":[{"floor":6.0,"key":"SneckoOil"},{"floor":12.0,"key":"SteroidPotion"},{"floor":14.0,"key":"Regen Potion"},{"floor":16.0,"key":"Weak Potion"},{"floor":18.0,"key":"AttackPotion"},{"floor":30.0,"key":"EntropicBrew"},{"floor":35.0,"key":"SkillPotion"},{"floor":39.0,"key":"Energy Potion"},{"floor":41.0,"key":"Fire Potion"},{"floor":44.0,"key":"Swift Potion"},{"floor":54,"key":"EssenceOfSteel"}],"is_trial":false,"path_per_floor":["M","?","?","?","?","E","R","E","T","R","E","M","?","M","R","B",null,"M","?","?","M","$","E","R","?","T","M","?","M","E","$","R","B",null,"M","M","$","M","M","R","E","T","T","M","$","R","M","M","R","B",null,"R","$","E","B"],"character_chosen":"IRONCLAD","items_purchased":["Dodecahedron","Metallicize","Whirlwind","Happy Flower","Flex"],"campfire_rested":3,"item_purchase_floors":[22,22,45,53,53],"current_hp_per_floor":[88,66,63,56,56,25,25,16,16,43,17,15,15,18,45,13,94,76,76,76,76,76,53,53,47,61,73,73,59,57,57,57,20,122,116,111,111,98,85,85,77,77,77,73,73,125,125,121,121,46,125,125,125,70,0],"gold":51,"neow_bonus":"TEN_PERCENT_HP_BONUS","is_prod":false,"is_daily":false,"chose_seed":false,"campfire_upgraded":1,"win_rate":0,"timestamp":1564001009,"path_taken":["M","?","?","?","?","E","R","E","T","R","E","?","?","M","R","BOSS","M","?","?","M","$","E","R","?","T","M","?","M","E","$","R","BOSS","M","M","?","?","M","R","E","?","T","M","$","R","?","M","R","BOSS","R","$","E","BOSS"],"build_version":"2019-07-17","purchased_purges":3,"victory":false,"max_hp_per_floor":[88,88,88,88,88,88,88,91,91,91,91,91,91,91,91,94,94,97,97,97,97,97,101,101,101,115,119,119,119,122,122,122,122,122,122,122,122,122,125,125,125,125,125,125,125,125,125,125,125,125,125,125,125,125,125],"card_choices":[{"not_picked":["True Grit","Body Slam"],"picked":"Infernal Blade","floor":1.0},{"not_picked":["Cleave","Flex"],"picked":"Feed","floor":6.0},{"not_picked":["Pummel","Anger"],"picked":"Rupture","floor":8.0},{"not_picked":["Armaments","Battle Trance"],"picked":"Flex","floor":11.0},{"not_picked":["Clash","Headbutt"],"picked":"Heavy Blade","floor":12.0},{"not_picked":["Shrug It Off","Twin Strike"],"picked":"Infernal Blade","floor":14.0},{"not_picked":["Impervious","Juggernaut"],"picked":"Brutality","floor":16.0},{"not_picked":["Pommel Strike","Cleave"],"picked":"Shrug It Off","floor":18.0},{"not_picked":["Perfected Strike+1","Power Through"],"picked":"Flex","floor":21.0},{"not_picked":["Fiend Fire","Iron Wave"],"picked":"Combust","floor":23.0},{"not_picked":["Combust","Corruption+1"],"picked":"Sever Soul+1","floor":27.0},{"not_picked":["Body Slam","Power Through+1"],"picked":"Inflame","floor":29.0},{"not_picked":["Clothesline+1","Combust"],"picked":"Warcry+1","floor":30.0},{"not_picked":["Juggernaut","Brutality"],"picked":"Impervious","floor":33.0},{"not_picked":["Ghostly Armor+1","Twin Strike+1"],"picked":"Blood for Blood","floor":35.0},{"not_picked":["Sword Boomerang+1","Reckless Charge","True Grit"],"picked":"SKIP","floor":36.0},{"not_picked":["Clash","True Grit+1"],"picked":"Intimidate+1","floor":38.0},{"not_picked":["Entrench","Iron Wave+1"],"picked":"Demon Form","floor":39.0},{"not_picked":["Dropkick+1","Iron Wave"],"picked":"Hemokinesis+1","floor":41.0},{"not_picked":["Seeing Red","Battle Trance"],"picked":"Infernal Blade+1","floor":44.0},{"not_picked":["Iron Wave+1","Ghostly Armor+1","Anger"],"picked":"SKIP","floor":47.0},{"not_picked":["Ghostly Armor+1","Perfected Strike+1","Sword Boomerang+1"],"picked":"SKIP","floor":48.0},{"not_picked":["Anger+1","Hemokinesis"],"picked":"Entrench+1","floor":54}],"player_experience":155471,"relics_obtained":[{"floor":6.0,"key":"Matryoshka"},{"floor":8.0,"key":"Gremlin Horn"},{"floor":9.0,"key":"Orichalcum"},{"floor":11.0,"key":"War Paint"},{"floor":23.0,"key":"Shovel"},{"floor":26.0,"key":"Vajra"},{"floor":26.0,"key":"Mango"},{"floor":30.0,"key":"Meat on the Bone"},{"floor":41.0,"key":"Regal Pillow"},{"floor":42.0,"key":"Red Skull"},{"floor":43.0,"key":"Potion Belt"},{"floor":52,"key":"Kunai"},{"floor":54,"key":"Blood Vial"}],"event_choices":[{"damage_healed":0.0,"max_hp_gain":0.0,"max_hp_loss":0.0,"gold_gain":0.0,"event_name":"Golden Idol","player_choice":"Take Damage","floor":2.0,"gold_loss":0.0,"damage_taken":22.0,"relics_obtained":["Golden Idol"]},{"damage_healed":0.0,"max_hp_gain":0.0,"max_hp_loss":0.0,"gold_gain":0.0,"event_name":"Scrap Ooze","player_choice":"Success","floor":3.0,"gold_loss":0.0,"damage_taken":3.0,"relics_obtained":["Girya"]},{"cards_removed":["Defend_R"],"damage_healed":0.0,"max_hp_gain":0.0,"max_hp_loss":0.0,"gold_gain":0.0,"event_name":"Golden Wing","player_choice":"Card Removal","floor":4.0,"gold_loss":0.0,"damage_taken":7.0},{"damage_healed":0.0,"max_hp_gain":0.0,"max_hp_loss":0.0,"gold_gain":0.0,"event_name":"Accursed Blacksmith","player_choice":"Rummage","floor":5.0,"gold_loss":0.0,"damage_taken":0.0,"relics_obtained":["WarpedTongs"],"cards_obtained":["Pain"]},{"damage_healed":0.0,"max_hp_gain":0.0,"max_hp_loss":0.0,"gold_gain":0.0,"event_name":"Big Fish","player_choice":"Box","floor":13.0,"gold_loss":0.0,"damage_taken":0.0,"relics_obtained":["Tiny Chest"],"cards_obtained":["Regret"]},{"damage_healed":0.0,"max_hp_gain":0.0,"max_hp_loss":0.0,"gold_gain":0.0,"event_name":"Addict","player_choice":"Obtained Relic","floor":19.0,"gold_loss":85.0,"damage_taken":0.0,"relics_obtained":["Self Forming Clay"]},{"damage_healed":0.0,"max_hp_gain":0.0,"max_hp_loss":0.0,"gold_gain":0.0,"event_name":"Back to Basics","player_choice":"Simplicity","floor":20.0,"gold_loss":0.0,"damage_taken":0.0,"cards_upgraded":["Strike_R","Strike_R","Strike_R","Strike_R","Strike_R","Defend_R","Defend_R"]},{"damage_healed":0.0,"max_hp_gain":0.0,"max_hp_loss":0.0,"gold_gain":0.0,"event_name":"Nest","player_choice":"Joined the Cult","floor":25.0,"gold_loss":0.0,"damage_taken":6.0,"cards_obtained":["RitualDagger"]},{"cards_removed":["Defend_R"],"damage_healed":0.0,"max_hp_gain":0.0,"max_hp_loss":0.0,"gold_gain":0.0,"event_name":"Purifier","player_choice":"Purged","floor":28.0,"gold_loss":0.0,"damage_taken":0.0}],"is_beta":false,"boss_relics":[{"not_picked":["Ectoplasm","Eternal Feather"],"picked":"Philosopher\u0027s Stone"},{"not_picked":["Mark of Pain","Runic Dome"],"picked":"Runic Cube"}],"items_purged_floors":[22,31,37],"is_endless":false,"potions_floor_spawned":[6,12,14,16,18,21,30,35,39,41,44,54],"killed_by":"The Heart","ascension_level":1}