{"gold_per_floor":[109,120,136,148,148,148,179,179,206,235,254,286,286,302,302,379,379,390,46,46,46,60,60,70,70,70,88,104,135,145,145,145,221,221,235,235,335,335,354,384,384,384],"floor_reached":42,"playtime":1828,"items_purged":["Strike_B"],"score":986,"play_id":"7dcdf29a-dd69-4fa4-8f71-43718687833b","local_time":"20190727000812","is_ascension_mode":true,"campfire_choices":[{"data":"Multi-Cast","floor":6,"key":"SMITH"},{"data":"Dualcast","floor":8,"key":"SMITH"},{"data":"Loop","floor":13,"key":"SMITH"},{"data":"Capacitor","floor":15,"key":"SMITH"},{"data":"Defragment","floor":23,"key":"SMITH"},{"data":"Barrage","floor":25,"key":"SMITH"},{"data":"Go for the Eyes","floor":32,"key":"SMITH"},{"data":"Turbo","floor":41,"key":"SMITH"}],"neow_cost":"NONE","seed_source_timestamp":224273447399300,"circlet_count":0,"master_deck":["AscendersBane","Zap","Dualcast+1","Multi-Cast+1","BootSequence","Cold Snap","Cold Snap","Lockon","Ball Lightning","Capacitor+1","Loop+1","Chill","Core Surge","Defragment+1","Barrage+1","Go for the Eyes+1","Steam+1","Creative AI","Auto Shields","Self Repair","Thunder Strike","Turbo+1","Ball Lightning","Double Energy","Coolheaded","Sweeping Beam+1","Echo Form"],"relics":["FrozenCore","Strawberry","Pen Nib","Bronze Scales","Anchor","ClockworkSouvenir","Meat on the Bone","Juzu Bracelet","Pandora\u0027s Box","Ice Cream","Matryoshka"],"potions_floor_usage":[7,10,29,33,37],"damage_taken":[{"damage":19,"enemies":"Jaw Worm","floor":1,"turns":4},{"damage":1,"enemies":"Cultist","floor":2,"turns":4},{"damage":0,"enemies":"2 Louse","floor":3,"turns":2},{"damage":0,"enemies":"2 Fungi Beasts","floor":4,"turns":4},{"damage":8,"enemies":"3 Sentries","floor":7,"turns":10},{"damage":0,"enemies":"Lagavulin","floor":10,"turns":7},{"damage":1,"enemies":"3 Louse","floor":11,"turns":2},{"damage":23,"enemies":"3 Sentries","floor":12,"turns":7},{"damage":0,"enemies":"Looter","floor":14,"turns":2},{"damage":10,"enemies":"The Guardian","floor":16,"turns":10},{"damage":13,"enemies":"Spheric Guardian","floor":18,"turns":4},{"damage":0,"enemies":"Chosen","floor":22,"turns":6},{"damage":0,"enemies":"Snake Plant","floor":24,"turns":5},{"damage":17,"enemies":"Cultist and Chosen","floor":27,"turns":6},{"damage":0,"enemies":"Centurion and Healer","floor":28,"turns":9},{"damage":12,"enemies":"Slavers","floor":29,"turns":5},{"damage":0,"enemies":"Snake Plant","floor":30,"turns":7},{"damage":21,"enemies":"Champ","floor":33,"turns":18},{"damage":9,"enemies":"3 Darklings","floor":35,"turns":7},{"damage":9,"enemies":"Mind Bloom Boss Battle","floor":37,"turns":9},{"damage":0,"enemies":"3 Shapes","floor":39,"turns":11},{"damage":1,"enemies":"Giant Head","floor":40,"turns":19},{"damage":83,"enemies":"Reptomancer","floor":42,"turns":6}],"seed_played":"-5058553588608232287","potions_obtained":[{"floor":1,"key":"Block Potion"},{"floor":2,"key":"FocusPotion"},{"floor":14,"key":"EssenceOfSteel"},{"floor":28,"key":"Strength Potion"},{"floor":30,"key":"Weak Potion"},{"floor":33,"key":"SkillPotion"},{"floor":39,"key":"SteroidPotion"}],"is_trial":false,"path_per_floor":["M","M","M","M","?","R","E","R","T","E","M","E","R","M","R","B",null,"M","$","?","$","M","R","M","R","T","M","M","E","M","?","R","B",null,"M","?","?","?","M","E","R","E"],"character_chosen":"DEFECT","items_purchased":["ClockworkSouvenir","Barrage"],"campfire_rested":0,"item_purchase_floors":[19,19],"current_hp_per_floor":[45,44,44,44,67,67,66,66,66,66,65,42,42,42,42,32,67,54,54,54,54,54,54,54,54,54,49,49,49,49,78,78,57,73,71,71,69,69,74,74,74,0],"gold":384,"neow_bonus":"ONE_RANDOM_RARE_CARD","is_prod":false,"is_daily":false,"chose_seed":false,"campfire_upgraded":8,"win_rate":0,"timestamp":1564153692,"path_taken":["M","M","M","M","?","R","E","R","T","E","M","E","R","M","R","BOSS","M","$","?","?","M","R","?","R","T","M","M","E","M","?","R","BOSS","M","?","?","?","M","E","R","E"],"build_version":"2019-07-17","purchased_purges":1,"victory":false,"max_hp_per_floor":[71,71,71,71,71,71,78,78,78,78,78,78,78,78,78,78,78,78,78,78,78,78,78,78,78,78,78,78,78,78,78,78,78,78,78,74,74,74,74,74,74,74],"card_choices":[{"not_picked":["Streamline","Hologram"],"picked":"BootSequence","floor":1},{"not_picked":["Compile Driver","Leap"],"picked":"Cold Snap","floor":2},{"not_picked":["Skim","Blizzard"],"picked":"Cold Snap","floor":3},{"not_picked":["Aggregate","Streamline"],"picked":"Lockon","floor":4},{"not_picked":["Static Discharge","Beam Cell"],"picked":"Ball Lightning","floor":7},{"not_picked":["Cold Snap","Gash","Creative AI"],"picked":"SKIP","floor":10},{"not_picked":["Scrape","Go for the Eyes"],"picked":"Capacitor","floor":11},{"not_picked":["Aggregate","Cold Snap"],"picked":"Loop","floor":12},{"not_picked":["Cold Snap","Gash"],"picked":"Chill","floor":14},{"not_picked":["Meteor Strike","Biased Cognition"],"picked":"Core Surge","floor":16},{"not_picked":["Redo","Capacitor"],"picked":"Defragment","floor":18},{"not_picked":["Chaos","Barrage","Go for the Eyes"],"picked":"SKIP","floor":22},{"not_picked":["Compile Driver","Gash","Scrape"],"picked":"SKIP","floor":24},{"not_picked":["Steam","Heatsinks"],"picked":"Go for the Eyes","floor":27},{"not_picked":["Melter","Loop","Turbo"],"picked":"SKIP","floor":28},{"not_picked":["Tempest","Compile Driver","Aggregate"],"picked":"SKIP","floor":29},{"not_picked":["Hello World","Darkness"],"picked":"Steam+1","floor":30},{"not_picked":["Hyperbeam","Thunder Strike"],"picked":"Creative AI","floor":33},{"not_picked":["Leap","Heatsinks"],"picked":"Barrage","floor":35},{"not_picked":["Ball Lightning","Turbo"],"picked":"Sweeping Beam+1","floor":37},{"not_picked":["Gash","Melter+1","Streamline"],"picked":"SKIP","floor":39},{"not_picked":["Beam Cell+1","Leap"],"picked":"Echo Form","floor":40}],"player_experience":5824901,"relics_obtained":[{"floor":7,"key":"Strawberry"},{"floor":9,"key":"Pen Nib"},{"floor":10,"key":"Bronze Scales"},{"floor":12,"key":"Anchor"},{"floor":26,"key":"Meat on the Bone"},{"floor":29,"key":"Juzu Bracelet"},{"floor":37,"key":"Ice Cream"},{"floor":40,"key":"Matryoshka"}],"event_choices":[{"damage_healed":23,"gold_gain":0,"player_choice":"Banana","damage_taken":0,"max_hp_gain":0,"max_hp_loss":0,"event_name":"Big Fish","floor":5,"gold_loss":0},{"damage_healed":0,"gold_gain":0,"player_choice":"Ignored","damage_taken":0,"max_hp_gain":0,"max_hp_loss":0,"event_name":"N\u0027loth","floor":20,"gold_loss":0},{"damage_healed":29,"gold_gain":0,"player_choice":"Full Heal","damage_taken":0,"max_hp_gain":0,"max_hp_loss":0,"event_name":"Wheel of Change","floor":31,"gold_loss":0},{"damage_healed":0,"gold_gain":0,"player_choice":"Max HP","damage_taken":0,"max_hp_gain":0,"max_hp_loss":4,"event_name":"Winding Halls","floor":36,"gold_loss":0},{"damage_healed":0,"gold_gain":0,"player_choice":"Fight","damage_taken":0,"max_hp_gain":0,"max_hp_loss":0,"event_name":"MindBloom","floor":37,"gold_loss":0},{"cards_removed":["Barrage"],"damage_healed":0,"gold_gain":0,"player_choice":"Removed Attack","damage_taken":0,"max_hp_gain":0,"max_hp_loss":0,"event_name":"Falling","floor":38,"gold_loss":0}],"is_beta":false,"boss_relics":[{"not_picked":["Eternal Feather","Calling Bell"],"picked":"FrozenCore"},{"not_picked":["Empty Cage","Sozu"],"picked":"Pandora\u0027s Box"}],"items_purged_floors":[19],"is_endless":false,"potions_floor_spawned":[1,2,14,28,30,33,39],"killed_by":"Reptomancer","ascension_level":20}