{"gold_per_floor":[109,259,334,345,362,362,396,396,396,396],"floor_reached":10,"playtime":177,"items_purged":[],"score":132,"play_id":"2ddf0465-6411-4362-afb2-dd2c5628f166","local_time":"20190506013759","is_ascension_mode":true,"campfire_choices":[{"data":"Bash","floor":6,"key":"SMITH"},{"floor":8,"key":"REST"}],"neow_cost":"","seed_source_timestamp":24945062273200,"circlet_count":0,"master_deck":["Defend_R","Defend_R","Defend_R","Defend_R","Defend_R","Defend_R","Defend_R","Defend_R","Defend_R","Defend_R","Bash+1","Strike_R","Strike_R","Strike_R","Strike_R","Strike_R","Strike_R","Strike_R","Strike_R","Strike_R","Strike_R","Wild Strike","Doubt","Pommel Strike","Twin Strike","Corruption"],"relics":["Burning Blood","Question Card","Matryoshka"],"potions_floor_usage":[7,7],"damage_taken":[{"damage":13,"enemies":"Cultist","floor":1,"turns":5},{"damage":2,"enemies":"2 Louse","floor":4,"turns":4},{"damage":6,"enemies":"Small Slimes","floor":5,"turns":4},{"damage":46,"enemies":"Lagavulin","floor":7,"turns":9},{"damage":40,"enemies":"3 Sentries","floor":10,"turns":8}],"seed_played":"3623147766734428179","potions_obtained":[{"floor":4,"key":"Block Potion"},{"floor":5,"key":"Weak Potion"}],"is_trial":true,"path_per_floor":["M","?","?","M","M","R","E","R","T","E"],"character_chosen":"IRONCLAD","items_purchased":[],"campfire_rested":1,"item_purchase_floors":[],"current_hp_per_floor":[61,61,50,54,54,54,14,36,36,0],"gold":396,"neow_bonus":"","is_prod":false,"is_daily":false,"chose_seed":false,"campfire_upgraded":1,"win_rate":0,"timestamp":1557074279,"path_taken":["M","?","?","M","M","R","E","R","T","E"],"build_version":"2019-01-23","purchased_purges":0,"victory":false,"max_hp_per_floor":[75,75,75,75,75,75,75,75,75,75],"card_choices":[{"not_picked":["True Grit","Thunderclap"],"picked":"Wild Strike","floor":1},{"not_picked":["Flex","Clothesline"],"picked":"Pommel Strike","floor":4},{"not_picked":["Pommel Strike","Metallicize"],"picked":"Twin Strike","floor":5},{"not_picked":["Havoc","Clash"],"picked":"Corruption","floor":7}],"player_experience":4924277,"relics_obtained":[{"floor":7,"key":"Question Card"},{"floor":9,"key":"Matryoshka"}],"event_choices":[{"damage_healed":0,"gold_gain":150,"player_choice":"AGREE","damage_taken":0,"max_hp_gain":0,"max_hp_loss":0,"event_name":"Liars Game","floor":2,"gold_loss":0,"cards_obtained":["Doubt"]},{"damage_healed":0,"gold_gain":75,"player_choice":"Gather Gold","damage_taken":11,"max_hp_gain":0,"max_hp_loss":0,"event_name":"World of Goop","floor":3,"gold_loss":0}],"is_beta":false,"boss_relics":[],"items_purged_floors":[],"is_endless":false,"potions_floor_spawned":[4,5],"killed_by":"3 Sentries","ascension_level":20}