{"gold_per_floor":[116,136,146,165,184,184,218,45,70,70,70,89,89,89,89,165,165,182,196,215,315,315,315,347,347,347,375,375,407,418,418,418,495,495,512,512,512,523,623,623,649,666,666,666,694,359,391,411,411,411,411,411,411,42,72,72],"floor_reached":57,"playtime":2123,"items_purged":["Strike_R","Anger"],"score":2996,"play_id":"827d8634-2e4b-45de-8474-b72c9299d29c","local_time":"20190611012709","is_ascension_mode":true,"campfire_choices":[{"data":"Whirlwind","floor":6.0,"key":"SMITH"},{"data":"Seeing Red","floor":10.0,"key":"SMITH"},{"data":"Demon Form","floor":15.0,"key":"SMITH"},{"floor":23,"key":"REST"},{"data":"Offering","floor":25,"key":"SMITH"},{"floor":32,"key":"REST"},{"floor":40,"key":"RECALL"},{"floor":44,"key":"REST"},{"floor":49,"key":"REST"},{"floor":53,"key":"REST"}],"neow_cost":"TEN_PERCENT_HP_LOSS","seed_source_timestamp":1308127146942300,"circlet_count":0,"master_deck":["AscendersBane","Defend_R","Defend_R","Defend_R","Defend_R","Bash","Demon Form+1","Whirlwind+1","Carnage","Shockwave","Spot Weakness","Seeing Red+1","True Grit","Offering+1","Feel No Pain","Limit Break","Pummel","Havoc+1","Sword Boomerang","Necronomicurse","Warcry+1","Inflame","Power Through+1","Reaper","Second Wind","Burning Pact+1","Double Tap","Battle Trance","Headbutt","Barricade","Whirlwind","Evolve+1","Heavy Blade"],"special_seed":0,"relics":["Burning Blood","Juzu Bracelet","Anchor","NlothsMask","Velvet Choker","Prayer Wheel","Mummified Hand","Necronomicon","Boot","Ancient Tea Set","Strawberry","Fusion Hammer","Nunchaku","Centennial Puzzle","Bag of Marbles","Vajra","Smiling Mask","Bottled Lightning","Oddly Smooth Stone"],"potions_floor_usage":[21,27,33,41,41,45,50,51,55],"damage_taken":[{"damage":3.0,"enemies":"2 Louse","floor":1.0,"turns":3.0},{"damage":6.0,"enemies":"Small Slimes","floor":2.0,"turns":3.0},{"damage":7.0,"enemies":"Cultist","floor":3.0,"turns":4.0},{"damage":24.0,"enemies":"Exordium Thugs","floor":4.0,"turns":4.0},{"damage":8.0,"enemies":"Blue Slaver","floor":5.0,"turns":2.0},{"damage":15.0,"enemies":"Lagavulin","floor":7.0,"turns":6.0},{"damage":6.0,"enemies":"Gremlin Gang","floor":12.0,"turns":2.0},{"damage":29.0,"enemies":"Hexaghost","floor":16.0,"turns":6.0},{"damage":6,"enemies":"2 Thieves","floor":18,"turns":2},{"damage":1,"enemies":"Spheric Guardian","floor":19,"turns":3},{"damage":28,"enemies":"Snecko","floor":20,"turns":5},{"damage":2,"enemies":"Colosseum Slavers","floor":21,"turns":2},{"damage":6,"enemies":"Colosseum Nobs","floor":21,"turns":2},{"damage":9,"enemies":"Gremlin Leader","floor":24,"turns":4},{"damage":6,"enemies":"Book of Stabbing","floor":27,"turns":2},{"damage":6,"enemies":"Slavers","floor":29,"turns":1},{"damage":25,"enemies":"Shelled Parasite and Fungi","floor":30,"turns":4},{"damage":32,"enemies":"Collector","floor":33,"turns":6},{"damage":0,"enemies":"Orb Walker","floor":35,"turns":2},{"damage":0,"enemies":"3 Darklings","floor":38,"turns":1},{"damage":0,"enemies":"Mind Bloom Boss Battle","floor":39,"turns":5},{"damage":55,"enemies":"Reptomancer","floor":41,"turns":5},{"damage":9,"enemies":"Maw","floor":42,"turns":4},{"damage":30,"enemies":"Nemesis","floor":45,"turns":5},{"damage":6,"enemies":"Reptomancer","floor":47,"turns":4},{"damage":22,"enemies":"Transient","floor":48,"turns":6},{"damage":88,"enemies":"Awakened One","floor":50,"turns":6},{"damage":85,"enemies":"Donu and Deca","floor":51,"turns":5},{"damage":6,"enemies":"Shield and Spear","floor":55,"turns":2},{"damage":145,"enemies":"The Heart","floor":56,"turns":8}],"seed_played":"775631814152695598","potions_obtained":[{"floor":1.0,"key":"Fruit Juice"},{"floor":2.0,"key":"Explosive Potion"},{"floor":3.0,"key":"SkillPotion"},{"floor":12.0,"key":"Dexterity Potion"},{"floor":18,"key":"SteroidPotion"},{"floor":19,"key":"Energy Potion"},{"floor":24,"key":"Dexterity Potion"},{"floor":27,"key":"Swift Potion"},{"floor":33,"key":"EntropicBrew"}],"is_trial":false,"path_per_floor":["M","M","M","M","M","R","E","$","T","R","?","M","?","?","R","B",null,"M","M","M","?","?","R","E","R","T","E","?","E","M","?","R","B",null,"M","?","?","M","?","R","E","M","T","R","E","$","E","M","R","B","B",null,"R","$","E","B",null],"character_chosen":"IRONCLAD","items_purchased":["Offering","Vajra","Whirlwind","Swift Potion","Bottled Lightning","Energy Potion"],"campfire_rested":5,"item_purchase_floors":[8,46,46,46,54,54],"current_hp_per_floor":[73,73,72,54,52,52,43,43,43,43,48,48,48,48,48,25,65,65,70,48,52,31,54,51,51,51,51,51,58,39,14,41,15,71,77,77,77,83,89,89,67,64,64,90,66,66,90,90,90,50,60,83,90,90,90,23],"gold":72,"neow_bonus":"TRANSFORM_TWO_CARDS","is_prod":false,"is_daily":false,"chose_seed":false,"campfire_upgraded":4,"win_rate":0,"timestamp":1560184029,"path_taken":["M","M","M","M","M","R","E","$","T","R","?","M","?","?","R","BOSS","M","M","M","?","?","R","E","R","T","E","?","E","M","?","R","BOSS","M","?","?","M","?","R","E","M","T","R","E","$","E","M","R","BOSS","BOSS","R","$","E","BOSS"],"build_version":"2019-01-23","purchased_purges":2,"victory":true,"max_hp_per_floor":[73,73,73,73,73,73,73,73,73,73,78,78,78,78,78,78,78,78,78,78,78,78,78,78,78,78,78,78,85,85,90,90,90,90,90,90,90,90,90,90,90,90,90,90,90,90,90,90,90,90,90,90,90,90,90,90],"card_choices":[{"not_picked":["Burning Pact","Corruption"],"picked":"Carnage","floor":1.0},{"not_picked":["Infernal Blade","Entrench"],"picked":"Shockwave","floor":2.0},{"not_picked":["Thunderclap","Havoc"],"picked":"Spot Weakness","floor":3.0},{"not_picked":["Flex","Metallicize"],"picked":"Seeing Red","floor":4.0},{"not_picked":["Feel No Pain","Wild Strike"],"picked":"Anger","floor":5.0},{"not_picked":["Rampage","Dual Wield"],"picked":"True Grit","floor":7.0},{"not_picked":["Blood for Blood","Twin Strike"],"picked":"Feel No Pain","floor":12.0},{"not_picked":["Impervious","Immolate"],"picked":"Limit Break","floor":16.0},{"not_picked":["Cleave","Twin Strike"],"picked":"Pummel","floor":18},{"not_picked":["Uppercut","Iron Wave"],"picked":"Havoc+1","floor":19},{"not_picked":["Flex+1","Inflame"],"picked":"Sword Boomerang","floor":20},{"not_picked":["Twin Strike+1","Thunderclap"],"picked":"Warcry+1","floor":24},{"not_picked":["Perfected Strike","Clash"],"picked":"Inflame","floor":27},{"not_picked":["Combust","Shrug It Off"],"picked":"Power Through+1","floor":29},{"not_picked":["Pommel Strike","Intimidate","Clothesline"],"picked":"SKIP","floor":30},{"not_picked":["Iron Wave","Infernal Blade","Flex"],"picked":"SKIP","floor":30},{"not_picked":["Feed","Fiend Fire"],"picked":"Reaper","floor":33},{"not_picked":["Sword Boomerang","Wild Strike+1","Dropkick"],"picked":"SKIP","floor":35},{"not_picked":["Intimidate","Pommel Strike","Headbutt+1"],"picked":"SKIP","floor":35},{"not_picked":["Sword Boomerang","Dark Embrace"],"picked":"Second Wind","floor":38},{"not_picked":["Flex","Heavy Blade","Iron Wave"],"picked":"SKIP","floor":38},{"not_picked":["Metallicize+1","Cleave+1"],"picked":"Burning Pact+1","floor":39},{"not_picked":["Anger","Wild Strike"],"picked":"Double Tap","floor":41},{"not_picked":["Clothesline","Body Slam"],"picked":"Battle Trance","floor":42},{"not_picked":["Anger","Clash"],"picked":"Headbutt","floor":42},{"not_picked":["Seeing Red","Pommel Strike"],"picked":"Barricade","floor":45},{"not_picked":["Intimidate","Pommel Strike+1","Twin Strike"],"picked":"SKIP","floor":47},{"not_picked":["Feed","Seeing Red+1"],"picked":"Evolve+1","floor":48},{"not_picked":["Clothesline+1","Anger"],"picked":"Heavy Blade","floor":48},{"not_picked":["Spot Weakness+1","Perfected Strike+1","Rupture"],"picked":"SKIP","floor":55}],"player_experience":5319133,"relics_obtained":[{"floor":7.0,"key":"Juzu Bracelet"},{"floor":9.0,"key":"Anchor"},{"floor":21,"key":"Prayer Wheel"},{"floor":21,"key":"Mummified Hand"},{"floor":22,"key":"Necronomicon"},{"floor":24,"key":"Boot"},{"floor":27,"key":"Ancient Tea Set"},{"floor":29,"key":"Strawberry"},{"floor":39,"key":"Nunchaku"},{"floor":41,"key":"Centennial Puzzle"},{"floor":45,"key":"Bag of Marbles"},{"floor":47,"key":"Smiling Mask"},{"floor":55,"key":"Oddly Smooth Stone"}],"event_choices":[{"damage_healed":0.0,"max_hp_gain":5.0,"max_hp_loss":0.0,"gold_gain":0.0,"event_name":"Big Fish","player_choice":"Donut","floor":11.0,"gold_loss":0.0,"damage_taken":0.0},{"damage_healed":0.0,"max_hp_gain":0.0,"max_hp_loss":0.0,"gold_gain":0.0,"event_name":"Liars Game","player_choice":"Ignored","floor":13.0,"gold_loss":0.0,"damage_taken":0.0},{"damage_healed":0.0,"max_hp_gain":0.0,"max_hp_loss":0.0,"gold_gain":0.0,"event_name":"FaceTrader","player_choice":"Trade","floor":14.0,"gold_loss":0.0,"damage_taken":0.0,"relics_obtained":["NlothsMask"]},{"damage_healed":0,"gold_gain":0,"player_choice":"Fight","damage_taken":0,"max_hp_gain":0,"max_hp_loss":0,"event_name":"Colosseum","floor":21,"gold_loss":0},{"damage_healed":0,"gold_gain":0,"player_choice":"Fought Nobs","damage_taken":0,"max_hp_gain":0,"max_hp_loss":0,"event_name":"Colosseum","floor":21,"gold_loss":0},{"damage_healed":0,"gold_gain":0,"player_choice":"Obtained Book","damage_taken":21,"max_hp_gain":0,"max_hp_loss":0,"event_name":"Cursed Tome","floor":22,"gold_loss":0},{"cards_removed":["Strike_R"],"damage_healed":0,"gold_gain":0,"player_choice":"Offered Basic","damage_taken":0,"max_hp_gain":0,"max_hp_loss":0,"event_name":"Bonfire Elementals","floor":28,"gold_loss":0},{"damage_healed":0,"gold_gain":0,"player_choice":"Shed Blood","damage_taken":30,"max_hp_gain":5,"max_hp_loss":0,"event_name":"Forgotten Altar","floor":31,"gold_loss":0},{"cards_removed":["Strike_R"],"damage_healed":0,"gold_gain":0,"player_choice":"Removed Attack","damage_taken":0,"max_hp_gain":0,"max_hp_loss":0,"event_name":"Falling","floor":36,"gold_loss":0},{"damage_healed":0,"gold_gain":0,"player_choice":"Ignored","damage_taken":0,"max_hp_gain":0,"max_hp_loss":0,"event_name":"Tomb of Lord Red Mask","floor":37,"gold_loss":0},{"damage_healed":0,"gold_gain":0,"player_choice":"Fight","damage_taken":0,"max_hp_gain":0,"max_hp_loss":0,"event_name":"MindBloom","floor":39,"gold_loss":0}],"is_beta":false,"boss_relics":[{"not_picked":["Lizard Tail","Mark of Pain"],"picked":"Velvet Choker"},{"not_picked":["Calling Bell","Eternal Feather"],"picked":"Fusion Hammer"}],"items_purged_floors":[46,54],"is_endless":false,"potions_floor_spawned":[1,2,3,12,18,19,24,27,33,35,39,42,47],"ascension_level":20}