{"gold_per_floor":[110,35,185,110,110,110,125,50,97,97,8,19,19,39,39,114,114,132,232,248,260,260,260,325,325,325,225,325,325,290,303,303,379,379,393,413,463,474,130,180,180,30,53,53,17,67,67,85,85,85,85],"floor_reached":52,"playtime":1696,"items_purged":["Strike_G","Strike_G","Defend_G","Strike_G+1"],"score":1697,"play_id":"fe48c79a-8f05-443f-a670-a5dd12c4c820","local_time":"20190404012355","is_ascension_mode":true,"campfire_choices":[{"data":"Cloak And Dagger","floor":6.0,"key":"SMITH"},{"data":"Neutralize","floor":10.0,"key":"SMITH"},{"data":"Well Laid Plans","floor":13.0,"key":"SMITH"},{"floor":15.0,"key":"REST"},{"floor":23.0,"key":"REST"},{"floor":25,"key":"REST"},{"data":"Calculated Gamble","floor":29,"key":"SMITH"},{"data":"Acrobatics","floor":32,"key":"SMITH"},{"floor":41,"key":"REST"},{"floor":44,"key":"REST"},{"data":"Prepared","floor":47,"key":"SMITH"},{"data":"Calculated Gamble","floor":49,"key":"SMITH"}],"neow_cost":"NONE","seed_source_timestamp":110166509187600,"circlet_count":0,"master_deck":["AscendersBane","Defend_G","Defend_G","Defend_G","Strike_G+1","Strike_G+1","Survivor","Neutralize+1","Cloak And Dagger+1","Finisher","Grand Finale+1","Well Laid Plans+1","Acrobatics+1","Grand Finale","Prepared+1","Calculated Gamble","Calculated Gamble+1","Reflex","Backflip","Calculated Gamble+1","Escape Plan"],"special_seed":0,"relics":["Ring of the Snake","Whetstone","Orrery","Nunchaku","Kunai","SsserpentHead","Pen Nib","StoneCalendar","Lizard Tail","Bag of Preparation"],"potions_floor_usage":[35,36,38,38],"damage_taken":[{"damage":9.0,"enemies":"Cultist","floor":1.0,"turns":6.0},{"damage":1.0,"enemies":"Small Slimes","floor":7.0,"turns":3.0},{"damage":0.0,"enemies":"Jaw Worm","floor":12.0,"turns":1.0},{"damage":14.0,"enemies":"Exordium Thugs","floor":14.0,"turns":7.0},{"damage":22.0,"enemies":"The Guardian","floor":16.0,"turns":5.0},{"damage":6.0,"enemies":"Shell Parasite","floor":18.0,"turns":3.0},{"damage":7.0,"enemies":"Colosseum Slavers","floor":19.0,"turns":2.0},{"damage":7.0,"enemies":"Colosseum Nobs","floor":19.0,"turns":2.0},{"damage":0.0,"enemies":"2 Thieves","floor":20.0,"turns":1.0},{"damage":29.0,"enemies":"Shelled Parasite and Fungi","floor":21.0,"turns":6.0},{"damage":25,"enemies":"Snecko","floor":24,"turns":5},{"damage":0,"enemies":"Centurion and Healer","floor":31,"turns":3},{"damage":12,"enemies":"Automaton","floor":33,"turns":5},{"damage":5,"enemies":"3 Darklings","floor":35,"turns":2},{"damage":3,"enemies":"3 Shapes","floor":36,"turns":3},{"damage":38,"enemies":"Jaw Worm Horde","floor":38,"turns":7},{"damage":0,"enemies":"Maw","floor":48,"turns":6},{"damage":26,"enemies":"Awakened One","floor":50,"turns":9},{"damage":15,"enemies":"Donu and Deca","floor":51,"turns":5}],"seed_played":"-3969207724975496623","potions_obtained":[{"floor":7.0,"key":"Regen Potion"},{"floor":21.0,"key":"Fire Potion"},{"floor":24,"key":"SpeedPotion"},{"floor":31,"key":"GhostInAJar"},{"floor":35,"key":"AttackPotion"},{"floor":36,"key":"Explosive Potion"},{"floor":38,"key":"Ancient Potion"}],"is_trial":false,"path_per_floor":["M","$","?","?","?","R","M","$","T","R","$","M","R","M","R","B",null,"M","?","M","M","?","R","M","R","T","$","?","R","?","M","R","B",null,"M","M","?","M","$","?","R","$","T","R","$","?","R","M","R","B","B",null],"character_chosen":"THE_SILENT","items_purchased":["Grand Finale","Well Laid Plans","Bag of Preparation","Backflip","Calculated Gamble"],"campfire_rested":5,"item_purchase_floors":[8,11,39,39,45],"current_hp_per_floor":[50,50,50,50,30,30,29,29,29,29,29,29,29,15,34,26,56,50,36,36,7,7,26,1,20,20,20,20,20,20,20,20,8,52,47,44,44,6,6,6,25,25,25,44,44,44,44,44,44,18,3],"gold":85,"neow_bonus":"REMOVE_CARD","is_prod":false,"is_daily":false,"chose_seed":false,"campfire_upgraded":7,"win_rate":0,"timestamp":1554308635,"path_taken":["M","$","?","?","?","R","?","$","T","R","?","M","R","M","R","BOSS","M","?","M","M","?","R","?","R","T","$","?","R","?","M","R","BOSS","M","M","?","M","$","?","R","$","T","R","?","?","R","M","R","BOSS","BOSS"],"build_version":"2019-01-23","purchased_purges":4,"victory":true,"max_hp_per_floor":[66,66,66,66,66,66,66,66,66,66,66,66,66,66,66,66,66,66,66,66,66,66,66,66,66,66,66,66,66,66,66,66,66,66,66,66,66,66,66,66,66,66,66,66,66,66,66,66,66,66,66],"card_choices":[{"not_picked":["Deflect","Dodge and Roll"],"picked":"Cloak And Dagger","floor":1.0},{"not_picked":["Underhanded Strike","Flying Knee"],"picked":"Finisher","floor":7.0},{"not_picked":["Calculated Gamble","Endless Agony"],"picked":"Acrobatics","floor":12.0},{"not_picked":["PiercingWail","Dash"],"picked":"Grand Finale","floor":14.0},{"not_picked":["Envenom","Doppelganger"],"picked":"Grand Finale","floor":16.0},{"not_picked":["Footwork","Infinite Blades"],"picked":"Prepared","floor":17.0},{"not_picked":["Heel Hook","Outmaneuver"],"picked":"Calculated Gamble","floor":17.0},{"not_picked":["Doppelganger","Blade Dance"],"picked":"Calculated Gamble","floor":17.0},{"not_picked":["Prepared","Blade Dance","Slice"],"picked":"SKIP","floor":18.0},{"not_picked":["Doppelganger","Blade Dance","Outmaneuver+1"],"picked":"SKIP","floor":20.0},{"not_picked":["Dagger Throw","Sucker Punch","Underhanded Strike"],"picked":"SKIP","floor":21.0},{"not_picked":["Infinite Blades","Concentrate","Deadly Poison"],"picked":"SKIP","floor":24},{"not_picked":["Sucker Punch","Eviscerate","Skewer"],"picked":"SKIP","floor":31},{"not_picked":["Outmaneuver","Distraction"],"picked":"Reflex","floor":35},{"not_picked":["PiercingWail","Bouncing Flask","Setup"],"picked":"SKIP","floor":36},{"not_picked":["Cloak And Dagger","Heel Hook","Masterful Stab"],"picked":"SKIP","floor":38},{"not_picked":["Calculated Gamble","Bane"],"picked":"Escape Plan","floor":48}],"player_experience":4699563,"relics_obtained":[{"floor":9.0,"key":"Whetstone"},{"floor":19.0,"key":"Nunchaku"},{"floor":19.0,"key":"Kunai"},{"floor":26,"key":"Pen Nib"}],"event_choices":[{"damage_healed":0.0,"max_hp_gain":0.0,"max_hp_loss":0.0,"gold_gain":150.0,"event_name":"Liars Game","player_choice":"AGREE","floor":3.0,"gold_loss":0.0,"damage_taken":0.0,"cards_obtained":["Doubt"]},{"cards_removed":["Doubt"],"damage_healed":0.0,"max_hp_gain":0.0,"max_hp_loss":0.0,"gold_gain":0.0,"event_name":"The Cleric","player_choice":"Card Removal","floor":4.0,"gold_loss":75.0,"damage_taken":0.0},{"damage_healed":0.0,"max_hp_gain":0.0,"max_hp_loss":0.0,"gold_gain":0.0,"event_name":"Shining Light","player_choice":"Entered Light","floor":5.0,"gold_loss":0.0,"damage_taken":20.0,"cards_upgraded":["Strike_G","Strike_G"]},{"damage_healed":0.0,"max_hp_gain":0.0,"max_hp_loss":0.0,"gold_gain":0.0,"event_name":"Colosseum","player_choice":"Fight","floor":19.0,"gold_loss":0.0,"damage_taken":0.0},{"damage_healed":0.0,"max_hp_gain":0.0,"max_hp_loss":0.0,"gold_gain":0.0,"event_name":"Colosseum","player_choice":"Fought Nobs","floor":19.0,"gold_loss":0.0,"damage_taken":0.0},{"damage_healed":0.0,"max_hp_gain":0.0,"max_hp_loss":0.0,"gold_gain":0.0,"event_name":"FaceTrader","player_choice":"Trade","floor":22.0,"gold_loss":0.0,"damage_taken":0.0,"relics_obtained":["SsserpentHead"]},{"damage_healed":0,"gold_gain":50,"player_choice":"Stole From Cult","damage_taken":0,"max_hp_gain":0,"max_hp_loss":0,"event_name":"Nest","floor":28,"gold_loss":0},{"damage_healed":0,"gold_gain":0,"player_choice":"Obtained Relic","damage_taken":0,"relics_obtained":["StoneCalendar"],"max_hp_gain":0,"max_hp_loss":0,"event_name":"Addict","floor":30,"gold_loss":85},{"damage_healed":0,"gold_gain":0,"player_choice":"Ignored","damage_taken":0,"max_hp_gain":0,"max_hp_loss":0,"event_name":"Tomb of Lord Red Mask","floor":37,"gold_loss":0},{"cards_removed":["Grand Finale"],"damage_healed":0,"gold_gain":0,"player_choice":"Removed Attack","damage_taken":0,"max_hp_gain":0,"max_hp_loss":0,"event_name":"Falling","floor":40,"gold_loss":0},{"damage_healed":0,"gold_gain":0,"player_choice":"Ignored","damage_taken":0,"max_hp_gain":0,"max_hp_loss":0,"event_name":"Mysterious Sphere","floor":46,"gold_loss":0}],"is_beta":false,"boss_relics":[{"not_picked":["Fusion Hammer","Ectoplasm"],"picked":"Orrery"},{"not_picked":["WristBlade","Tiny House"],"picked":"Lizard Tail"}],"items_purged_floors":[2,27,39,42],"is_endless":false,"potions_floor_spawned":[7,21,24,31,35,36,38],"ascension_level":20}