{"gold_per_floor":[117,117,131,142,161,161,174,193,220,236,236,256,136,161,161,257,257,267,58,58,78,78,97,114,140,163,189,189,207,235,252,252,353,353,364,81,0,10,30,30,61,61,138,238,271,286,286,300,300,300],"floor_reached":51,"playtime":4885,"items_purged":["Strike_R","Strike_R"],"score":773,"play_id":"08c66443-9e3e-4be6-8fd2-d0d5811c7ec8","local_time":"20181231012302","is_ascension_mode":false,"campfire_choices":[{"data":"Feed","floor":6.0,"key":"SMITH"},{"data":"True Grit","floor":15.0,"key":"SMITH"},{"floor":28.0,"key":"REST"},{"data":"Brutality","floor":32.0,"key":"SMITH"},{"data":"Shockwave","floor":40.0,"key":"SMITH"},{"floor":42,"key":"REST"},{"floor":47,"key":"REST"},{"floor":49,"key":"REST"}],"neow_cost":"NONE","seed_source_timestamp":23858652557607,"circlet_count":0,"master_deck":["Strike_R+1","Strike_R","Strike_R+1","Defend_R","Defend_R","Defend_R","Defend_R+1","Bash","Feed+1","Armaments+1","Clothesline","True Grit+1","Reaper","Pommel Strike","Shrug It Off","Shockwave+1","Immolate","Cleave","Violence+1","Pain","Flame Barrier+1","Headbutt+1","Brutality+1","Spot Weakness","Secret Technique","Iron Wave","True Grit+1","Blood for Blood"],"special_seed":0,"relics":["Burning Blood","PreservedInsect","Pear","Regal Pillow","Busted Crown","WarpedTongs","War Paint","Whetstone","Shuriken","Girya","Runic Pyramid","Red Mask","Vajra","Paper Frog","Calipers","Orichalcum"],"potions_floor_usage":[41,46,50,50],"damage_taken":[{"damage":6.0,"enemies":"Jaw Worm","floor":1.0,"turns":3.0},{"damage":1.0,"enemies":"Cultist","floor":3.0,"turns":4.0},{"damage":0.0,"enemies":"Small Slimes","floor":4.0,"turns":2.0},{"damage":0.0,"enemies":"2 Fungi Beasts","floor":5.0,"turns":7.0},{"damage":13.0,"enemies":"Lots of Slimes","floor":7.0,"turns":7.0},{"damage":0.0,"enemies":"Blue Slaver","floor":8.0,"turns":5.0},{"damage":3.0,"enemies":"2 Fungi Beasts","floor":10.0,"turns":4.0},{"damage":3.0,"enemies":"Large Slime","floor":12.0,"turns":7.0},{"damage":15.0,"enemies":"Gremlin Nob","floor":14.0,"turns":4.0},{"damage":44.0,"enemies":"Hexaghost","floor":16.0,"turns":14.0},{"damage":0.0,"enemies":"Chosen","floor":18.0,"turns":4.0},{"damage":13.0,"enemies":"Shell Parasite","floor":21.0,"turns":4.0},{"damage":0.0,"enemies":"3 Cultists","floor":23.0,"turns":2.0},{"damage":48.0,"enemies":"Cultist and Chosen","floor":24.0,"turns":7.0},{"damage":28.0,"enemies":"Book of Stabbing","floor":25.0,"turns":4.0},{"damage":32.0,"enemies":"Gremlin Leader","floor":27.0,"turns":4.0},{"damage":3.0,"enemies":"Chosen and Byrds","floor":29.0,"turns":5.0},{"damage":18.0,"enemies":"Slavers","floor":30.0,"turns":4.0},{"damage":19.0,"enemies":"Centurion and Healer","floor":31.0,"turns":6.0},{"damage":82.0,"enemies":"Automaton","floor":33.0,"turns":12.0},{"damage":25.0,"enemies":"3 Shapes","floor":35.0,"turns":6.0},{"damage":44.0,"enemies":"3 Darklings","floor":38.0,"turns":5.0},{"damage":19.0,"enemies":"Jaw Worm Horde","floor":39.0,"turns":4.0},{"damage":82,"enemies":"Giant Head","floor":41,"turns":9},{"damage":13,"enemies":"Mind Bloom Boss Battle","floor":44,"turns":7},{"damage":29,"enemies":"Nemesis","floor":45,"turns":5},{"damage":36,"enemies":"Transient","floor":46,"turns":5},{"damage":24,"enemies":"4 Shapes","floor":48,"turns":4},{"damage":146,"enemies":"Donu and Deca","floor":50,"turns":10}],"seed_played":"-1417006158364375841","potions_obtained":[{"floor":3.0,"key":"BloodPotion"},{"floor":4.0,"key":"GamblersBrew"},{"floor":5.0,"key":"GamblersBrew"},{"floor":8.0,"key":"PowerPotion"},{"floor":16.0,"key":"Weak Potion"},{"floor":27.0,"key":"AttackPotion"},{"floor":29.0,"key":"Poison Potion"},{"floor":30.0,"key":"Weak Potion"},{"floor":31.0,"key":"SkillPotion"},{"floor":33.0,"key":"SteroidPotion"},{"floor":44,"key":"Swift Potion"},{"floor":48,"key":"Fruit Juice"}],"is_trial":false,"path_per_floor":["M","?","M","M","M","R","M","M","T","M","?","M","$","E","R","B",null,"M","$","?","M","$","M","M","E","T","E","R","M","E","M","R","B",null,"M","$","?","M","M","R","E","R","T","?","E","M","R","M","R","B",null],"character_chosen":"IRONCLAD","items_purchased":["Shrug It Off","Cleave","Violence","Secret Technique"],"campfire_rested":4,"item_purchase_floors":[13,19,19,36],"current_hp_per_floor":[83,83,86,89,93,93,90,100,100,105,97,112,112,113,113,85,127,131,131,131,128,128,135,93,79,79,71,128,137,129,130,130,73,151,145,145,145,119,110,110,45,108,108,101,82,52,117,124,171,58],"gold":300,"neow_bonus":"ONE_RANDOM_RARE_CARD","is_prod":false,"is_daily":false,"chose_seed":false,"campfire_upgraded":4,"win_rate":0.0,"timestamp":1546237382,"path_taken":["M","?","M","M","M","R","M","?","T","?","?","M","$","E","R","BOSS","M","$","?","?","$","M","M","E","T","E","R","M","E","M","R","BOSS","M","$","?","M","M","R","E","R","T","?","E","M","R","M","R","BOSS"],"build_version":"2018-12-20","purchased_purges":2,"victory":true,"max_hp_per_floor":[83,83,86,89,93,93,97,101,101,105,115,119,119,123,123,127,127,131,131,131,135,135,135,135,139,139,143,143,143,147,151,151,151,151,155,155,155,155,159,159,163,163,163,163,167,167,167,171,171,176],"card_choices":[{"not_picked":["Headbutt","Corruption"],"picked":"Armaments","floor":1.0},{"not_picked":["Perfected Strike","Shrug It Off"],"picked":"Clothesline","floor":3.0},{"not_picked":["Heavy Blade","Power Through"],"picked":"True Grit","floor":4.0},{"not_picked":["Perfected Strike","Reckless Charge","Thunderclap"],"picked":"SKIP","floor":5.0},{"not_picked":["Wild Strike","True Grit"],"picked":"Reaper","floor":7.0},{"not_picked":["Rage","Anger","Clothesline"],"picked":"SKIP","floor":8.0},{"not_picked":["Armaments","Headbutt","Wild Strike"],"picked":"SKIP","floor":10.0},{"not_picked":["Wild Strike","Heavy Blade"],"picked":"Pommel Strike","floor":12.0},{"not_picked":["Cleave","Rupture"],"picked":"Shockwave","floor":14.0},{"not_picked":["Fiend Fire","Dark Embrace"],"picked":"Immolate","floor":16.0},{"not_picked":["Perfected Strike"],"picked":"SKIP","floor":18.0},{"not_picked":[],"picked":"Flame Barrier+1","floor":21.0},{"not_picked":["Pommel Strike"],"picked":"SKIP","floor":23.0},{"not_picked":[],"picked":"Headbutt+1","floor":24.0},{"not_picked":["Cleave"],"picked":"SKIP","floor":25.0},{"not_picked":[],"picked":"Brutality","floor":27.0},{"not_picked":["Sword Boomerang"],"picked":"SKIP","floor":29.0},{"not_picked":["Wild Strike"],"picked":"SKIP","floor":30.0},{"not_picked":[],"picked":"Spot Weakness","floor":31.0},{"not_picked":["Reckless Charge"],"picked":"SKIP","floor":35.0},{"not_picked":[],"picked":"Iron Wave","floor":38.0},{"not_picked":["Flex+1"],"picked":"SKIP","floor":39.0},{"not_picked":[],"picked":"True Grit+1","floor":41},{"not_picked":["Clash"],"picked":"SKIP","floor":45},{"not_picked":["Iron Wave"],"picked":"SKIP","floor":46},{"not_picked":[],"picked":"Blood for Blood","floor":48}],"player_experience":52777,"relics_obtained":[{"floor":9.0,"key":"PreservedInsect"},{"floor":14.0,"key":"Regal Pillow"},{"floor":25.0,"key":"War Paint"},{"floor":26.0,"key":"Whetstone"},{"floor":27.0,"key":"Shuriken"},{"floor":30.0,"key":"Girya"},{"floor":41,"key":"Vajra"},{"floor":43,"key":"Paper Frog"},{"floor":44,"key":"Calipers"},{"floor":45,"key":"Orichalcum"}],"event_choices":[{"damage_healed":0.0,"max_hp_gain":0.0,"max_hp_loss":0.0,"gold_gain":0.0,"event_name":"Upgrade Shrine","player_choice":"Upgraded","floor":2.0,"gold_loss":0.0,"damage_taken":0.0,"cards_upgraded":["Armaments"]},{"damage_healed":0.0,"max_hp_gain":0.0,"max_hp_loss":0.0,"gold_gain":0.0,"event_name":"Scrap Ooze","player_choice":"Success","floor":11.0,"gold_loss":0.0,"damage_taken":18.0,"relics_obtained":["Pear"]},{"damage_healed":0.0,"max_hp_gain":0.0,"max_hp_loss":0.0,"gold_gain":0.0,"event_name":"Accursed Blacksmith","player_choice":"Rummage","floor":20.0,"gold_loss":0.0,"damage_taken":0.0,"relics_obtained":["WarpedTongs"],"cards_obtained":["Pain"]},{"damage_healed":0.0,"max_hp_gain":0.0,"max_hp_loss":0.0,"gold_gain":0.0,"event_name":"Tomb of Lord Red Mask","player_choice":"Paid","floor":37.0,"gold_loss":81.0,"damage_taken":0.0,"relics_obtained":["Red Mask"]},{"damage_healed":0,"gold_gain":0,"player_choice":"Fight","damage_taken":0,"max_hp_gain":0,"max_hp_loss":0,"event_name":"MindBloom","floor":44,"gold_loss":0}],"is_beta":false,"boss_relics":[{"not_picked":["Velvet Choker","Orrery"],"picked":"Busted Crown"},{"not_picked":["Sozu","White Beast Statue"],"picked":"Runic Pyramid"}],"items_purged_floors":[13,36],"is_endless":false,"potions_floor_spawned":[3,4,5,8,16,27,29,30,31,33,35,44,48],"ascension_level":0}