{"gold_per_floor":[117,39,39,53,67,67,67,67,146,146,22,22,37,37,66,66,170,170,170,170,170,170,170,170,170,170,170,170,170,170,170,170,70,70,70,70,70,70,70,70,70,70,70,70,70,70,70,70,70,21,21,21,21,21,21,21,21,21],"floor_reached":58,"playtime":2164,"items_purged":["Blade Dance","PiercingWail"],"score":915,"play_id":"7631f763-8e3d-4431-b2ae-c7f7908431fa","local_time":"20190403024325","is_ascension_mode":false,"campfire_choices":[{"data":"Blade Dance","floor":6,"key":"SMITH"},{"data":"Accuracy","floor":8,"key":"SMITH"},{"data":"Terror","floor":14,"key":"SMITH"},{"data":"Concentrate","floor":16,"key":"SMITH"},{"data":"Expertise","floor":24,"key":"SMITH"},{"data":"Phantasmal Killer","floor":34,"key":"SMITH"},{"data":"Accuracy","floor":42,"key":"SMITH"},{"data":"Malaise","floor":44,"key":"SMITH"},{"floor":52,"key":"RECALL"},{"data":"Concentrate","floor":55,"key":"SMITH"}],"neow_cost":"NONE","seed_source_timestamp":28154368880900,"circlet_count":0,"master_deck":["Terror+1","Cloak And Dagger","Expertise","Flechettes","Backflip","Backflip","Concentrate+1","Expertise+1","Concentrate+1","Accuracy+1","Blade Dance+1","Infinite Blades","Phantasmal Killer+1","Masterful Stab","Choke","Backflip","Infinite Blades","Expertise","Malaise+1","Underhanded Strike","Infinite Blades","Blade Dance+1","Storm of Steel","Catalyst+1","Catalyst+1","Accuracy+1","Blade Dance","Tactician+1","Deadly Poison","Skewer+1"],"relics":["Coffee Dripper","Darkstone Periapt","Letter Opener","Ectoplasm","Happy Flower","HoveringKite","Girya","Vajra","Bronze Scales","Boot","Mango","Pen Nib"],"potions_floor_usage":[17,17,49,53,58,58,58],"damage_taken":[{"damage":0,"enemies":"Jaw Worm","floor":1,"turns":2},{"damage":0,"enemies":"Cultist","floor":4,"turns":2},{"damage":0,"enemies":"2 Louse","floor":5,"turns":2},{"damage":0,"enemies":"Large Slime","floor":13,"turns":2},{"damage":0,"enemies":"Lagavulin","floor":15,"turns":1},{"damage":0,"enemies":"Slime Boss","floor":17,"turns":1},{"damage":0,"enemies":"Chosen","floor":19,"turns":2},{"damage":0,"enemies":"Spheric Guardian","floor":20,"turns":3},{"damage":0,"enemies":"3 Cultists","floor":25,"turns":2},{"damage":0,"enemies":"Centurion and Healer","floor":26,"turns":2},{"damage":0,"enemies":"Snake Plant","floor":29,"turns":2},{"damage":0,"enemies":"Snecko","floor":30,"turns":2},{"damage":3,"enemies":"Shelled Parasite and Fungi","floor":31,"turns":3},{"damage":0,"enemies":"Centurion and Healer","floor":32,"turns":3},{"damage":0,"enemies":"Automaton","floor":35,"turns":3},{"damage":15,"enemies":"Orb Walker","floor":37,"turns":2},{"damage":0,"enemies":"3 Shapes","floor":38,"turns":2},{"damage":0,"enemies":"Mind Bloom Boss Battle","floor":39,"turns":3},{"damage":0,"enemies":"Giant Head","floor":43,"turns":3},{"damage":0,"enemies":"Nemesis","floor":49,"turns":3},{"damage":0,"enemies":"3 Darklings","floor":51,"turns":3},{"damage":73,"enemies":"Time Eater","floor":53,"turns":7},{"damage":48,"enemies":"Shield and Spear","floor":57,"turns":3},{"damage":57,"enemies":"The Heart","floor":58,"turns":3}],"seed_played":"5673774121992790682","potions_obtained":[{"floor":4,"key":"FearPotion"},{"floor":5,"key":"PowerPotion"},{"floor":17,"key":"Fruit Juice"},{"floor":20,"key":"EssenceOfSteel"},{"floor":25,"key":"FearPotion"},{"floor":26,"key":"GamblersBrew"},{"floor":38,"key":"AttackPotion"},{"floor":39,"key":"PowerPotion"},{"floor":57,"key":"SkillPotion"}],"is_trial":false,"path_per_floor":["M","$","?","M","M","R","$","R","T","T","$","?","M","R","E","R","B",null,"M","M","?","?","?","R","M","M","T","T","M","M","M","M","$","R","B",null,"M","M","?","$","?","R","E","R","T","T","$","T","E","$","M","R","B",null,"R","$","E","B"],"character_chosen":"THE_SILENT","items_purchased":["Concentrate","SteroidPotion","Dexterity Potion"],"campfire_rested":0,"item_purchase_floors":[2,11,50],"current_hp_per_floor":[70,70,70,70,70,70,70,70,70,70,70,63,63,63,63,63,68,75,75,75,75,75,75,75,75,75,75,75,75,75,72,72,72,72,72,75,60,60,60,60,60,60,60,60,60,60,60,60,74,74,74,74,1,85,85,85,37,0],"gold":21,"neow_bonus":"BOSS_RELIC","is_prod":false,"is_daily":false,"chose_seed":false,"campfire_upgraded":9,"win_rate":0,"timestamp":1554227005,"path_taken":["M","$","?","?","M","R","$","R","T","$","?","M","R","E","R","BOSS","M","M","?","?","?","R","M","M","T","?","M","?","?","?","R","BOSS","M","M","?","$","?","R","E","R","T","$","?","E","$","M","R","BOSS","R","$","E","BOSS"],"build_version":"2019-01-23","purchased_purges":2,"victory":false,"max_hp_per_floor":[70,70,70,70,70,70,70,70,70,70,70,70,70,70,70,70,75,75,75,75,75,75,75,75,75,75,75,75,75,75,75,75,75,75,75,75,75,75,75,75,71,71,71,71,71,71,71,71,85,85,85,85,85,85,85,85,85,85],"card_choices":[{"not_picked":["Acrobatics","Well Laid Plans"],"picked":"Sucker Punch","floor":1},{"not_picked":["Flechettes","Acrobatics"],"picked":"Blade Dance","floor":4},{"not_picked":["Cloak And Dagger","Tactician"],"picked":"Blade Dance","floor":5},{"not_picked":["Crippling Poison","Noxious Fumes"],"picked":"Blade Dance","floor":13},{"not_picked":["Deflect","Backstab"],"picked":"Infinite Blades","floor":15},{"not_picked":["Tools of the Trade","Doppelganger"],"picked":"Phantasmal Killer","floor":17},{"not_picked":["Sucker Punch","Acrobatics+1"],"picked":"Bouncing Flask","floor":19},{"not_picked":["Crippling Poison","Dagger Throw"],"picked":"Masterful Stab","floor":20},{"not_picked":["Dodge and Roll","PiercingWail"],"picked":"Infinite Blades","floor":25},{"not_picked":["PiercingWail","Dodge and Roll"],"picked":"Expertise","floor":26},{"not_picked":["Backflip","Acrobatics"],"picked":"Malaise","floor":29},{"not_picked":["Footwork+1","All Out Attack+1"],"picked":"Underhanded Strike","floor":30},{"not_picked":["Dagger Spray","Tactician"],"picked":"Infinite Blades","floor":31},{"not_picked":["Expertise","Flying Knee"],"picked":"Blade Dance+1","floor":32},{"not_picked":["Unload","Tools of the Trade"],"picked":"Storm of Steel","floor":35},{"not_picked":["Slice+1","Choke+1"],"picked":"Catalyst+1","floor":37},{"not_picked":["Prepared","Backflip+1"],"picked":"Catalyst+1","floor":38},{"not_picked":["Bane+1","Outmaneuver"],"picked":"Accuracy","floor":39},{"not_picked":["Cloak And Dagger","Sucker Punch+1"],"picked":"Blade Dance","floor":43},{"not_picked":["Dagger Spray","Slice+1"],"picked":"Tactician+1","floor":49},{"not_picked":["Dagger Throw+1","Tools of the Trade"],"picked":"Deadly Poison","floor":51},{"not_picked":["Prepared+1","Bane+1"],"picked":"Skewer+1","floor":57}],"player_experience":4691465,"relics_obtained":[{"floor":9,"key":"Darkstone Periapt"},{"floor":15,"key":"Letter Opener"},{"floor":39,"key":"Girya"},{"floor":43,"key":"Vajra"},{"floor":45,"key":"Bronze Scales"},{"floor":48,"key":"Boot"},{"floor":49,"key":"Mango"},{"floor":57,"key":"Pen Nib"}],"event_choices":[{"damage_healed":0,"gold_gain":0,"cards_transformed":["Sucker Punch"],"player_choice":"Transformed","damage_taken":0,"max_hp_gain":0,"max_hp_loss":0,"event_name":"Transmorgrifier","floor":3,"gold_loss":0,"cards_obtained":["Accuracy"]},{"cards_removed":["Cloak And Dagger"],"damage_healed":0,"gold_gain":0,"player_choice":"Card Removal","damage_taken":7,"max_hp_gain":0,"max_hp_loss":0,"event_name":"Golden Wing","floor":12,"gold_loss":0},{"damage_healed":0,"gold_gain":0,"cards_transformed":["Bouncing Flask","Blade Dance"],"player_choice":"Became Test Subject","damage_taken":0,"max_hp_gain":0,"max_hp_loss":0,"event_name":"Drug Dealer","floor":21,"gold_loss":0,"cards_obtained":["Choke","Backflip"]},{"damage_healed":0,"gold_gain":0,"player_choice":"Ignored","damage_taken":0,"max_hp_gain":0,"max_hp_loss":0,"event_name":"Vampires","floor":22,"gold_loss":0},{"damage_healed":0,"gold_gain":0,"player_choice":"Gave Potion","damage_taken":0,"relics_obtained":["Happy Flower"],"max_hp_gain":0,"max_hp_loss":0,"event_name":"WeMeetAgain","floor":23,"gold_loss":0},{"damage_healed":0,"gold_gain":0,"player_choice":"Fight","damage_taken":0,"max_hp_gain":0,"max_hp_loss":0,"event_name":"MindBloom","floor":39,"gold_loss":0},{"damage_healed":0,"gold_gain":0,"player_choice":"Max HP","damage_taken":0,"max_hp_gain":0,"max_hp_loss":4,"event_name":"Winding Halls","floor":41,"gold_loss":0}],"is_beta":false,"boss_relics":[{"not_picked":["Astrolabe","Tiny House"],"picked":"Ectoplasm"},{"not_picked":["Pandora\u0027s Box","Philosopher\u0027s Stone"],"picked":"HoveringKite"}],"items_purged_floors":[11,33],"is_endless":false,"potions_floor_spawned":[4,5,17,20,25,26,35,38,39,51,57],"killed_by":"The Heart","ascension_level":0}