{"gold_per_floor":[109,123,133,151,163,194,194,223,249,249,267,279,293,7,7,82,82,102,112,112,162,162,162,179,205,229,229,260,260,285,316,316,390,390,406,417,639,655,655,688,688,708,708,708,719,719,731,746,746,746,746,746,746,120,148,148],"floor_reached":57,"playtime":3022,"items_purged":["Strike_G","Strike_G"],"score":2787,"play_id":"6d84c60a-a9d8-4b93-a58f-87e28a1fd7c4","local_time":"20190710005559","is_ascension_mode":true,"campfire_choices":[{"floor":7,"key":"REST"},{"floor":10,"key":"REST"},{"data":"Apotheosis","floor":15,"key":"SMITH"},{"floor":23,"key":"REST"},{"data":"Well Laid Plans","floor":27,"key":"SMITH"},{"data":"Crippling Poison","floor":29,"key":"SMITH"},{"floor":32,"key":"RECALL"},{"data":"Calculated Gamble","floor":41,"key":"SMITH"},{"data":"Calculated Gamble","floor":46,"key":"SMITH"},{"data":"After Image","floor":49,"key":"SMITH"},{"data":"Adrenaline","floor":53,"key":"SMITH"}],"neow_cost":"NONE","seed_source_timestamp":24575622066400,"circlet_count":0,"master_deck":["AscendersBane","Strike_G","Strike_G","Strike_G","Defend_G","Defend_G","Defend_G","Defend_G","Defend_G","Survivor","Neutralize","Flying Knee","Dagger Spray+1","Wraith Form v2","Endless Agony+1","Riddle With Holes","Well Laid Plans+1","Heel Hook","Calculated Gamble+1","Masterful Stab","PiercingWail","Apotheosis+1","Corpse Explosion","PiercingWail","Calculated Gamble+1","Leg Sweep","Malaise","Flying Knee","Crippling Poison+1","Venomology","Prepared+1","After Image+1","Deadly Poison+1","Dark Shackles","Thinking Ahead","PiercingWail+1","Catalyst","Adrenaline+1","Deflect","Footwork","Bane","Leg Sweep","Wraith Form v2"],"relics":["Ring of the Snake","Anchor","Whetstone","Blood Vial","Eternal Feather","Nilry\u0027s Codex","Centennial Puzzle","Oddly Smooth Stone","Red Mask","Mummified Hand","Philosopher\u0027s Stone","StoneCalendar","Ornamental Fan","Snake Skull","Art of War","Dodecahedron"],"potions_floor_usage":[8,8,12,24,24,25,30,33,36,38,40,40,45,48,50,55,56,56,56,56],"damage_taken":[{"damage":0,"enemies":"Small Slimes","floor":1,"turns":5},{"damage":7,"enemies":"Jaw Worm","floor":2,"turns":6},{"damage":0,"enemies":"2 Louse","floor":3,"turns":4},{"damage":16,"enemies":"Blue Slaver","floor":4,"turns":5},{"damage":4,"enemies":"2 Fungi Beasts","floor":5,"turns":3},{"damage":32,"enemies":"3 Sentries","floor":6,"turns":9},{"damage":21,"enemies":"Lagavulin","floor":8,"turns":7},{"damage":4,"enemies":"Large Slime","floor":11,"turns":4},{"damage":0,"enemies":"3 Louse","floor":12,"turns":3},{"damage":0,"enemies":"2 Fungi Beasts","floor":13,"turns":2},{"damage":30,"enemies":"Hexaghost","floor":16,"turns":13},{"damage":16,"enemies":"2 Thieves","floor":18,"turns":3},{"damage":22,"enemies":"Chosen","floor":19,"turns":6},{"damage":5,"enemies":"Shelled Parasite and Fungi","floor":24,"turns":6},{"damage":0,"enemies":"Gremlin Leader","floor":25,"turns":7},{"damage":15,"enemies":"Book of Stabbing","floor":28,"turns":8},{"damage":2,"enemies":"Masked Bandits","floor":30,"turns":2},{"damage":26,"enemies":"Gremlin Leader","floor":31,"turns":8},{"damage":1,"enemies":"Champ","floor":33,"turns":12},{"damage":1,"enemies":"Orb Walker","floor":35,"turns":5},{"damage":0,"enemies":"3 Shapes","floor":36,"turns":6},{"damage":26,"enemies":"Maw","floor":38,"turns":11},{"damage":10,"enemies":"Nemesis","floor":40,"turns":15},{"damage":0,"enemies":"3 Darklings","floor":42,"turns":2},{"damage":4,"enemies":"Transient","floor":45,"turns":6},{"damage":3,"enemies":"Sphere and 2 Shapes","floor":47,"turns":6},{"damage":4,"enemies":"Writhing Mass","floor":48,"turns":6},{"damage":19,"enemies":"Donu and Deca","floor":50,"turns":10},{"damage":16,"enemies":"Awakened One","floor":51,"turns":24},{"damage":9,"enemies":"Shield and Spear","floor":55,"turns":6},{"damage":50,"enemies":"The Heart","floor":56,"turns":13}],"seed_played":"8188757574594157994","potions_obtained":[{"floor":4,"key":"GhostInAJar"},{"floor":5,"key":"Poison Potion"},{"floor":12,"key":"Fruit Juice"},{"floor":13,"key":"Energy Potion"},{"floor":18,"key":"EntropicBrew"},{"floor":28,"key":"Strength Potion"},{"floor":31,"key":"Energy Potion"},{"floor":33,"key":"Regen Potion"},{"floor":42,"key":"Poison Potion"}],"is_trial":false,"path_per_floor":["M","M","M","M","M","E","R","E","T","R","M","M","M","$","R","B",null,"M","M","?","?","?","R","M","E","T","R","E","R","?","E","R","B",null,"M","M","?","M","?","E","R","M","T","?","M","R","M","M","R","B","B",null,"R","$","E","B",null],"character_chosen":"THE_SILENT","items_purchased":["Apotheosis","Snake Skull","Footwork","Art of War","Bane","Leg Sweep"],"campfire_rested":3,"item_purchase_floors":[14,54,54,54,54,54],"current_hp_per_floor":[65,58,58,42,38,6,27,6,6,27,25,32,34,34,34,6,59,45,25,25,25,4,42,39,41,41,56,43,61,61,37,55,56,72,73,77,77,51,41,33,54,56,56,56,54,73,70,68,73,54,40,65,73,73,64,16],"gold":148,"neow_bonus":"TEN_PERCENT_HP_BONUS","is_prod":false,"is_daily":false,"chose_seed":false,"campfire_upgraded":7,"win_rate":0,"timestamp":1562687759,"path_taken":["M","M","M","M","M","E","R","E","T","R","M","M","M","$","R","BOSS","M","M","?","?","?","R","?","E","T","R","E","R","?","E","R","BOSS","M","M","?","M","?","E","R","M","T","?","M","R","M","M","R","BOSS","BOSS","R","$","E","BOSS"],"build_version":"2019-07-05","purchased_purges":2,"victory":true,"max_hp_per_floor":[72,72,72,72,72,72,72,72,72,72,72,77,77,77,77,77,77,77,77,77,77,77,77,77,77,77,77,77,77,77,77,77,77,77,77,77,77,77,77,77,77,77,77,73,73,73,73,73,73,73,73,73,73,73,73,73],"card_choices":[{"not_picked":["Dodge and Roll","Prepared"],"picked":"Flying Knee","floor":1},{"not_picked":["Underhanded Strike","Cloak And Dagger"],"picked":"Dagger Spray","floor":2},{"not_picked":["Footwork","Sucker Punch"],"picked":"Wraith Form v2","floor":3},{"not_picked":["Backflip","Dagger Throw"],"picked":"Endless Agony","floor":4},{"not_picked":["PiercingWail","Dagger Throw"],"picked":"Riddle With Holes","floor":5},{"not_picked":["Calculated Gamble","Sucker Punch"],"picked":"Well Laid Plans","floor":6},{"not_picked":["Deflect","Underhanded Strike"],"picked":"Heel Hook","floor":8},{"not_picked":["Finisher","Flying Knee"],"picked":"Calculated Gamble","floor":11},{"not_picked":["Prepared","Underhanded Strike"],"picked":"Masterful Stab","floor":12},{"not_picked":["Dodge and Roll","Backflip"],"picked":"PiercingWail","floor":13},{"not_picked":["Envenom","After Image"],"picked":"Corpse Explosion","floor":16},{"not_picked":["Outmaneuver+1","Distraction"],"picked":"PiercingWail","floor":18},{"not_picked":["Deflect","Flechettes"],"picked":"Calculated Gamble","floor":19},{"not_picked":["Prepared","Dodge and Roll"],"picked":"Malaise","floor":24},{"not_picked":["Poisoned Stab","Blade Dance","Flying Knee"],"picked":"SKIP","floor":25},{"not_picked":["Poisoned Stab","Blade Dance"],"picked":"Flying Knee","floor":25},{"not_picked":["Deflect","Riddle With Holes"],"picked":"Crippling Poison","floor":28},{"not_picked":["Bane","PiercingWail"],"picked":"Venomology","floor":30},{"not_picked":["Acrobatics","Sucker Punch"],"picked":"Prepared+1","floor":31},{"not_picked":["Die Die Die","Tools of the Trade"],"picked":"After Image","floor":33},{"not_picked":["Slice","Poisoned Stab","Dagger Spray"],"picked":"SKIP","floor":35},{"not_picked":["Blade Dance","PiercingWail"],"picked":"Deadly Poison+1","floor":36},{"not_picked":["Poisoned Stab","Quick Slash+1","Dagger Spray"],"picked":"SKIP","floor":38},{"not_picked":["Enlightenment","Discovery"],"picked":"Dark Shackles","floor":39},{"not_picked":["Mind Blast","Impatience"],"picked":"Thinking Ahead","floor":39},{"not_picked":["Sucker Punch","Dagger Throw","Flying Knee"],"picked":"SKIP","floor":40},{"not_picked":["Deadly Poison+1","Heel Hook"],"picked":"PiercingWail+1","floor":42},{"not_picked":["Prepared+1","Outmaneuver"],"picked":"Catalyst","floor":45},{"not_picked":["Footwork","Flying Knee+1"],"picked":"Adrenaline","floor":47},{"not_picked":["Deadly Poison","Poisoned Stab"],"picked":"Deflect","floor":48},{"not_picked":["Flying Knee","Burst"],"picked":"Wraith Form v2","floor":55}],"player_experience":5631684,"relics_obtained":[{"floor":6,"key":"Anchor"},{"floor":8,"key":"Whetstone"},{"floor":9,"key":"Blood Vial"},{"floor":22,"key":"Nilry\u0027s Codex"},{"floor":25,"key":"Centennial Puzzle"},{"floor":28,"key":"Oddly Smooth Stone"},{"floor":30,"key":"Red Mask"},{"floor":31,"key":"Mummified Hand"},{"floor":40,"key":"StoneCalendar"},{"floor":43,"key":"Ornamental Fan"},{"floor":55,"key":"Dodecahedron"}],"event_choices":[{"damage_healed":0,"gold_gain":0,"player_choice":"Read","damage_taken":0,"max_hp_gain":0,"max_hp_loss":0,"event_name":"The Library","floor":20,"gold_loss":0,"cards_obtained":["Leg Sweep"]},{"damage_healed":0,"gold_gain":50,"player_choice":"Stole From Cult","damage_taken":0,"max_hp_gain":0,"max_hp_loss":0,"event_name":"Nest","floor":21,"gold_loss":0},{"damage_healed":0,"gold_gain":0,"player_choice":"Obtained Book","damage_taken":21,"max_hp_gain":0,"max_hp_loss":0,"event_name":"Cursed Tome","floor":22,"gold_loss":0},{"damage_healed":0,"gold_gain":0,"player_choice":"Fought Bandits","damage_taken":0,"max_hp_gain":0,"max_hp_loss":0,"event_name":"Masked Bandits","floor":30,"gold_loss":0},{"damage_healed":0,"gold_gain":222,"player_choice":"Wore Mask","damage_taken":0,"max_hp_gain":0,"max_hp_loss":0,"event_name":"Tomb of Lord Red Mask","floor":37,"gold_loss":0},{"damage_healed":0,"gold_gain":0,"player_choice":"Memory 3","damage_taken":10,"max_hp_gain":0,"max_hp_loss":0,"event_name":"SensoryStone","floor":39,"gold_loss":0},{"damage_healed":0,"gold_gain":0,"player_choice":"Max HP","damage_taken":0,"max_hp_gain":0,"max_hp_loss":4,"event_name":"Winding Halls","floor":44,"gold_loss":0}],"is_beta":false,"boss_relics":[{"not_picked":["Runic Dome","Astrolabe"],"picked":"Eternal Feather"},{"not_picked":["WristBlade","Tiny House"],"picked":"Philosopher\u0027s Stone"}],"items_purged_floors":[14,54],"is_endless":false,"potions_floor_spawned":[4,5,12,13,18,28,31,33,38,42,45],"ascension_level":20}