{"gold_per_floor":[109,109,128,128,128,128,162,162,162,196,161,180,180,213,213,310,310,325,300,300,300,260,260,286,296,321,333,364,390,415,427,439,549,561,590,617,629,92,105,135,189,18,18,0,18,32,32,57,57,57],"floor_reached":51,"playtime":953,"items_purged":[],"score":1172,"play_id":"dfebd22c-3efa-43be-9184-c5c6730ae5eb","local_time":"20190707205901","is_ascension_mode":true,"campfire_choices":[{"data":"Bash","floor":6.0,"key":"SMITH"},{"data":"Twin Strike","floor":8.0,"key":"SMITH"},{"data":"Perfected Strike","floor":15,"key":"SMITH"},{"data":"Perfected Strike","floor":23,"key":"SMITH"},{"data":"Perfected Strike","floor":27,"key":"SMITH"},{"data":"Double Tap","floor":32,"key":"SMITH"},{"data":"1","floor":49,"key":"LIFT"}],"neow_cost":"NONE","seed_source_timestamp":1410932429134336,"circlet_count":0,"master_deck":["Strike_R","Strike_R","Strike_R","Strike_R","Strike_R","Defend_R+1","Defend_R","Defend_R","Defend_R","Bash+1","Perfected Strike+1","Twin Strike+1","Perfected Strike+1","Cleave","Perfected Strike+1","Double Tap+1","Pommel Strike+1","Shrug It Off","Whirlwind+1","Twin Strike","Perfected Strike+1","Offering","Rage+1","Shrug It Off+1","Madness","Madness","Apotheosis+1","Pommel Strike+1","Perfected Strike","Seeing Red","Enlightenment","Parasite"],"special_seed":0,"relics":["Burning Blood","NeowsBlessing","Pen Nib","Pear","Champion Belt","Nunchaku","Gremlin Horn","Runic Dome","FossilizedHelix","MawBank","Cursed Key","Lee\u0027s Waffle","Juzu Bracelet","War Paint","Girya","Singing Bowl","Red Mask","PreservedInsect"],"potions_floor_usage":[12,16,16,29,50,50,50],"damage_taken":[{"damage":0.0,"enemies":"Small Slimes","floor":1.0,"turns":1.0},{"damage":0.0,"enemies":"Cultist","floor":3.0,"turns":1.0},{"damage":0.0,"enemies":"Gremlin Nob","floor":7.0,"turns":1.0},{"damage":25,"enemies":"3 Sentries","floor":10,"turns":6},{"damage":0,"enemies":"Jaw Worm","floor":12,"turns":2},{"damage":30,"enemies":"Lagavulin","floor":14,"turns":6},{"damage":38,"enemies":"Hexaghost","floor":16,"turns":5},{"damage":0,"enemies":"Chosen","floor":18,"turns":1},{"damage":10,"enemies":"Book of Stabbing","floor":24,"turns":2},{"damage":0,"enemies":"2 Thieves","floor":25,"turns":2},{"damage":0,"enemies":"Centurion and Healer","floor":28,"turns":2},{"damage":6,"enemies":"Cultist and Chosen","floor":29,"turns":2},{"damage":0,"enemies":"3 Cultists","floor":30,"turns":2},{"damage":15,"enemies":"Collector","floor":33,"turns":4},{"damage":9,"enemies":"3 Darklings","floor":35,"turns":2},{"damage":13,"enemies":"3 Shapes","floor":36,"turns":2},{"damage":0,"enemies":"Spire Growth","floor":39,"turns":2},{"damage":13,"enemies":"Giant Head","floor":40,"turns":5},{"damage":8,"enemies":"2 Orb Walkers","floor":41,"turns":2},{"damage":0,"enemies":"4 Shapes","floor":45,"turns":1},{"damage":0,"enemies":"Sphere and 2 Shapes","floor":46,"turns":2},{"damage":0,"enemies":"Reptomancer","floor":48,"turns":2},{"damage":45,"enemies":"Time Eater","floor":50,"turns":5}],"seed_played":"-1299833414491269847","potions_obtained":[{"floor":10,"key":"Block Potion"},{"floor":12,"key":"LiquidBronze"},{"floor":14,"key":"Strength Potion"},{"floor":16,"key":"Swift Potion"},{"floor":18,"key":"Ancient Potion"},{"floor":28,"key":"Regen Potion"},{"floor":29,"key":"EssenceOfSteel"},{"floor":30,"key":"SpeedPotion"},{"floor":48,"key":"SpeedPotion"}],"is_trial":false,"path_per_floor":["M","?","M","?","$","R","E","R","T","E","?","M","?","E","R","B",null,"M","$","?","?","?","R","E","M","T","R","M","M","M","$","R","B",null,"M","M","?","$","M","E","?","$","T","?","M","M","$","E","R","B",null],"character_chosen":"IRONCLAD","items_purchased":["Shrug It Off","Apotheosis","Lee\u0027s Waffle","Juzu Bracelet","Seeing Red","Enlightenment"],"campfire_rested":0,"item_purchase_floors":[19,38,38,38,42,42],"current_hp_per_floor":[78,78,80,80,80,80,80,80,90,71,90,90,87,63,63,31,75,81,81,81,63,63,63,59,65,65,65,71,71,77,77,77,68,88,85,78,66,102,102,95,93,93,93,93,101,106,106,108,108,69],"gold":57,"neow_bonus":"THREE_ENEMY_KILL","is_prod":false,"is_daily":false,"chose_seed":false,"campfire_upgraded":6,"win_rate":0,"timestamp":1562529541,"path_taken":["M","?","?","?","$","R","E","R","T","E","?","M","?","E","R","BOSS","M","$","?","?","?","R","E","M","T","R","M","M","?","$","R","BOSS","M","M","?","$","M","E","?","?","T","?","M","M","?","E","R","BOSS"],"build_version":"2019-07-05","purchased_purges":0,"victory":true,"max_hp_per_floor":[80,80,80,80,80,80,80,80,90,90,90,90,90,90,90,90,90,90,90,90,95,95,95,95,95,95,95,95,95,95,95,95,95,95,95,95,95,102,102,102,102,102,102,102,104,106,106,108,108,108],"card_choices":[{"not_picked":["Shrug It Off","Twin Strike"],"picked":"Perfected Strike","floor":1.0},{"not_picked":["True Grit","Heavy Blade"],"picked":"Twin Strike","floor":3.0},{"not_picked":["Evolve","Havoc","Second Wind"],"picked":"SKIP","floor":7.0},{"not_picked":["Evolve","Havoc"],"picked":"Perfected Strike","floor":10},{"not_picked":["Warcry","True Grit"],"picked":"Cleave","floor":12},{"not_picked":["Anger","Spot Weakness"],"picked":"Perfected Strike","floor":14},{"not_picked":["Reaper","Bludgeon"],"picked":"Double Tap","floor":16},{"not_picked":["Heavy Blade","Flex"],"picked":"Pommel Strike","floor":18},{"not_picked":["Rampage","Armaments"],"picked":"Twin Strike","floor":24},{"not_picked":["Headbutt","Shrug It Off"],"picked":"Perfected Strike","floor":25},{"not_picked":["Limit Break","Clash","Flex"],"picked":"SKIP","floor":28},{"not_picked":["Metallicize","Warcry+1","Havoc+1"],"picked":"SKIP","floor":29},{"not_picked":["Anger","Bloodletting","Body Slam+1"],"picked":"SKIP","floor":30},{"not_picked":["Exhume","Brutality"],"picked":"Offering","floor":33},{"not_picked":["Iron Wave+1","Armaments+1"],"picked":"Rage+1","floor":35},{"not_picked":["Wild Strike+1","Iron Wave"],"picked":"Shrug It Off+1","floor":36},{"not_picked":["Warcry+1","Flex+1"],"picked":"Pommel Strike+1","floor":39},{"not_picked":["Body Slam","Anger+1","Combust+1"],"picked":"SKIP","floor":40},{"not_picked":["Power Through+1","Shrug It Off"],"picked":"Perfected Strike","floor":41},{"not_picked":["Sword Boomerang","Body Slam","Headbutt"],"picked":"Singing Bowl","floor":45},{"not_picked":["Battle Trance","Impervious","Iron Wave"],"picked":"Singing Bowl","floor":46},{"not_picked":["Rampage","Carnage","Headbutt"],"picked":"Singing Bowl","floor":48}],"player_experience":243348,"relics_obtained":[{"floor":7.0,"key":"Pen Nib"},{"floor":9.0,"key":"Pear"},{"floor":10,"key":"Champion Belt"},{"floor":14,"key":"Gremlin Horn"},{"floor":24,"key":"FossilizedHelix"},{"floor":26,"key":"MawBank"},{"floor":40,"key":"War Paint"},{"floor":41,"key":"Girya"},{"floor":43,"key":"Singing Bowl"},{"floor":48,"key":"PreservedInsect"}],"event_choices":[{"damage_healed":0.0,"max_hp_gain":0.0,"max_hp_loss":0.0,"gold_gain":0.0,"event_name":"Purifier","player_choice":"Ignored","floor":2.0,"gold_loss":0.0,"damage_taken":0.0},{"damage_healed":0.0,"max_hp_gain":0.0,"max_hp_loss":0.0,"gold_gain":0.0,"event_name":"Living Wall","player_choice":"Grow","floor":4.0,"gold_loss":0.0,"damage_taken":0.0,"cards_upgraded":["Perfected Strike"]},{"damage_healed":22,"gold_gain":0,"player_choice":"Healed","damage_taken":0,"max_hp_gain":0,"max_hp_loss":0,"event_name":"The Cleric","floor":11,"gold_loss":35},{"damage_healed":0,"gold_gain":0,"player_choice":"Success","damage_taken":3,"relics_obtained":["Nunchaku"],"max_hp_gain":0,"max_hp_loss":0,"event_name":"Scrap Ooze","floor":13,"gold_loss":0},{"damage_healed":0,"gold_gain":0,"player_choice":"Read","damage_taken":0,"max_hp_gain":0,"max_hp_loss":0,"event_name":"The Library","floor":20,"gold_loss":0,"cards_obtained":["Whirlwind"]},{"damage_healed":0,"gold_gain":0,"player_choice":"Shed Blood","damage_taken":23,"max_hp_gain":5,"max_hp_loss":0,"event_name":"Forgotten Altar","floor":21,"gold_loss":0},{"damage_healed":0,"gold_gain":0,"player_choice":"Upgraded Two","damage_taken":0,"max_hp_gain":0,"max_hp_loss":0,"event_name":"Designer","floor":22,"gold_loss":40,"cards_upgraded":["Pommel Strike","Whirlwind"]},{"damage_healed":0,"gold_gain":0,"player_choice":"Embrace Madness","damage_taken":12,"max_hp_gain":0,"max_hp_loss":0,"event_name":"Winding Halls","floor":37,"gold_loss":0,"cards_obtained":["Madness","Madness"]},{"damage_healed":0,"gold_gain":0,"player_choice":"Fight","damage_taken":0,"max_hp_gain":0,"max_hp_loss":0,"event_name":"Mysterious Sphere","floor":41,"gold_loss":0},{"damage_healed":0,"gold_gain":0,"player_choice":"Paid","damage_taken":0,"relics_obtained":["Red Mask"],"max_hp_gain":0,"max_hp_loss":0,"event_name":"Tomb of Lord Red Mask","floor":44,"gold_loss":18}],"is_beta":false,"boss_relics":[{"not_picked":["Black Blood","Calling Bell"],"picked":"Runic Dome"},{"not_picked":["Empty Cage","Velvet Choker"],"picked":"Cursed Key"}],"items_purged_floors":[],"is_endless":false,"potions_floor_spawned":[10,12,14,16,18,28,29,30,35,40,48],"ascension_level":8}