{"gold_per_floor":[219,219,219,239,256,286,297,297,321,321,339,374,374,391,391,496,496,514,524,524,287,287,322,89,89,138,108,108,143,158,10,10,107,107,122,29,79,90,105,137,137,9,9,9,87,87,24,24,24,24],"floor_reached":51,"playtime":3521,"items_purged":["Regret","Strike_B"],"score":1020,"play_id":"93817fef-ef65-4e35-9fab-a229d991d05e","local_time":"20190728114754","is_ascension_mode":true,"campfire_choices":[{"data":"Zap","floor":10.0,"key":"SMITH"},{"floor":13.0,"key":"REST"},{"data":"Darkness","floor":15.0,"key":"SMITH"},{"data":"Defragment","floor":25.0,"key":"SMITH"},{"data":"Capacitor","floor":28.0,"key":"SMITH"},{"data":"Coolheaded","floor":32.0,"key":"SMITH"},{"floor":41.0,"key":"REST"},{"floor":49.0,"key":"REST"}],"neow_cost":"NONE","seed_source_timestamp":143695215068400,"circlet_count":0,"master_deck":["Strike_B","Defend_B","Defend_B","Defend_B","Defend_B+1","Zap+1","Compile Driver","Hologram","Conserve Battery+1","Ball Lightning","Ball Lightning","Sweeping Beam","FTL","Genetic Algorithm","Darkness+1","Seek","Capacitor+1","Echo Form","Defragment+1","Coolheaded+1","Steam+1","Undo","Chill+1","Turbo+1","Cold Snap+1","Core Surge+1","Coolheaded+1","Sunder+1","Core Surge+1","Gash+1","Gash+1","Conserve Battery+1","BootSequence","Barrage+1"],"special_seed":0,"relics":["FrozenCore","PreservedInsect","Dream Catcher","Shuriken","War Paint","Dead Branch","Philosopher\u0027s Stone","Membership Card","Molten Egg 2","Ice Cream","Ancient Tea Set","Blood Vial","ClockworkSouvenir","Happy Flower","WingedGreaves","Boot","Bottled Lightning","Nunchaku","Frozen Egg 2"],"potions_floor_usage":[50,50,50],"damage_taken":[{"damage":1.0,"enemies":"Cultist","floor":1.0,"turns":4.0},{"damage":2.0,"enemies":"Jaw Worm","floor":4.0,"turns":3.0},{"damage":2.0,"enemies":"Small Slimes","floor":5.0,"turns":3.0},{"damage":21.0,"enemies":"3 Sentries","floor":6.0,"turns":7.0},{"damage":5.0,"enemies":"2 Fungi Beasts","floor":7.0,"turns":4.0},{"damage":5.0,"enemies":"Exordium Wildlife","floor":11.0,"turns":3.0},{"damage":25.0,"enemies":"Lagavulin","floor":12.0,"turns":5.0},{"damage":1.0,"enemies":"Looter","floor":14.0,"turns":3.0},{"damage":19.0,"enemies":"Hexaghost","floor":16.0,"turns":7.0},{"damage":4.0,"enemies":"3 Byrds","floor":18.0,"turns":3.0},{"damage":3.0,"enemies":"Spheric Guardian","floor":19.0,"turns":3.0},{"damage":9.0,"enemies":"Gremlin Leader","floor":23.0,"turns":5.0},{"damage":8.0,"enemies":"Slavers","floor":29.0,"turns":4.0},{"damage":0.0,"enemies":"Centurion and Healer","floor":30.0,"turns":5.0},{"damage":5.0,"enemies":"Champ","floor":33.0,"turns":6.0},{"damage":3.0,"enemies":"3 Darklings","floor":35.0,"turns":7.0},{"damage":26.0,"enemies":"2 Orb Walkers","floor":37.0,"turns":5.0},{"damage":10.0,"enemies":"3 Shapes","floor":38.0,"turns":6.0},{"damage":0.0,"enemies":"Maw","floor":39.0,"turns":7.0},{"damage":7.0,"enemies":"Giant Head","floor":40.0,"turns":7.0},{"damage":20,"enemies":"Time Eater","floor":50,"turns":12}],"seed_played":"-371815885599651962","potions_obtained":[{"floor":1.0,"key":"GamblersBrew"},{"floor":3.0,"key":"FocusPotion"},{"floor":3.0,"key":"EntropicBrew"},{"floor":3.0,"key":"EssenceOfSteel"},{"floor":6.0,"key":"Explosive Potion"},{"floor":12.0,"key":"Dexterity Potion"},{"floor":16.0,"key":"SteroidPotion"},{"floor":18.0,"key":"Block Potion"},{"floor":19.0,"key":"Regen Potion"},{"floor":23.0,"key":"Fire Potion"},{"floor":27.0,"key":"Dexterity Potion"},{"floor":33.0,"key":"Regen Potion"},{"floor":38.0,"key":"Regen Potion"}],"is_trial":false,"path_per_floor":["M","?","?","M","M","E","M","?","T","R","M","E","R","M","R","B",null,"M","M","?","$","?","E","$","R","T","?","R","E","M","$","R","B",null,"M","$","?","M","M","E","R","$","T","?","T","$","$","?","R","B",null],"character_chosen":"DEFECT","items_purchased":["Membership Card","Ice Cream","Undo","Cold Snap+1","ClockworkSouvenir","PowerPotion","Happy Flower","Sunder+1","Bottled Lightning","SteroidPotion","BootSequence"],"campfire_rested":3,"item_purchase_floors":[21,24,24,31,31,31,36,36,42,47,47],"current_hp_per_floor":[67,67,67,65,63,42,37,37,37,37,32,7,29,28,28,9,59,55,52,52,52,52,57,57,57,57,57,57,49,51,51,51,48,68,67,67,43,50,52,47,69,69,69,69,69,69,69,69,75,55],"gold":24,"neow_bonus":"HUNDRED_GOLD","is_prod":false,"is_daily":false,"chose_seed":false,"campfire_upgraded":5,"win_rate":0,"timestamp":1564328874,"path_taken":["M","?","?","?","M","E","M","?","T","R","M","E","R","M","R","BOSS","M","?","?","$","?","E","?","R","T","?","R","E","?","$","R","BOSS","M","$","?","M","M","E","R","$","T","?","?","?","$","?","R","BOSS"],"build_version":"2019-07-17","purchased_purges":2,"victory":true,"max_hp_per_floor":[75,75,75,75,75,75,75,75,75,75,75,75,75,75,75,75,75,75,75,75,75,75,75,75,75,75,75,75,75,75,75,75,75,75,75,75,75,75,75,75,75,75,75,75,75,75,75,75,75,75],"card_choices":[{"not_picked":["Force Field","Stack"],"picked":"Compile Driver","floor":1.0},{"not_picked":["Beam Cell","Force Field"],"picked":"Hologram","floor":4.0},{"not_picked":["Stack","Hologram"],"picked":"Conserve Battery","floor":5.0},{"not_picked":["Compile Driver","Reprogram"],"picked":"Ball Lightning","floor":6.0},{"not_picked":["Hologram","Barrage"],"picked":"Ball Lightning","floor":7.0},{"not_picked":["Streamline","Consume"],"picked":"Sweeping Beam","floor":11.0},{"not_picked":["Machine Learning","Ball Lightning"],"picked":"FTL","floor":12.0},{"not_picked":["Beam Cell","Tempest"],"picked":"Genetic Algorithm","floor":13.0},{"not_picked":["Cold Snap","Compile Driver"],"picked":"Darkness","floor":14.0},{"not_picked":["Creative AI","Multi-Cast"],"picked":"Seek","floor":16.0},{"not_picked":["Hologram","Rebound","Stack"],"picked":"SKIP","floor":18.0},{"not_picked":["Genetic Algorithm","Stack"],"picked":"Capacitor","floor":19.0},{"not_picked":["Consume","Loop"],"picked":"Steam+1","floor":23.0},{"not_picked":["Redo","Hologram"],"picked":"Chill+1","floor":29.0},{"not_picked":["Beam Cell+1","Loop+1"],"picked":"Turbo+1","floor":30.0},{"not_picked":["Amplify","Thunder Strike+1"],"picked":"Core Surge+1","floor":33.0},{"not_picked":["Steam","Ball Lightning+1"],"picked":"Coolheaded+1","floor":35.0},{"not_picked":["Stack+1","Chaos"],"picked":"Core Surge+1","floor":37.0},{"not_picked":["Heatsinks+1","Hello World"],"picked":"Gash+1","floor":38.0},{"not_picked":["Hologram","Conserve Battery"],"picked":"Gash+1","floor":39.0},{"not_picked":["Redo+1","Streamline+1","Hello World"],"picked":"SKIP","floor":40.0},{"not_picked":["Redo+1","Streamline+1","Hello World"],"picked":"SKIP","floor":40.0},{"not_picked":["Fusion+1","Beam Cell+1"],"picked":"Conserve Battery+1","floor":41.0},{"not_picked":["Sweeping Beam+1","Cold Snap+1"],"picked":"Barrage+1","floor":49.0}],"player_experience":301749,"relics_obtained":[{"floor":6.0,"key":"Dream Catcher"},{"floor":9.0,"key":"War Paint"},{"floor":12.0,"key":"Dead Branch"},{"floor":23.0,"key":"Molten Egg 2"},{"floor":26.0,"key":"Ancient Tea Set"},{"floor":29.0,"key":"Blood Vial"},{"floor":37.0,"key":"WingedGreaves"},{"floor":40.0,"key":"Boot"},{"floor":43.0,"key":"Nunchaku"},{"floor":45.0,"key":"Frozen Egg 2"}],"event_choices":[{"damage_healed":0.0,"max_hp_gain":0.0,"max_hp_loss":0.0,"gold_gain":0.0,"event_name":"Big Fish","player_choice":"Box","floor":2.0,"gold_loss":0.0,"damage_taken":0.0,"relics_obtained":["PreservedInsect"],"cards_obtained":["Regret"]},{"damage_healed":0.0,"max_hp_gain":0.0,"max_hp_loss":0.0,"gold_gain":0.0,"event_name":"Lab","player_choice":"Got Potions","floor":3.0,"gold_loss":0.0,"damage_taken":0.0},{"damage_healed":0.0,"max_hp_gain":0.0,"max_hp_loss":0.0,"gold_gain":0.0,"event_name":"WeMeetAgain","player_choice":"Gave Potion","floor":8.0,"gold_loss":0.0,"damage_taken":0.0,"relics_obtained":["Shuriken"]},{"damage_healed":0.0,"max_hp_gain":0.0,"max_hp_loss":0.0,"gold_gain":0.0,"cards_transformed":["Strike_B","Strike_B"],"event_name":"Drug Dealer","player_choice":"Became Test Subject","floor":20.0,"gold_loss":0.0,"damage_taken":0.0,"cards_obtained":["Echo Form","Defragment"]},{"damage_healed":0.0,"max_hp_gain":0.0,"max_hp_loss":0.0,"gold_gain":0.0,"event_name":"The Library","player_choice":"Read","floor":22.0,"gold_loss":0.0,"damage_taken":0.0,"cards_obtained":["Coolheaded"]},{"damage_healed":0.0,"max_hp_gain":0.0,"max_hp_loss":0.0,"gold_gain":0.0,"event_name":"The Woman in Blue","player_choice":"Bought 2 Potions","floor":27.0,"gold_loss":0.0,"damage_taken":0.0},{"damage_healed":0.0,"max_hp_gain":0.0,"max_hp_loss":0.0,"gold_gain":0.0,"event_name":"Mysterious Sphere","player_choice":"Fight","floor":37.0,"gold_loss":0.0,"damage_taken":0.0},{"cards_removed":["Dualcast"],"damage_healed":0.0,"max_hp_gain":0.0,"max_hp_loss":0.0,"gold_gain":0.0,"event_name":"Falling","player_choice":"Removed Skill","floor":44.0,"gold_loss":0.0,"damage_taken":0.0},{"damage_healed":0.0,"max_hp_gain":0.0,"max_hp_loss":0.0,"gold_gain":0.0,"event_name":"SecretPortal","player_choice":"Ignored","floor":48.0,"gold_loss":0.0,"damage_taken":0.0}],"is_beta":false,"boss_relics":[{"not_picked":["White Beast Statue","Coffee Dripper"],"picked":"Philosopher\u0027s Stone"},{"not_picked":["Velvet Choker","Runic Dome"],"picked":"FrozenCore"}],"items_purged_floors":[21,24],"is_endless":false,"potions_floor_spawned":[1,6,12,16,18,19,23,33,37,38],"ascension_level":9}