{"gold_per_floor":[18,18,37,54,69,69,96,96,151,151,164,180,180,15,15,89,89,103,114,131,46,46],"floor_reached":22,"playtime":690,"items_purged":["Strike_B"],"score":376,"play_id":"6524e216-0624-4ab1-b20c-0a5e32c5f7bf","local_time":"20190610015353","is_ascension_mode":true,"campfire_choices":[{"data":"Gash","floor":6.0,"key":"SMITH"},{"data":"Zap","floor":8.0,"key":"SMITH"},{"data":"Scrape","floor":10.0,"key":"SMITH"},{"data":"Dualcast","floor":13.0,"key":"SMITH"},{"data":"Gash","floor":15.0,"key":"SMITH"}],"neow_cost":"NO_GOLD","seed_source_timestamp":1224736361884600,"circlet_count":0,"master_deck":["AscendersBane","Strike_B","Defend_B","Defend_B","Defend_B","Zap+1","Dualcast+1","Gash+1","Go for the Eyes","Sweeping Beam","Glacier","Scrape+1","Coolheaded","Steam","Gash+1","Self Repair","Biased Cognition","Steam+1","Gash","Turbo"],"special_seed":0,"relics":["Cracked Core","Mummified Hand","Runic Pyramid","Orichalcum"],"potions_floor_usage":[16,19,22],"damage_taken":[{"damage":11.0,"enemies":"Small Slimes","floor":1.0,"turns":5.0},{"damage":0.0,"enemies":"Cultist","floor":3.0,"turns":3.0},{"damage":2.0,"enemies":"Jaw Worm","floor":4.0,"turns":3.0},{"damage":2.0,"enemies":"2 Fungi Beasts","floor":5.0,"turns":3.0},{"damage":10.0,"enemies":"3 Sentries","floor":7.0,"turns":2.0},{"damage":17.0,"enemies":"Exordium Thugs","floor":11.0,"turns":3.0},{"damage":1.0,"enemies":"Lots of Slimes","floor":12.0,"turns":3.0},{"damage":17,"enemies":"Hexaghost","floor":16,"turns":9},{"damage":8,"enemies":"Shell Parasite","floor":18,"turns":4},{"damage":2,"enemies":"2 Thieves","floor":19,"turns":4},{"damage":21,"enemies":"Snake Plant","floor":20,"turns":5},{"damage":46,"enemies":"Cultist and Chosen","floor":22,"turns":5}],"seed_played":"-4389269070860115396","potions_obtained":[{"floor":3.0,"key":"Explosive Potion"},{"floor":4.0,"key":"Explosive Potion"},{"floor":7.0,"key":"FocusPotion"},{"floor":16,"key":"SneckoOil"},{"floor":20,"key":"SteroidPotion"}],"is_trial":false,"path_per_floor":["M","?","M","M","M","R","E","R","T","R","M","M","R","$","R","B",null,"M","M","M","?","M"],"character_chosen":"DEFECT","items_purchased":["Gash","Self Repair"],"campfire_rested":0,"item_purchase_floors":[14,14],"current_hp_per_floor":[53,53,53,51,49,49,39,39,39,39,22,21,21,21,21,11,56,55,60,46,46,0],"gold":46,"neow_bonus":"REMOVE_TWO","is_prod":false,"is_daily":false,"chose_seed":false,"campfire_upgraded":5,"win_rate":0,"timestamp":1560099233,"path_taken":["M","?","M","?","M","R","E","R","T","R","M","?","R","$","R","BOSS","M","M","M","?","M"],"build_version":"2019-01-23","purchased_purges":1,"victory":false,"max_hp_per_floor":[71,71,71,71,71,71,71,71,71,71,71,71,71,71,71,71,71,71,71,71,71,71],"card_choices":[{"not_picked":["Conserve Battery","Heatsinks"],"picked":"Gash","floor":1.0},{"not_picked":["Heatsinks","Turbo"],"picked":"Go for the Eyes","floor":3.0},{"not_picked":["Self Repair","Darkness"],"picked":"Sweeping Beam","floor":4.0},{"not_picked":["Compile Driver","Amplify"],"picked":"Glacier","floor":5.0},{"not_picked":["Capacitor","Coolheaded"],"picked":"Scrape","floor":7.0},{"not_picked":["Turbo","Stack"],"picked":"Coolheaded","floor":11.0},{"not_picked":["Go for the Eyes","Scrape"],"picked":"Steam","floor":12.0},{"not_picked":["Machine Learning","Hyperbeam"],"picked":"Biased Cognition","floor":16},{"not_picked":["Rebound+1","Reprogram+1"],"picked":"Steam+1","floor":18},{"not_picked":["Ball Lightning","Hologram"],"picked":"Gash","floor":19},{"not_picked":["Conserve Battery","Barrage"],"picked":"Turbo","floor":20}],"player_experience":5312479,"relics_obtained":[{"floor":7.0,"key":"Mummified Hand"}],"event_choices":[{"cards_removed":["Strike_B"],"damage_healed":0.0,"max_hp_gain":0.0,"max_hp_loss":0.0,"gold_gain":0.0,"event_name":"Bonfire Elementals","player_choice":"Offered Basic","floor":2.0,"gold_loss":0.0,"damage_taken":0.0},{"damage_healed":0,"gold_gain":0,"player_choice":"Obtained Relic","damage_taken":0,"relics_obtained":["Orichalcum"],"max_hp_gain":0,"max_hp_loss":0,"event_name":"Addict","floor":21,"gold_loss":85}],"is_beta":false,"boss_relics":[{"not_picked":["Coffee Dripper","Calling Bell"],"picked":"Runic Pyramid"}],"items_purged_floors":[14],"is_endless":false,"potions_floor_spawned":[3,4,7,16,20],"killed_by":"Cultist and Chosen","ascension_level":20}