{"gold_per_floor":[110,110,130,149,167,201,74,106,130,130,130,143,170,185,185,264,264,277,277,277,227,227,252,252,252,252,279,12,12,12,32,32,106,106,122,122,134,45,64,64,98,110,146,158,196,208,220,263,275,287,299,311,323,206,236,236],"floor_reached":57,"playtime":2514,"items_purged":["Strike_R","Strike_R","Strike_R","Twin Strike"],"score":2934,"play_id":"1d428324-6701-45ec-9d92-706e6e29a4e8","local_time":"20190621011156","is_ascension_mode":true,"campfire_choices":[{"data":"Flex","floor":11.0,"key":"SMITH"},{"data":"Seeing Red","floor":15.0,"key":"SMITH"},{"data":"Battle Trance","floor":25.0,"key":"SMITH"},{"floor":29.0,"key":"REST"},{"floor":32.0,"key":"REST"},{"data":"Evolve","floor":40.0,"key":"SMITH"},{"data":"Rage","floor":44.0,"key":"SMITH"},{"floor":49.0,"key":"RECALL"},{"floor":53.0,"key":"REST"}],"neow_cost":"TEN_PERCENT_HP_LOSS","seed_source_timestamp":193835340166900,"circlet_count":0,"master_deck":["AscendersBane","Clash","Clash","Clash","Flex+1","Second Wind","Seeing Red+1","Fiend Fire","Sentinel+1","Battle Trance+1","Body Slam+1","Evolve+1","Rage+1"],"special_seed":0,"relics":["Burning Blood","Unceasing Top","Vajra","Dream Catcher","Happy Flower","Smiling Mask","Singing Bowl","Lizard Tail","Ancient Tea Set","Bag of Marbles","StoneCalendar","ClockworkSouvenir","Pandora\u0027s Box","MawBank","Incense Burner","Mango","Art of War"],"potions_floor_usage":[56,56],"damage_taken":[{"damage":14.0,"enemies":"Jaw Worm","floor":1.0,"turns":4.0},{"damage":1.0,"enemies":"Cultist","floor":3.0,"turns":4.0},{"damage":4.0,"enemies":"2 Louse","floor":4.0,"turns":4.0},{"damage":3.0,"enemies":"Large Slime","floor":5.0,"turns":4.0},{"damage":30.0,"enemies":"3 Sentries","floor":6.0,"turns":6.0},{"damage":34.0,"enemies":"Gremlin Nob","floor":8.0,"turns":4.0},{"damage":3.0,"enemies":"3 Louse","floor":12.0,"turns":3.0},{"damage":29.0,"enemies":"3 Sentries","floor":13.0,"turns":8.0},{"damage":0.0,"enemies":"Exordium Wildlife","floor":14.0,"turns":2.0},{"damage":13.0,"enemies":"Slime Boss","floor":16.0,"turns":6.0},{"damage":2.0,"enemies":"Chosen","floor":18.0,"turns":3.0},{"damage":45.0,"enemies":"Book of Stabbing","floor":23.0,"turns":4.0},{"damage":24.0,"enemies":"Slavers","floor":27.0,"turns":5.0},{"damage":0.0,"enemies":"Spheric Guardian","floor":31.0,"turns":2.0},{"damage":22.0,"enemies":"Collector","floor":33.0,"turns":3.0},{"damage":0.0,"enemies":"Orb Walker","floor":35.0,"turns":1.0},{"damage":25.0,"enemies":"3 Shapes","floor":37.0,"turns":2.0},{"damage":46.0,"enemies":"Sphere and 2 Shapes","floor":39.0,"turns":4.0},{"damage":0.0,"enemies":"Reptomancer","floor":41.0,"turns":2.0},{"damage":0.0,"enemies":"Giant Head","floor":45.0,"turns":4.0},{"damage":16.0,"enemies":"Reptomancer","floor":48.0,"turns":4.0},{"damage":54.0,"enemies":"Time Eater","floor":50.0,"turns":9.0},{"damage":41.0,"enemies":"Donu and Deca","floor":51.0,"turns":7.0},{"damage":43.0,"enemies":"Shield and Spear","floor":55.0,"turns":8.0},{"damage":48,"enemies":"The Heart","floor":56,"turns":7}],"seed_played":"8356248954976801993","potions_obtained":[{"floor":5.0,"key":"Strength Potion"},{"floor":6.0,"key":"Dexterity Potion"},{"floor":14.0,"key":"BloodPotion"},{"floor":16.0,"key":"Regen Potion"},{"floor":27.0,"key":"Swift Potion"},{"floor":33.0,"key":"SteroidPotion"},{"floor":45.0,"key":"Fire Potion"},{"floor":48.0,"key":"PowerPotion"}],"is_trial":false,"path_per_floor":["M","?","M","M","M","E","$","E","T","?","R","M","E","M","R","B",null,"M","?","?","$","?","E","?","R","T","E","$","R","?","M","R","B",null,"M","?","M","$","M","R","E","?","T","R","E","?","?","E","R","B","B",null,"R","$","E","B",null],"character_chosen":"IRONCLAD","items_purchased":["Flex","ClockworkSouvenir","Evolve","Ancient Potion"],"campfire_rested":3,"item_purchase_floors":[7,28,38,54],"current_hp_per_floor":[60,49,54,56,59,35,35,7,7,68,68,68,47,55,55,48,66,70,50,50,50,50,13,13,13,13,9,9,34,34,42,68,54,79,87,87,70,70,41,41,47,47,47,47,55,55,55,61,61,13,34,88,108,108,73,31],"gold":236,"neow_bonus":"ONE_RARE_RELIC","is_prod":false,"is_daily":false,"chose_seed":false,"campfire_upgraded":5,"win_rate":0,"timestamp":1561047116,"path_taken":["M","?","M","M","M","E","$","E","T","?","R","?","E","M","R","BOSS","M","?","?","$","?","E","?","R","T","E","$","R","?","M","R","BOSS","M","?","M","$","?","R","E","?","T","R","E","?","?","E","R","BOSS","BOSS","R","$","E","BOSS"],"build_version":"2019-01-23","purchased_purges":4,"victory":true,"max_hp_per_floor":[68,68,68,68,68,68,68,68,68,68,68,68,70,72,72,72,72,72,77,77,77,77,79,79,79,79,79,79,81,81,83,85,87,87,89,89,91,91,93,93,93,88,88,88,90,90,90,106,106,106,106,106,108,108,110,110],"card_choices":[{"not_picked":["True Grit","Shrug It Off"],"picked":"Clash","floor":1.0},{"not_picked":["Spot Weakness","Bloodletting"],"picked":"Twin Strike","floor":3.0},{"not_picked":["Wild Strike","Blood for Blood"],"picked":"Clash","floor":4.0},{"not_picked":["Cleave","Disarm"],"picked":"Whirlwind","floor":5.0},{"not_picked":["Evolve","Bloodletting"],"picked":"Clash","floor":6.0},{"not_picked":["Rampage","Exhume"],"picked":"Second Wind","floor":8.0},{"not_picked":["Bloodletting","Headbutt"],"picked":"Seeing Red","floor":12.0},{"not_picked":["Flex","Infernal Blade","Whirlwind"],"picked":"Singing Bowl","floor":13.0},{"not_picked":["Intimidate","Wild Strike","Headbutt"],"picked":"Singing Bowl","floor":14.0},{"not_picked":["Double Tap","Juggernaut"],"picked":"Fiend Fire","floor":16.0},{"not_picked":["Twin Strike","Blood for Blood"],"picked":"Sentinel+1","floor":18.0},{"not_picked":["Havoc","Rupture+1","Sword Boomerang"],"picked":"Singing Bowl","floor":23.0},{"not_picked":["Warcry","Headbutt"],"picked":"Body Slam+1","floor":27.0},{"not_picked":["Sever Soul+1","Hemokinesis+1","Headbutt"],"picked":"Singing Bowl","floor":29.0},{"not_picked":["Spot Weakness","Heavy Blade","Dropkick"],"picked":"Singing Bowl","floor":31.0},{"not_picked":["Spot Weakness","Cleave","Blood for Blood"],"picked":"Singing Bowl","floor":32.0},{"not_picked":["Limit Break","Double Tap","Feed"],"picked":"Singing Bowl","floor":33.0},{"not_picked":["Havoc","Feel No Pain","Fire Breathing"],"picked":"Singing Bowl","floor":35.0},{"not_picked":["Flex","Clash+1","Pommel Strike+1"],"picked":"Singing Bowl","floor":37.0},{"not_picked":["Whirlwind+1","Cleave","Inflame"],"picked":"Singing Bowl","floor":39.0},{"not_picked":["Perfected Strike","True Grit"],"picked":"Rage","floor":41.0},{"not_picked":["Havoc","Second Wind","Demon Form"],"picked":"Singing Bowl","floor":45.0},{"not_picked":["Cleave","Dark Embrace","Pummel"],"picked":"Singing Bowl","floor":48.0},{"not_picked":["Clothesline","Shrug It Off","Sword Boomerang"],"picked":"Singing Bowl","floor":53.0},{"not_picked":["Havoc","Pommel Strike","Blood for Blood"],"picked":"Singing Bowl","floor":55.0}],"player_experience":5431133,"relics_obtained":[{"floor":6.0,"key":"Dream Catcher"},{"floor":8.0,"key":"Happy Flower"},{"floor":9.0,"key":"Smiling Mask"},{"floor":13.0,"key":"Singing Bowl"},{"floor":23.0,"key":"Ancient Tea Set"},{"floor":26.0,"key":"Bag of Marbles"},{"floor":27.0,"key":"StoneCalendar"},{"floor":41.0,"key":"MawBank"},{"floor":45.0,"key":"Incense Burner"},{"floor":48.0,"key":"Mango"},{"floor":55.0,"key":"Art of War"}],"event_choices":[{"damage_healed":0.0,"max_hp_gain":0.0,"max_hp_loss":0.0,"gold_gain":0.0,"event_name":"Scrap Ooze","player_choice":"Success","floor":2.0,"gold_loss":0.0,"damage_taken":11.0,"relics_obtained":["Vajra"]},{"cards_removed":["Whirlwind"],"damage_healed":61.0,"max_hp_gain":0.0,"max_hp_loss":0.0,"gold_gain":0.0,"event_name":"Bonfire Elementals","player_choice":"Offered Uncommon","floor":10.0,"gold_loss":0.0,"damage_taken":0.0},{"damage_healed":0.0,"max_hp_gain":5.0,"max_hp_loss":0.0,"gold_gain":0.0,"event_name":"Forgotten Altar","player_choice":"Shed Blood","floor":19.0,"gold_loss":0.0,"damage_taken":25.0},{"damage_healed":0.0,"max_hp_gain":0.0,"max_hp_loss":0.0,"gold_gain":0.0,"event_name":"Vampires","player_choice":"Ignored","floor":20.0,"gold_loss":0.0,"damage_taken":0.0},{"damage_healed":0.0,"max_hp_gain":0.0,"max_hp_loss":0.0,"gold_gain":0.0,"event_name":"The Library","player_choice":"Read","floor":22.0,"gold_loss":0.0,"damage_taken":0.0,"cards_obtained":["Battle Trance"]},{"damage_healed":0.0,"max_hp_gain":0.0,"max_hp_loss":0.0,"gold_gain":0.0,"event_name":"Ghosts","player_choice":"Ignored","floor":24.0,"gold_loss":0.0,"damage_taken":0.0},{"damage_healed":0.0,"max_hp_gain":0.0,"max_hp_loss":0.0,"gold_gain":0.0,"event_name":"Match and Keep!","player_choice":"0 cards matched","floor":36.0,"gold_loss":0.0,"damage_taken":0.0,"cards_obtained":[]},{"damage_healed":0.0,"max_hp_gain":0.0,"max_hp_loss":5.0,"gold_gain":0.0,"event_name":"Winding Halls","player_choice":"Max HP","floor":42.0,"gold_loss":0.0,"damage_taken":0.0},{"damage_healed":0.0,"max_hp_gain":0.0,"max_hp_loss":0.0,"gold_gain":0.0,"event_name":"Tomb of Lord Red Mask","player_choice":"Ignored","floor":46.0,"gold_loss":0.0,"damage_taken":0.0},{"cards_removed":["Bash"],"damage_healed":0.0,"max_hp_gain":0.0,"max_hp_loss":0.0,"gold_gain":0.0,"event_name":"Purifier","player_choice":"Purged","floor":47.0,"gold_loss":0.0,"damage_taken":0.0}],"is_beta":false,"boss_relics":[{"not_picked":["Mark of Pain","Snecko Eye"],"picked":"Lizard Tail"},{"not_picked":["Velvet Choker","Eternal Feather"],"picked":"Pandora\u0027s Box"}],"items_purged_floors":[7,21,28,54],"is_endless":false,"potions_floor_spawned":[5,6,8,12,14,16,27,31,33,37,45,48,55],"ascension_level":20}