{"gold_per_floor":[118,128,144,157,173,173,173,205,278,278,308,14,26,43,43,114,114,129,129,141,141,141,173,173,201,201,201,232,248,283,303,303,303],"floor_reached":33,"playtime":927,"items_purged":[],"score":874,"play_id":"6766fd41-0f97-488a-b746-b506c42cf815","local_time":"20190506013202","is_ascension_mode":true,"campfire_choices":[{"data":"Perfected Strike","floor":6.0,"key":"SMITH"},{"data":"Offering","floor":10.0,"key":"SMITH"},{"data":"1","floor":15.0,"key":"LIFT"},{"floor":32,"key":"REST"}],"neow_cost":"","seed_source_timestamp":24945062273200,"circlet_count":0,"master_deck":["Defend_G+1","Defend_G+1","Defend_G+1","Strike_G+1","Strike_G+1","Strike_G+1","Defend_R+1","Defend_R+1","Defend_R+1","Bash","Strike_R+1","Strike_R+1","Strike_R+1","Strike_R+1","Defend_B+1","Defend_B+1","Defend_B+1","Strike_B+1","Strike_B+1","Strike_B+1","Ghostly Armor","Pommel Strike","Perfected Strike+1","Carnage","Perfected Strike","Offering+1","Twin Strike","Shrug It Off+1","Apotheosis+1","Twin Strike","Pommel Strike","Uppercut","Reaper","Pommel Strike","True Grit+1","Twin Strike","Perfected Strike","Warcry+1","Seeing Red+1","Ghostly Armor+1","Shockwave+1","Warcry+1","Infernal Blade+1","True Grit+1","Perfected Strike","True Grit+1","Uppercut"],"special_seed":0,"relics":["Burning Blood","Magic Flower","Toxic Egg 2","Girya","Orrery","Omamori","Oddly Smooth Stone","Bottled Flame","Matryoshka","Paper Frog"],"potions_floor_usage":[31,33],"damage_taken":[{"damage":23.0,"enemies":"Jaw Worm","floor":1.0,"turns":7.0},{"damage":1.0,"enemies":"Cultist","floor":2.0,"turns":4.0},{"damage":0.0,"enemies":"2 Louse","floor":3.0,"turns":4.0},{"damage":9.0,"enemies":"Large Slime","floor":4.0,"turns":6.0},{"damage":4.0,"enemies":"2 Fungi Beasts","floor":5.0,"turns":3.0},{"damage":13.0,"enemies":"Lagavulin","floor":8.0,"turns":5.0},{"damage":6.0,"enemies":"Gremlin Nob","floor":11.0,"turns":2.0},{"damage":6.0,"enemies":"Exordium Wildlife","floor":13.0,"turns":2.0},{"damage":12.0,"enemies":"3 Louse","floor":14.0,"turns":4.0},{"damage":6.0,"enemies":"Slime Boss","floor":16.0,"turns":3.0},{"damage":15.0,"enemies":"3 Byrds","floor":18.0,"turns":6.0},{"damage":2.0,"enemies":"Chosen","floor":20.0,"turns":3.0},{"damage":25.0,"enemies":"Slavers","floor":23.0,"turns":6.0},{"damage":27.0,"enemies":"Gremlin Leader","floor":25.0,"turns":4.0},{"damage":20.0,"enemies":"Slavers","floor":28.0,"turns":3.0},{"damage":6.0,"enemies":"Shelled Parasite and Fungi","floor":29.0,"turns":2.0},{"damage":44,"enemies":"Gremlin Leader","floor":30,"turns":8},{"damage":6,"enemies":"3 Cultists","floor":31,"turns":2},{"damage":58,"enemies":"Collector","floor":33,"turns":8}],"seed_played":"-7703731822762051098","potions_obtained":[{"floor":4.0,"key":"Block Potion"},{"floor":5.0,"key":"Weak Potion"},{"floor":13.0,"key":"Block Potion"},{"floor":16.0,"key":"Block Potion"},{"floor":28.0,"key":"Dexterity Potion"},{"floor":30,"key":"AttackPotion"}],"is_trial":true,"path_per_floor":["M","M","M","M","M","R","?","E","T","R","E","$","M","M","R","B",null,"M","?","M","T","?","E","?","E","T","?","E","M","E","M","R","B"],"character_chosen":"IRONCLAD","items_purchased":["Shrug It Off+1","Apotheosis+1","Twin Strike"],"campfire_rested":1,"item_purchase_floors":[12,12,12],"current_hp_per_floor":[51,56,62,59,61,61,61,54,54,54,57,57,60,57,57,60,71,73,73,75,75,75,59,59,73,73,73,62,65,30,33,55,0],"gold":303,"neow_bonus":"","is_prod":false,"is_daily":false,"chose_seed":false,"campfire_upgraded":2,"win_rate":0,"timestamp":1557073922,"path_taken":["M","M","M","M","M","R","?","E","T","R","E","?","M","M","R","BOSS","M","?","M","?","?","E","?","E","T","?","E","?","E","M","R","BOSS"],"build_version":"2019-01-23","purchased_purges":0,"victory":false,"max_hp_per_floor":[75,75,75,75,75,75,75,75,75,75,75,75,75,75,75,75,75,75,75,75,75,75,75,75,75,75,75,75,75,75,75,75,75],"card_choices":[{"not_picked":["Flex","Clash"],"picked":"Ghostly Armor","floor":1.0},{"not_picked":["Heavy Blade","Warcry"],"picked":"Pommel Strike","floor":2.0},{"not_picked":["Clash","Infernal Blade"],"picked":"Perfected Strike","floor":3.0},{"not_picked":["Thunderclap","Iron Wave"],"picked":"Carnage","floor":4.0},{"not_picked":["True Grit","Havoc"],"picked":"Perfected Strike","floor":5.0},{"not_picked":["Twin Strike","Clothesline"],"picked":"Offering","floor":8.0},{"not_picked":["Anger","Searing Blow"],"picked":"Twin Strike","floor":11.0},{"not_picked":["Twin Strike","Shrug It Off+1"],"picked":"Pommel Strike","floor":13.0},{"not_picked":["Blood for Blood","Anger"],"picked":"Uppercut","floor":14.0},{"not_picked":["Barricade","Demon Form"],"picked":"Reaper","floor":16.0},{"not_picked":["Sever Soul","Flex+1"],"picked":"Pommel Strike","floor":17.0},{"not_picked":["Clash","Havoc+1"],"picked":"True Grit+1","floor":17.0},{"not_picked":["Armaments+1","Sword Boomerang"],"picked":"Twin Strike","floor":17.0},{"not_picked":["Warcry+1","Shockwave+1"],"picked":"Perfected Strike","floor":17.0},{"not_picked":["Reckless Charge","Armaments+1"],"picked":"Warcry+1","floor":17.0},{"not_picked":["Flex+1","Warcry+1"],"picked":"Seeing Red+1","floor":18.0},{"not_picked":["Spot Weakness+1","Fire Breathing+1"],"picked":"Shockwave+1","floor":20.0},{"not_picked":["Pummel","Berserk"],"picked":"Warcry+1","floor":23.0},{"not_picked":["Thunderclap","Inflame"],"picked":"Infernal Blade+1","floor":25.0},{"not_picked":["Cleave","Iron Wave"],"picked":"True Grit+1","floor":28.0},{"not_picked":["Heavy Blade","Pommel Strike"],"picked":"Perfected Strike","floor":29.0},{"not_picked":["Juggernaut","Heavy Blade"],"picked":"True Grit+1","floor":30},{"not_picked":["Blood for Blood","Anger"],"picked":"Uppercut","floor":31}],"player_experience":4923203,"relics_obtained":[{"floor":8.0,"key":"Magic Flower"},{"floor":9.0,"key":"Toxic Egg 2"},{"floor":11.0,"key":"Girya"},{"floor":23.0,"key":"Omamori"},{"floor":25.0,"key":"Oddly Smooth Stone"},{"floor":26.0,"key":"Bottled Flame"},{"floor":28.0,"key":"Matryoshka"},{"floor":30,"key":"Paper Frog"}],"event_choices":[{"cards_removed":["Defend_R"],"damage_healed":0.0,"max_hp_gain":0.0,"max_hp_loss":0.0,"gold_gain":0.0,"event_name":"Bonfire Elementals","player_choice":"Offered Basic","floor":7.0,"gold_loss":0.0,"damage_taken":0.0},{"damage_healed":0.0,"max_hp_gain":0.0,"max_hp_loss":0.0,"gold_gain":0.0,"event_name":"The Library","player_choice":"Read","floor":19.0,"gold_loss":0.0,"damage_taken":0.0,"cards_obtained":["Ghostly Armor"]},{"damage_healed":0.0,"max_hp_gain":0.0,"max_hp_loss":0.0,"gold_gain":0.0,"event_name":"Vampires","player_choice":"Ignored","floor":22.0,"gold_loss":0.0,"damage_taken":0.0},{"damage_healed":0.0,"max_hp_gain":0.0,"max_hp_loss":0.0,"gold_gain":0.0,"event_name":"Forgotten Altar","player_choice":"Smashed Altar","floor":24.0,"gold_loss":0.0,"damage_taken":0.0,"cards_obtained":["Decay"]},{"damage_healed":0.0,"max_hp_gain":0.0,"max_hp_loss":0.0,"gold_gain":0.0,"event_name":"Back to Basics","player_choice":"Simplicity","floor":27.0,"gold_loss":0.0,"damage_taken":0.0,"cards_upgraded":["Defend_G","Defend_G","Defend_G","Strike_G","Strike_G","Strike_G","Defend_R","Defend_R","Defend_R","Strike_R","Strike_R","Strike_R","Strike_R","Defend_B","Defend_B","Defend_B","Strike_B","Strike_B","Strike_B"]}],"is_beta":false,"boss_relics":[{"not_picked":["Runic Dome","Philosopher\u0027s Stone"],"picked":"Orrery"}],"items_purged_floors":[],"is_endless":false,"potions_floor_spawned":[4,5,13,16,20,28,30],"killed_by":"Collector","ascension_level":20}