{"gold_per_floor":[116,133,150,150,165,194,211,245,245,258,258,284,284,298,298,374,374,388,388,401,42,55,55,68,68,123,123,23,36,54,132,132,205,205,217,217,92,105,122,122,455,465,465,476,476,510,510,510,510,510,510,510,510,88,113,113],"floor_reached":57,"playtime":2095,"items_purged":["Strike_R","Strike_R","Strike_R","Strike_R"],"score":2947,"play_id":"e344030a-e5d1-4de7-93ef-4c214d249615","local_time":"20190509014249","is_ascension_mode":true,"campfire_choices":[{"data":"Body Slam","floor":13,"key":"SMITH"},{"data":"Flex","floor":15,"key":"SMITH"},{"data":"Barricade","floor":23,"key":"SMITH"},{"data":"Shrug It Off","floor":25,"key":"SMITH"},{"data":"Body Slam","floor":32,"key":"SMITH"},{"data":"Entrench","floor":40,"key":"SMITH"},{"data":"Offering","floor":45,"key":"SMITH"},{"data":"Evolve","floor":47,"key":"SMITH"},{"floor":49,"key":"RECALL"},{"data":"Offering","floor":53,"key":"SMITH"}],"neow_cost":"NONE","seed_source_timestamp":285139855386300,"circlet_count":0,"master_deck":["AscendersBane","Defend_R","Defend_R","Defend_R","Defend_R","Bash","Battle Trance","Rage+1","Sword Boomerang","Sword Boomerang","Flex+1","Evolve+1","Impervious","Body Slam+1","Barricade+1","Clothesline+1","Inflame","Shrug It Off+1","Juggernaut","Body Slam+1","Offering+1","Entrench+1","Offering+1","Entrench+1"],"relics":["Burning Blood","Pen Nib","FossilizedHelix","Strawberry","Dream Catcher","Coffee Dripper","Ginger","Pantograph","Anchor","Mummified Hand","Black Star","Letter Opener","Old Coin","Molten Egg 2","Self Forming Clay","Bottled Tornado","ClockworkSouvenir","Bag of Preparation","Centennial Puzzle"],"potions_floor_usage":[5,6,12,16,29,33,42,50,56,56],"damage_taken":[{"damage":7,"enemies":"Jaw Worm","floor":1,"turns":3},{"damage":0,"enemies":"Cultist","floor":2,"turns":2},{"damage":0,"enemies":"2 Louse","floor":3,"turns":3},{"damage":20,"enemies":"Gremlin Gang","floor":5,"turns":6},{"damage":30,"enemies":"Lagavulin","floor":6,"turns":7},{"damage":0,"enemies":"Looter","floor":7,"turns":2},{"damage":23,"enemies":"Gremlin Nob","floor":8,"turns":4},{"damage":4,"enemies":"Red Slaver","floor":10,"turns":3},{"damage":25,"enemies":"3 Sentries","floor":12,"turns":9},{"damage":3,"enemies":"Large Slime","floor":14,"turns":6},{"damage":24,"enemies":"Hexaghost","floor":16,"turns":11},{"damage":16,"enemies":"Shell Parasite","floor":18,"turns":6},{"damage":15,"enemies":"2 Thieves","floor":20,"turns":5},{"damage":0,"enemies":"Snecko","floor":22,"turns":5},{"damage":0,"enemies":"Centurion and Healer","floor":24,"turns":5},{"damage":23,"enemies":"3 Cultists","floor":29,"turns":4},{"damage":5,"enemies":"Sentry and Sphere","floor":30,"turns":6},{"damage":24,"enemies":"Automaton","floor":33,"turns":8},{"damage":0,"enemies":"3 Darklings","floor":35,"turns":5},{"damage":0,"enemies":"Orb Walker","floor":38,"turns":2},{"damage":0,"enemies":"3 Darklings","floor":39,"turns":5},{"damage":6,"enemies":"Nemesis","floor":41,"turns":9},{"damage":6,"enemies":"Sphere and 2 Shapes","floor":42,"turns":3},{"damage":35,"enemies":"Jaw Worm Horde","floor":44,"turns":4},{"damage":0,"enemies":"Giant Head","floor":46,"turns":5},{"damage":15,"enemies":"Donu and Deca","floor":50,"turns":10},{"damage":12,"enemies":"Time Eater","floor":51,"turns":6},{"damage":6,"enemies":"Shield and Spear","floor":55,"turns":3},{"damage":6,"enemies":"The Heart","floor":56,"turns":13}],"seed_played":"2741109869778161451","potions_obtained":[{"floor":3,"key":"Fire Potion"},{"floor":5,"key":"Regen Potion"},{"floor":8,"key":"Dexterity Potion"},{"floor":10,"key":"SkillPotion"},{"floor":20,"key":"Explosive Potion"},{"floor":30,"key":"PowerPotion"},{"floor":39,"key":"Energy Potion"},{"floor":42,"key":"Fruit Juice"},{"floor":46,"key":"SneckoOil"}],"is_trial":false,"path_per_floor":["M","M","M","?","M","E","M","E","T","M","?","E","R","M","R","B",null,"M","?","M","$","M","R","M","R","T","?","$","M","M","T","R","B",null,"M","?","$","M","M","R","E","M","T","M","R","E","R","?","R","B","B",null,"R","$","E","B",null],"character_chosen":"IRONCLAD","items_purchased":["Pantograph","ClockworkSouvenir","SpeedPotion"],"campfire_rested":0,"item_purchase_floors":[21,54,54],"current_hp_per_floor":[67,73,75,75,61,52,58,48,48,50,43,24,24,27,27,9,64,54,54,45,45,51,51,57,57,57,33,33,16,17,17,17,24,71,77,77,77,83,87,87,87,92,92,63,63,69,69,69,69,83,86,91,91,91,91,92],"gold":113,"neow_bonus":"RANDOM_COMMON_RELIC","is_prod":false,"is_daily":false,"chose_seed":false,"campfire_upgraded":9,"win_rate":0,"timestamp":1557333769,"path_taken":["M","M","M","?","M","E","M","E","T","?","?","E","R","M","R","BOSS","M","?","M","?","M","R","M","R","T","?","$","M","M","?","R","BOSS","M","?","$","M","?","R","E","M","T","M","R","E","R","?","R","BOSS","BOSS","R","$","E","BOSS"],"build_version":"2019-01-23","purchased_purges":4,"victory":true,"max_hp_per_floor":[75,75,75,75,75,75,75,82,82,82,82,82,82,82,82,82,82,82,82,82,82,82,82,82,82,82,87,87,87,87,87,87,87,87,87,87,87,87,87,87,87,92,92,92,92,92,92,92,92,92,92,92,92,92,92,92],"card_choices":[{"not_picked":["Cleave","Armaments"],"picked":"Battle Trance","floor":1},{"not_picked":["Iron Wave","Warcry"],"picked":"Rage","floor":2},{"not_picked":["Headbutt","Burning Pact"],"picked":"Sword Boomerang","floor":3},{"not_picked":["Rupture","Pommel Strike"],"picked":"Sword Boomerang","floor":5},{"not_picked":["Heavy Blade","True Grit"],"picked":"Flex","floor":6},{"not_picked":["Warcry","Uppercut"],"picked":"Evolve","floor":7},{"not_picked":["Burning Pact","Sever Soul"],"picked":"Impervious","floor":8},{"not_picked":["Wild Strike","Clash"],"picked":"Body Slam","floor":10},{"not_picked":["Entrench","Warcry","Blood for Blood"],"picked":"SKIP","floor":12},{"not_picked":["Carnage","Headbutt","Dropkick"],"picked":"SKIP","floor":14},{"not_picked":["Offering","Exhume"],"picked":"Barricade","floor":16},{"not_picked":["Twin Strike","Havoc","Infernal Blade"],"picked":"SKIP","floor":18},{"not_picked":["Hemokinesis","Anger"],"picked":"Clothesline+1","floor":20},{"not_picked":["Warcry","Thunderclap"],"picked":"Inflame","floor":22},{"not_picked":["Infernal Blade+1","Burning Pact"],"picked":"Shrug It Off","floor":24},{"not_picked":["Clothesline","Twin Strike"],"picked":"Juggernaut","floor":29},{"not_picked":["Uppercut","Anger"],"picked":"Body Slam","floor":30},{"not_picked":["Double Tap","Reaper"],"picked":"Offering","floor":33},{"not_picked":["Intimidate","Fire Breathing"],"picked":"Entrench","floor":35},{"not_picked":["Body Slam","Shockwave","Iron Wave"],"picked":"SKIP","floor":38},{"not_picked":["Clothesline","Battle Trance","Iron Wave"],"picked":"SKIP","floor":39},{"not_picked":["Shockwave","Bludgeon","Shrug It Off"],"picked":"SKIP","floor":41},{"not_picked":["Perfected Strike","Sword Boomerang+1","Wild Strike"],"picked":"SKIP","floor":42},{"not_picked":["Body Slam+1","Flex","Clash+1"],"picked":"SKIP","floor":44},{"not_picked":["Body Slam+1","Flex","Clash+1"],"picked":"SKIP","floor":44},{"not_picked":["Fire Breathing+1","Heavy Blade+1"],"picked":"Offering","floor":46},{"not_picked":["Whirlwind+1","Pommel Strike+1","Armaments"],"picked":"SKIP","floor":55}],"player_experience":4953848,"relics_obtained":[{"floor":6,"key":"FossilizedHelix"},{"floor":8,"key":"Strawberry"},{"floor":12,"key":"Dream Catcher"},{"floor":19,"key":"Ginger"},{"floor":26,"key":"Anchor"},{"floor":31,"key":"Mummified Hand"},{"floor":41,"key":"Letter Opener"},{"floor":41,"key":"Old Coin"},{"floor":43,"key":"Molten Egg 2"},{"floor":46,"key":"Self Forming Clay"},{"floor":46,"key":"Bottled Tornado"},{"floor":55,"key":"Bag of Preparation"},{"floor":55,"key":"Centennial Puzzle"}],"event_choices":[{"damage_healed":0,"gold_gain":0,"player_choice":"Forge","damage_taken":0,"max_hp_gain":0,"max_hp_loss":0,"event_name":"Accursed Blacksmith","floor":4,"gold_loss":0,"cards_upgraded":["Rage"]},{"cards_removed":["Strike_R"],"damage_healed":0,"gold_gain":0,"player_choice":"Card Removal","damage_taken":7,"max_hp_gain":0,"max_hp_loss":0,"event_name":"Golden Wing","floor":11,"gold_loss":0},{"damage_healed":0,"gold_gain":0,"player_choice":"Relic","damage_taken":0,"max_hp_gain":0,"max_hp_loss":0,"event_name":"Wheel of Change","floor":19,"gold_loss":0},{"damage_healed":0,"gold_gain":0,"player_choice":"Shed Blood","damage_taken":29,"max_hp_gain":5,"max_hp_loss":0,"event_name":"Forgotten Altar","floor":27,"gold_loss":0},{"damage_healed":0,"gold_gain":0,"player_choice":"Ignored","damage_taken":0,"max_hp_gain":0,"max_hp_loss":0,"event_name":"WeMeetAgain","floor":36,"gold_loss":0},{"damage_healed":0,"gold_gain":0,"player_choice":"Copied","damage_taken":0,"max_hp_gain":0,"max_hp_loss":0,"event_name":"Duplicator","floor":48,"gold_loss":0,"cards_obtained":["Entrench"]}],"is_beta":false,"boss_relics":[{"not_picked":["Eternal Feather","Runic Pyramid"],"picked":"Coffee Dripper"},{"not_picked":["Busted Crown","Velvet Choker"],"picked":"Black Star"}],"items_purged_floors":[21,28,37,54],"is_endless":false,"potions_floor_spawned":[3,5,8,10,20,30,39,42,46],"ascension_level":20}