{"gold_per_floor":[118,118,118,43,43,87,87,111,138,174,8,24,24,44,44,140,140,164,177,177,177,177,177,177],"floor_reached":24,"playtime":501,"items_purged":[],"score":454,"play_id":"bcddc4e5-3ef9-42ae-b2a0-c9671e8e1627","local_time":"20190524000644","is_ascension_mode":true,"campfire_choices":[{"data":"Crippling Poison","floor":7,"key":"SMITH"},{"data":"Dagger Spray","floor":13,"key":"SMITH"},{"data":"Catalyst","floor":15,"key":"SMITH"},{"data":"Deadly Poison","floor":23,"key":"SMITH"}],"neow_cost":"NONE","seed_source_timestamp":0,"circlet_count":0,"master_deck":["AscendersBane","Defend_G","Defend_G+1","Defend_G+1","Defend_G+1","Strike_G","Strike_G","Strike_G","Strike_G","Strike_G","Survivor+1","Neutralize","Caltrops","Crippling Poison+1","Predator","Dagger Spray+1","Deadly Poison+1","Catalyst+1","Corpse Explosion","Masterful Stab+1","Catalyst+1"],"special_seed":0,"relics":["Ring of the Snake","NeowsBlessing","Golden Idol","PreservedInsect","Snake Skull","War Paint","Oddly Smooth Stone","Coffee Dripper"],"potions_floor_usage":[10,14,16],"damage_taken":[{"damage":0.0,"enemies":"Jaw Worm","floor":1.0,"turns":1.0},{"damage":0,"enemies":"Gremlin Nob","floor":6,"turns":1},{"damage":0,"enemies":"Small Slimes","floor":8,"turns":1},{"damage":7,"enemies":"Lagavulin","floor":10,"turns":4},{"damage":0,"enemies":"2 Louse","floor":12,"turns":1},{"damage":5,"enemies":"Large Slime","floor":14,"turns":6},{"damage":12,"enemies":"Slime Boss","floor":16,"turns":9},{"damage":0,"enemies":"3 Byrds","floor":18,"turns":2},{"damage":18,"enemies":"Chosen","floor":19,"turns":3},{"damage":36,"enemies":"Sentry and Sphere","floor":24,"turns":6}],"seed_played":"2517840149539858848","potions_obtained":[{"floor":1.0,"key":"Ancient Potion"},{"floor":8,"key":"Poison Potion"},{"floor":10,"key":"AttackPotion"},{"floor":12,"key":"Explosive Potion"}],"is_trial":false,"path_per_floor":["M","?","?","?","?","E","R","M","T","E","$","M","R","M","R","B",null,"M","M","?","?","?","R","M"],"character_chosen":"THE_SILENT","items_purchased":["Oddly Smooth Stone"],"campfire_rested":0,"item_purchase_floors":[11],"current_hp_per_floor":[59,39,39,39,39,39,39,39,39,32,32,32,32,27,27,15,49,49,31,31,31,31,31,0],"gold":177,"neow_bonus":"THREE_ENEMY_KILL","is_prod":false,"is_daily":false,"chose_seed":false,"campfire_upgraded":4,"win_rate":0,"timestamp":1558624004,"path_taken":["M","?","?","?","?","E","R","M","T","E","$","M","R","M","R","BOSS","M","M","?","?","?","R","M"],"build_version":"2019-01-23","purchased_purges":0,"victory":false,"max_hp_per_floor":[66,66,60,60,60,60,60,60,60,60,60,60,60,60,60,60,60,60,60,60,60,60,60,60],"card_choices":[{"not_picked":["Eviscerate","Prepared"],"picked":"Caltrops","floor":1.0},{"not_picked":["Catalyst","Underhanded Strike"],"picked":"Crippling Poison","floor":6},{"not_picked":["Cloak And Dagger","Quick Slash"],"picked":"Predator","floor":8},{"not_picked":["Caltrops","Eviscerate"],"picked":"Dagger Spray","floor":10},{"not_picked":["PiercingWail","Footwork"],"picked":"Deadly Poison","floor":12},{"not_picked":["Calculated Gamble","Setup"],"picked":"Catalyst","floor":14},{"not_picked":["Venomology","Die Die Die"],"picked":"Corpse Explosion","floor":16},{"not_picked":["Quick Slash","Deadly Poison","Masterful Stab"],"picked":"SKIP","floor":18},{"not_picked":["Dodge and Roll","Underhanded Strike"],"picked":"Masterful Stab+1","floor":19}],"player_experience":5120625,"relics_obtained":[{"floor":6,"key":"PreservedInsect"},{"floor":9,"key":"Snake Skull"},{"floor":10,"key":"War Paint"}],"event_choices":[{"damage_healed":0,"gold_gain":0,"player_choice":"Entered Light","damage_taken":20,"max_hp_gain":0,"max_hp_loss":0,"event_name":"Shining Light","floor":2,"gold_loss":0,"cards_upgraded":["Defend_G","Survivor"]},{"damage_healed":0,"gold_gain":0,"player_choice":"Lose Max HP","damage_taken":0,"relics_obtained":["Golden Idol"],"max_hp_gain":0,"max_hp_loss":6,"event_name":"Golden Idol","floor":3,"gold_loss":0},{"cards_removed":["Defend_G"],"damage_healed":0,"gold_gain":0,"player_choice":"Card Removal","damage_taken":0,"max_hp_gain":0,"max_hp_loss":0,"event_name":"The Cleric","floor":4,"gold_loss":75},{"damage_healed":0,"gold_gain":0,"player_choice":"Ignored","damage_taken":0,"max_hp_gain":0,"max_hp_loss":0,"event_name":"Liars Game","floor":5,"gold_loss":0},{"damage_healed":0,"gold_gain":0,"player_choice":"Ignored","damage_taken":0,"max_hp_gain":0,"max_hp_loss":0,"event_name":"The Mausoleum","floor":20,"gold_loss":0},{"damage_healed":0,"gold_gain":0,"player_choice":"Ignored","damage_taken":0,"max_hp_gain":0,"max_hp_loss":0,"event_name":"Cursed Tome","floor":21,"gold_loss":0},{"damage_healed":0,"gold_gain":0,"player_choice":"Copied","damage_taken":0,"max_hp_gain":0,"max_hp_loss":0,"event_name":"Duplicator","floor":22,"gold_loss":0,"cards_obtained":["Catalyst"]}],"is_beta":false,"boss_relics":[{"not_picked":["Runic Dome","Ring of the Serpent"],"picked":"Coffee Dripper"}],"items_purged_floors":[],"is_endless":false,"potions_floor_spawned":[1,8,10,12],"killed_by":"Sentry and Sphere","ascension_level":20}