{"gold_per_floor":[117,130,146,146,160,160,192,205,205,217,228,228,240,3,3,76,76,94,94],"floor_reached":19,"playtime":817,"items_purged":["Strike_R"],"score":346,"play_id":"7cfc7f95-425c-4199-b676-167f59cc3c3f","local_time":"20190504033048","is_ascension_mode":true,"campfire_choices":[{"data":"True Grit","floor":6.0,"key":"SMITH"},{"data":"Rampage","floor":12.0,"key":"SMITH"},{"data":"Demon Form","floor":15.0,"key":"SMITH"}],"neow_cost":"TEN_PERCENT_HP_LOSS","seed_source_timestamp":1124315074503199,"circlet_count":0,"master_deck":["AscendersBane","Strike_R","Strike_R","Strike_R","Strike_R","Defend_R","Defend_R","Defend_R","Defend_R","Bash+1","Headbutt","Rampage+1","Dropkick","True Grit+1","Evolve","Demon Form+1","Reaper","Battle Trance","Second Wind","Sword Boomerang","Inflame+1"],"special_seed":0,"relics":["Burning Blood","Ginger","Bottled Lightning","Paper Frog","Oddly Smooth Stone","Orrery"],"potions_floor_usage":[18],"damage_taken":[{"damage":1.0,"enemies":"Cultist","floor":1.0,"turns":3.0},{"damage":8.0,"enemies":"2 Louse","floor":2.0,"turns":4.0},{"damage":9.0,"enemies":"Small Slimes","floor":3.0,"turns":4.0},{"damage":23.0,"enemies":"3 Louse","floor":5.0,"turns":4.0},{"damage":26.0,"enemies":"Lagavulin","floor":7.0,"turns":5.0},{"damage":2.0,"enemies":"Looter","floor":8.0,"turns":2.0},{"damage":8.0,"enemies":"Exordium Thugs","floor":10.0,"turns":5.0},{"damage":11.0,"enemies":"Blue Slaver","floor":11.0,"turns":4.0},{"damage":12.0,"enemies":"Large Slime","floor":13.0,"turns":4.0},{"damage":16.0,"enemies":"Hexaghost","floor":16.0,"turns":8.0},{"damage":55,"enemies":"3 Byrds","floor":18,"turns":8},{"damage":45,"enemies":"Shell Parasite","floor":19,"turns":5}],"seed_played":"7633860571613221775","potions_obtained":[{"floor":7.0,"key":"AttackPotion"},{"floor":8.0,"key":"Weak Potion"},{"floor":10.0,"key":"SteroidPotion"}],"is_trial":false,"path_per_floor":["M","M","M","?","M","R","E","M","T","M","M","R","M","$","R","B",null,"M","M"],"character_chosen":"IRONCLAD","items_purchased":["Oddly Smooth Stone"],"campfire_rested":0,"item_purchase_floors":[14],"current_hp_per_floor":[68,66,63,63,46,46,26,30,30,28,23,23,17,17,17,7,53,20,0],"gold":94,"neow_bonus":"ONE_RARE_RELIC","is_prod":false,"is_daily":false,"chose_seed":false,"campfire_upgraded":3,"win_rate":0,"timestamp":1556908248,"path_taken":["M","M","M","?","M","R","E","?","T","M","M","R","M","?","R","BOSS","M","M"],"build_version":"2019-01-23","purchased_purges":1,"victory":false,"max_hp_per_floor":[68,68,68,68,68,68,68,68,68,68,68,68,68,68,68,68,68,68,68],"card_choices":[{"not_picked":["Clothesline","Thunderclap"],"picked":"Headbutt","floor":1.0},{"not_picked":["Shrug It Off","Disarm"],"picked":"Rampage","floor":2.0},{"not_picked":["Sword Boomerang","Wild Strike"],"picked":"Dropkick","floor":3.0},{"not_picked":["Flex","Armaments"],"picked":"True Grit","floor":5.0},{"not_picked":["Wild Strike","Heavy Blade","Clothesline"],"picked":"SKIP","floor":7.0},{"not_picked":["Wild Strike","Heavy Blade","Clothesline"],"picked":"SKIP","floor":7.0},{"not_picked":["Clothesline","Heavy Blade"],"picked":"Evolve","floor":8.0},{"not_picked":["Thunderclap","Havoc","Heavy Blade"],"picked":"SKIP","floor":10.0},{"not_picked":["Thunderclap","Rupture","Perfected Strike"],"picked":"SKIP","floor":11.0},{"not_picked":["Seeing Red","Hemokinesis"],"picked":"Demon Form","floor":13.0},{"not_picked":["Berserk","Offering"],"picked":"Reaper","floor":16.0},{"not_picked":["Anger","Pommel Strike"],"picked":"Battle Trance","floor":17.0},{"not_picked":["Shrug It Off","Wild Strike"],"picked":"Second Wind","floor":17.0},{"not_picked":["Cleave","Pommel Strike"],"picked":"Sword Boomerang","floor":17.0},{"not_picked":["Dual Wield","Armaments"],"picked":"Inflame+1","floor":18}],"player_experience":4909763,"relics_obtained":[{"floor":7.0,"key":"Bottled Lightning"},{"floor":9.0,"key":"Paper Frog"}],"event_choices":[{"damage_healed":0.0,"max_hp_gain":0.0,"max_hp_loss":0.0,"gold_gain":0.0,"event_name":"Upgrade Shrine","player_choice":"Upgraded","floor":4.0,"gold_loss":0.0,"damage_taken":0.0,"cards_upgraded":["Bash"]}],"is_beta":false,"boss_relics":[{"not_picked":["Fusion Hammer","Runic Cube"],"picked":"Orrery"}],"items_purged_floors":[14],"is_endless":false,"potions_floor_spawned":[7,8,10,13],"killed_by":"Shell Parasite","ascension_level":20}