{"gold_per_floor":[109,120,120,132,145,145,158,158,212,212,224,255,255,286,286,286],"floor_reached":16,"playtime":321,"items_purged":[],"score":224,"play_id":"ac0e87f0-fc35-4cdd-b2cc-aecce3033ad9","local_time":"20190513004333","is_ascension_mode":true,"campfire_choices":[{"floor":6,"key":"REST"},{"data":"Neutralize","floor":8,"key":"SMITH"},{"data":"Dagger Spray","floor":10,"key":"SMITH"},{"data":"Venomology","floor":15,"key":"SMITH"}],"neow_cost":"NONE","seed_source_timestamp":628981980388700,"circlet_count":0,"master_deck":["AscendersBane","Defend_G","Defend_G","Defend_G","Defend_G","Defend_G","Strike_G","Strike_G","Strike_G","Strike_G","Strike_G","Survivor+1","Neutralize+1","Flying Knee","Predator+1","Dagger Throw","Backflip","Dagger Spray+1","Venomology+1","Concentrate+1","After Image"],"relics":["Ring of the Snake","Bag of Preparation","Blue Candle","Boot"],"potions_floor_usage":[12,16,16,16],"damage_taken":[{"damage":1,"enemies":"Small Slimes","floor":1,"turns":5},{"damage":1,"enemies":"Jaw Worm","floor":2,"turns":4},{"damage":0,"enemies":"Cultist","floor":4,"turns":3},{"damage":17,"enemies":"Exordium Thugs","floor":5,"turns":5},{"damage":7,"enemies":"Gremlin Gang","floor":7,"turns":7},{"damage":0,"enemies":"2 Fungi Beasts","floor":11,"turns":2},{"damage":6,"enemies":"Gremlin Nob","floor":12,"turns":3},{"damage":10,"enemies":"3 Sentries","floor":14,"turns":6},{"damage":14,"enemies":"Slime Boss","floor":16,"turns":6}],"seed_played":"6681196053320581448","potions_obtained":[{"floor":1,"key":"SteroidPotion"},{"floor":7,"key":"SteroidPotion"},{"floor":12,"key":"LiquidBronze"}],"is_trial":false,"path_per_floor":["M","M","?","M","M","R","M","R","T","R","M","E","?","E","R","B"],"character_chosen":"THE_SILENT","items_purchased":[],"campfire_rested":1,"item_purchase_floors":[],"current_hp_per_floor":[64,63,41,41,24,45,38,38,38,38,38,32,32,22,22,8],"gold":286,"neow_bonus":"TEN_PERCENT_HP_BONUS","is_prod":false,"is_daily":false,"chose_seed":false,"campfire_upgraded":3,"win_rate":0,"timestamp":1557675813,"path_taken":["M","M","?","M","M","R","M","R","T","R","M","E","?","E","R","BOSS"],"build_version":"2019-01-23","purchased_purges":0,"victory":false,"max_hp_per_floor":[72,72,72,72,72,72,72,72,72,72,72,72,72,72,72,72],"card_choices":[{"not_picked":["Leg Sweep","Cloak And Dagger"],"picked":"Flying Knee","floor":1},{"not_picked":["Dodge and Roll","Sucker Punch"],"picked":"Predator","floor":2},{"not_picked":["Prepared","Flechettes"],"picked":"Dagger Throw","floor":4},{"not_picked":["Prepared","Deflect"],"picked":"Backflip","floor":5},{"not_picked":["Quick Slash","Well Laid Plans"],"picked":"Dagger Spray","floor":7},{"not_picked":["All Out Attack","Deadly Poison"],"picked":"Venomology","floor":11},{"not_picked":["Prepared","Leg Sweep"],"picked":"Concentrate","floor":12},{"not_picked":["PiercingWail","Dagger Spray"],"picked":"After Image","floor":14}],"player_experience":5002658,"relics_obtained":[{"floor":9,"key":"Bag of Preparation"},{"floor":12,"key":"Blue Candle"},{"floor":14,"key":"Boot"}],"event_choices":[{"damage_healed":0,"gold_gain":0,"player_choice":"Entered Light","damage_taken":22,"max_hp_gain":0,"max_hp_loss":0,"event_name":"Shining Light","floor":3,"gold_loss":0,"cards_upgraded":["Predator","Survivor"]},{"damage_healed":0,"gold_gain":0,"player_choice":"Forge","damage_taken":0,"max_hp_gain":0,"max_hp_loss":0,"event_name":"Accursed Blacksmith","floor":13,"gold_loss":0,"cards_upgraded":["Concentrate"]}],"is_beta":false,"boss_relics":[],"items_purged_floors":[],"is_endless":false,"potions_floor_spawned":[1,7,12],"killed_by":"Slime Boss","ascension_level":20}