{"gold_per_floor":[118,135,135,2,19,19,51,51,122,122,150,177,195,222,222,301,301,320,334,71,83,99,99,115,115,169,36,36,54,69,97,97,169,169,182,194,144,164,216,245,15,15,66,66],"floor_reached":44,"playtime":1870,"items_purged":["Pain","Strike_B","Strike_B","Parasite"],"score":1056,"play_id":"01dd5a3d-82f2-44f8-aa4f-281ea064141c","local_time":"20190626013011","is_ascension_mode":true,"campfire_choices":[{"data":"Doom and Gloom","floor":6.0,"key":"SMITH"},{"data":"Consume","floor":8.0,"key":"SMITH"},{"data":"Darkness","floor":10.0,"key":"SMITH"},{"data":"Fission","floor":15.0,"key":"SMITH"},{"floor":23.0,"key":"REST"},{"floor":25.0,"key":"REST"},{"data":"Consume","floor":28.0,"key":"SMITH"},{"floor":32.0,"key":"RECALL"}],"neow_cost":"NONE","seed_source_timestamp":627918464430300,"circlet_count":0,"master_deck":["AscendersBane","Strike_B","Strike_B","Defend_B","Defend_B","Defend_B","Defend_B","Zap","Dualcast","Consume+1","White Noise","Streamline","Doom and Gloom+1","Darkness+1","Capacitor","Redo","Fission+1","Reboot","Glacier","Consume+1","Conserve Battery","Coolheaded","Self Repair","Conserve Battery+1","Blizzard+1","Coolheaded+1","Chill","Chill+1","Echo Form"],"special_seed":0,"relics":["Cracked Core","NeowsBlessing","WarpedTongs","Lantern","Gremlin Horn","Thread and Needle","Pantograph","Inserter","Art of War","Boot","Smiling Mask","Coffee Dripper","Turnip","Vajra","Centennial Puzzle"],"potions_floor_usage":[],"damage_taken":[{"damage":0.0,"enemies":"Cultist","floor":1.0,"turns":1.0},{"damage":0.0,"enemies":"Small Slimes","floor":2.0,"turns":1.0},{"damage":0.0,"enemies":"Jaw Worm","floor":5.0,"turns":1.0},{"damage":9.0,"enemies":"3 Sentries","floor":7.0,"turns":5.0},{"damage":0.0,"enemies":"Lagavulin","floor":11.0,"turns":4.0},{"damage":7.0,"enemies":"Looter","floor":13.0,"turns":4.0},{"damage":6.0,"enemies":"3 Sentries","floor":14.0,"turns":3.0},{"damage":51.0,"enemies":"Hexaghost","floor":16.0,"turns":8.0},{"damage":12.0,"enemies":"Shell Parasite","floor":18.0,"turns":2.0},{"damage":2.0,"enemies":"Spheric Guardian","floor":19.0,"turns":8.0},{"damage":17.0,"enemies":"3 Cultists","floor":21.0,"turns":7.0},{"damage":22.0,"enemies":"Cultist and Chosen","floor":22.0,"turns":4.0},{"damage":0.0,"enemies":"Chosen and Byrds","floor":24.0,"turns":4.0},{"damage":6.0,"enemies":"Snake Plant","floor":29.0,"turns":5.0},{"damage":13.0,"enemies":"Shelled Parasite and Fungi","floor":30.0,"turns":7.0},{"damage":54.0,"enemies":"Slavers","floor":31.0,"turns":5.0},{"damage":1.0,"enemies":"Champ","floor":33.0,"turns":9.0},{"damage":9.0,"enemies":"3 Shapes","floor":35.0,"turns":5.0},{"damage":15.0,"enemies":"3 Darklings","floor":36.0,"turns":6.0},{"damage":2.0,"enemies":"Writhing Mass","floor":38.0,"turns":9.0},{"damage":28.0,"enemies":"2 Orb Walkers","floor":39.0,"turns":4.0},{"damage":16.0,"enemies":"Nemesis","floor":40.0,"turns":11.0},{"damage":87,"enemies":"Transient","floor":44,"turns":6}],"seed_played":"1283673306093827169","potions_obtained":[{"floor":5.0,"key":"EssenceOfSteel"},{"floor":11.0,"key":"AttackPotion"},{"floor":13.0,"key":"Fire Potion"},{"floor":14.0,"key":"Fruit Juice"},{"floor":16.0,"key":"Fire Potion"},{"floor":18.0,"key":"Ancient Potion"},{"floor":22.0,"key":"Weak Potion"},{"floor":29.0,"key":"Strength Potion"},{"floor":31.0,"key":"Weak Potion"},{"floor":35.0,"key":"Energy Potion"},{"floor":39.0,"key":"Dexterity Potion"}],"is_trial":false,"path_per_floor":["M","M","?","$","M","R","E","R","T","R","E","T","M","E","R","B",null,"M","M","$","M","M","R","M","R","T","$","R","M","M","E","R","B",null,"M","M","$","M","?","E","$","?","T","M"],"character_chosen":"DEFECT","items_purchased":["Streamline","Art of War","Coolheaded","Self Repair","Echo Form"],"campfire_rested":2,"item_purchase_floors":[4,20,27,27,41],"current_hp_per_floor":[64,64,64,64,64,64,55,55,55,55,55,55,48,42,47,21,62,50,48,48,31,9,31,31,53,53,53,53,61,58,4,4,38,67,65,57,57,65,44,38,38,38,38,0],"gold":66,"neow_bonus":"THREE_ENEMY_KILL","is_prod":false,"is_daily":false,"chose_seed":false,"campfire_upgraded":5,"win_rate":0,"timestamp":1561480211,"path_taken":["M","?","?","$","?","R","E","R","T","R","E","?","M","E","R","BOSS","M","M","$","M","M","R","M","R","T","$","R","M","M","E","R","BOSS","M","M","$","M","?","E","$","?","T","?"],"build_version":"2019-01-23","purchased_purges":4,"victory":false,"max_hp_per_floor":[71,71,71,71,71,71,71,71,71,71,71,71,71,71,76,76,76,76,76,76,76,76,76,76,76,76,76,76,76,76,76,76,76,76,76,76,76,76,76,76,73,69,69,69],"card_choices":[{"not_picked":["Gash","Turbo"],"picked":"Consume","floor":1.0},{"not_picked":["Aggregate","Streamline"],"picked":"White Noise","floor":2.0},{"not_picked":["Reinforced Body","Redo"],"picked":"Doom and Gloom","floor":5.0},{"not_picked":["BootSequence","Coolheaded"],"picked":"Darkness","floor":7.0},{"not_picked":["Loop","Lockon"],"picked":"Capacitor","floor":11.0},{"not_picked":["Tempest","Steam"],"picked":"Redo","floor":13.0},{"not_picked":["Compile Driver","Leap"],"picked":"Fission","floor":14.0},{"not_picked":["Rainbow","Machine Learning"],"picked":"Reboot","floor":16.0},{"not_picked":["Beam Cell","Leap+1"],"picked":"Glacier","floor":18.0},{"not_picked":["Go for the Eyes","Self Repair"],"picked":"Consume","floor":19.0},{"not_picked":["Hello World","Go for the Eyes","Stack"],"picked":"SKIP","floor":21.0},{"not_picked":["Leap","Sweeping Beam"],"picked":"Conserve Battery","floor":22.0},{"not_picked":["Conserve Battery","Rebound","Doom and Gloom"],"picked":"SKIP","floor":29.0},{"not_picked":["Conserve Battery","Rebound","Doom and Gloom"],"picked":"SKIP","floor":29.0},{"not_picked":["Gash","Redo","Reinforced Body"],"picked":"SKIP","floor":30.0},{"not_picked":["Creative AI","Force Field"],"picked":"Conserve Battery+1","floor":31.0},{"not_picked":["Auto Shields","Skim"],"picked":"Blizzard+1","floor":35.0},{"not_picked":["Sweeping Beam+1","Conserve Battery+1"],"picked":"Coolheaded+1","floor":36.0},{"not_picked":["Scrape+1","Melter"],"picked":"Chill","floor":38.0},{"not_picked":["Static Discharge","Sweeping Beam+1"],"picked":"Chill+1","floor":40.0}],"player_experience":5489688,"relics_obtained":[{"floor":7.0,"key":"Lantern"},{"floor":9.0,"key":"Gremlin Horn"},{"floor":11.0,"key":"Thread and Needle"},{"floor":14.0,"key":"Pantograph"},{"floor":26.0,"key":"Boot"},{"floor":31.0,"key":"Smiling Mask"},{"floor":39.0,"key":"Turnip"},{"floor":40.0,"key":"Vajra"},{"floor":43.0,"key":"Centennial Puzzle"}],"event_choices":[{"damage_healed":0.0,"max_hp_gain":0.0,"max_hp_loss":0.0,"gold_gain":0.0,"event_name":"Accursed Blacksmith","player_choice":"Rummage","floor":3.0,"gold_loss":0.0,"damage_taken":0.0,"relics_obtained":["WarpedTongs"],"cards_obtained":["Pain"]},{"damage_healed":0.0,"max_hp_gain":0.0,"max_hp_loss":0.0,"gold_gain":0.0,"event_name":"Mysterious Sphere","player_choice":"Fight","floor":39.0,"gold_loss":0.0,"damage_taken":0.0},{"damage_healed":0.0,"max_hp_gain":0.0,"max_hp_loss":4.0,"gold_gain":0.0,"event_name":"Winding Halls","player_choice":"Max HP","floor":42.0,"gold_loss":0.0,"damage_taken":0.0}],"is_beta":false,"boss_relics":[{"not_picked":["Philosopher\u0027s Stone","FrozenCore"],"picked":"Inserter"},{"not_picked":["Runic Dome","Sozu"],"picked":"Coffee Dripper"}],"items_purged_floors":[4,20,37,41],"is_endless":false,"potions_floor_spawned":[5,11,13,14,16,18,22,29,31,35,39],"killed_by":"Transient","ascension_level":20}