{"gold_per_floor":[118,128,148,161,161,161,195,195,195,207,240,254,14,46,46,123,123,135,135,164,89,99,99,113,147,147,147,172,184,212,231,231,308,308,320,370,384,86,134,163,163,198,266,298,310,310,326,360,360,360,360,360,360,58,84,84],"floor_reached":57,"playtime":3129,"items_purged":["Strike_R"],"score":3150,"play_id":"eea8a6cb-d200-47dc-aacc-d050bf04eaf4","local_time":"20190707002719","is_ascension_mode":true,"campfire_choices":[{"data":"Feed","floor":6,"key":"SMITH"},{"data":"Hemokinesis","floor":15,"key":"SMITH"},{"data":"Bash","floor":23,"key":"SMITH"},{"data":"Immolate","floor":27,"key":"SMITH"},{"floor":32,"key":"RECALL"},{"data":"Dark Embrace","floor":46,"key":"SMITH"},{"data":"Shockwave","floor":49,"key":"SMITH"},{"data":"Bloodletting","floor":53,"key":"SMITH"}],"neow_cost":"PERCENT_DAMAGE","seed_source_timestamp":348606438282400,"circlet_count":0,"master_deck":["AscendersBane","Strike_R","Strike_R","Defend_R","Defend_R","Defend_R","Defend_R","Bash+1","Clothesline","Warcry","Battle Trance","Shockwave+1","Feed+1","Flame Barrier","Headbutt","Pommel Strike","Warcry","Hemokinesis+1","Immolate+1","Second Wind","Corruption+1","Shrug It Off","Spot Weakness","Reaper","Disarm","Metallicize+1","Ghostly Armor","Dark Embrace+1","True Grit+1","Body Slam+1","Shrug It Off","Bloodletting+1","Pain","Spot Weakness","Flame Barrier+1","Ghostly Armor","Juggernaut+1","Inflame+1"],"relics":["Burning Blood","Charon\u0027s Ashes","Boot","Centennial Puzzle","Letter Opener","Red Skull","Incense Burner","Coffee Dripper","Red Mask","Orichalcum","Singing Bowl","Gambling Chip","Art of War","Runic Cube","PreservedInsect","Unceasing Top","Ornamental Fan","WarpedTongs","Frozen Egg 2","Vajra","Pen Nib","Medical Kit","Paper Frog"],"potions_floor_usage":[7,7,20,25,28,42,44,55,56],"damage_taken":[{"damage":7,"enemies":"Cultist","floor":1,"turns":4},{"damage":11,"enemies":"Small Slimes","floor":2,"turns":4},{"damage":4,"enemies":"Jaw Worm","floor":3,"turns":3},{"damage":6,"enemies":"2 Fungi Beasts","floor":4,"turns":5},{"damage":25,"enemies":"Lagavulin","floor":7,"turns":4},{"damage":6,"enemies":"Looter","floor":10,"turns":3},{"damage":53,"enemies":"Gremlin Nob","floor":11,"turns":5},{"damage":3,"enemies":"Lots of Slimes","floor":12,"turns":3},{"damage":8,"enemies":"3 Sentries","floor":14,"turns":4},{"damage":2,"enemies":"Slime Boss","floor":16,"turns":5},{"damage":19,"enemies":"Shell Parasite","floor":18,"turns":6},{"damage":2,"enemies":"Masked Bandits","floor":20,"turns":2},{"damage":8,"enemies":"Spheric Guardian","floor":22,"turns":3},{"damage":9,"enemies":"Chosen and Byrds","floor":24,"turns":5},{"damage":21,"enemies":"Slavers","floor":25,"turns":4},{"damage":7,"enemies":"Book of Stabbing","floor":28,"turns":3},{"damage":0,"enemies":"Sentry and Sphere","floor":29,"turns":3},{"damage":4,"enemies":"Gremlin Leader","floor":30,"turns":4},{"damage":2,"enemies":"Cultist and Chosen","floor":31,"turns":3},{"damage":52,"enemies":"Automaton","floor":33,"turns":10},{"damage":4,"enemies":"3 Darklings","floor":35,"turns":3},{"damage":4,"enemies":"Orb Walker","floor":37,"turns":3},{"damage":25,"enemies":"2 Orb Walkers","floor":39,"turns":4},{"damage":3,"enemies":"Nemesis","floor":40,"turns":5},{"damage":18,"enemies":"Reptomancer","floor":42,"turns":5},{"damage":10,"enemies":"Giant Head","floor":44,"turns":5},{"damage":4,"enemies":"Maw","floor":45,"turns":6},{"damage":8,"enemies":"Writhing Mass","floor":47,"turns":4},{"damage":11,"enemies":"Reptomancer","floor":48,"turns":3},{"damage":60,"enemies":"Time Eater","floor":50,"turns":9},{"damage":16,"enemies":"Donu and Deca","floor":51,"turns":6},{"damage":33,"enemies":"Shield and Spear","floor":55,"turns":5},{"damage":68,"enemies":"The Heart","floor":56,"turns":8}],"seed_played":"-2735440463693290763","potions_obtained":[{"floor":1,"key":"SteroidPotion"},{"floor":3,"key":"FearPotion"},{"floor":11,"key":"EssenceOfSteel"},{"floor":14,"key":"Ancient Potion"},{"floor":20,"key":"Fruit Juice"},{"floor":24,"key":"PowerPotion"},{"floor":25,"key":"AttackPotion"},{"floor":30,"key":"EssenceOfSteel"},{"floor":40,"key":"Regen Potion"},{"floor":42,"key":"Strength Potion"},{"floor":44,"key":"Fruit Juice"},{"floor":45,"key":"Swift Potion"}],"is_trial":false,"path_per_floor":["M","M","M","M","?","R","E","?","T","M","E","M","$","E","R","B",null,"M","?","?","?","M","R","M","E","T","R","E","M","E","M","R","B",null,"M","?","M","$","?","E","?","E","T","E","M","R","M","E","R","B","B",null,"R","$","E","B",null],"character_chosen":"IRONCLAD","items_purchased":["Red Skull","Shrug It Off","PreservedInsect","Bloodletting","Medical Kit","Inflame+1"],"campfire_rested":0,"item_purchase_floors":[13,38,38,38,54,54],"current_hp_per_floor":[49,44,46,46,46,46,31,57,57,61,14,21,21,23,23,31,79,70,70,79,79,81,81,82,67,67,67,70,78,80,96,96,78,110,116,104,120,120,103,118,118,129,129,134,145,145,147,159,159,127,152,160,160,160,165,159],"gold":84,"neow_bonus":"ONE_RARE_RELIC","is_prod":false,"is_daily":false,"chose_seed":false,"campfire_upgraded":7,"win_rate":0,"timestamp":1562426839,"path_taken":["M","M","M","M","?","R","E","?","T","?","E","M","$","E","R","BOSS","M","?","?","?","M","R","M","E","T","R","E","M","E","M","R","BOSS","M","?","?","$","?","E","?","E","T","E","M","R","?","E","R","BOSS","BOSS","R","$","E","BOSS"],"build_version":"2019-07-05","purchased_purges":1,"victory":true,"max_hp_per_floor":[75,75,75,75,75,75,79,79,79,83,83,87,87,91,91,95,95,99,99,104,104,108,108,112,112,112,112,116,116,116,116,116,120,120,124,124,128,128,130,136,136,142,142,151,155,155,159,159,159,163,163,163,163,163,165,165],"card_choices":[{"not_picked":["Pommel Strike","Thunderclap"],"picked":"Clothesline","floor":1},{"not_picked":["Iron Wave","Sword Boomerang"],"picked":"Warcry","floor":2},{"not_picked":["Flex","Cleave"],"picked":"Battle Trance","floor":3},{"not_picked":["Pommel Strike","Battle Trance"],"picked":"Shockwave","floor":4},{"not_picked":["Double Tap","Warcry"],"picked":"Flame Barrier","floor":7},{"not_picked":["Blood for Blood","Power Through"],"picked":"Headbutt","floor":10},{"not_picked":["Sword Boomerang","Combust"],"picked":"Pommel Strike","floor":11},{"not_picked":["Shrug It Off","Havoc"],"picked":"Warcry","floor":12},{"not_picked":["Sentinel","Clash"],"picked":"Hemokinesis","floor":14},{"not_picked":["Barricade","Dark Embrace"],"picked":"Immolate","floor":16},{"not_picked":["Twin Strike","Warcry","Headbutt"],"picked":"SKIP","floor":18},{"not_picked":["Disarm","Headbutt"],"picked":"Corruption+1","floor":20},{"not_picked":["Metallicize","Sentinel"],"picked":"Shrug It Off","floor":22},{"not_picked":["Sever Soul","Sword Boomerang"],"picked":"Spot Weakness","floor":24},{"not_picked":["Shockwave","Clash","Cleave"],"picked":"SKIP","floor":25},{"not_picked":["Heavy Blade","Anger+1"],"picked":"Reaper","floor":28},{"not_picked":["Searing Blow","Dual Wield"],"picked":"Disarm","floor":29},{"not_picked":["True Grit+1","Body Slam"],"picked":"Metallicize+1","floor":30},{"not_picked":["Battle Trance","Fire Breathing"],"picked":"Ghostly Armor","floor":31},{"not_picked":["Feed","Double Tap"],"picked":"Dark Embrace","floor":33},{"not_picked":["Perfected Strike","Sword Boomerang"],"picked":"True Grit+1","floor":35},{"not_picked":["Shrug It Off","Burning Pact"],"picked":"Body Slam+1","floor":37},{"not_picked":["Reckless Charge","Warcry+1","True Grit"],"picked":"Singing Bowl","floor":39},{"not_picked":["Havoc","Dropkick","Fire Breathing+1"],"picked":"Singing Bowl","floor":40},{"not_picked":["Anger","Havoc","Wild Strike+1"],"picked":"Singing Bowl","floor":42},{"not_picked":["Clash","Havoc"],"picked":"Spot Weakness","floor":44},{"not_picked":["Heavy Blade","Double Tap"],"picked":"Flame Barrier+1","floor":45},{"not_picked":["Iron Wave","Havoc"],"picked":"Ghostly Armor","floor":47},{"not_picked":["Body Slam","Intimidate"],"picked":"Juggernaut+1","floor":48},{"not_picked":["Reckless Charge+1","Rampage","Twin Strike"],"picked":"Singing Bowl","floor":55}],"player_experience":5595336,"relics_obtained":[{"floor":7,"key":"Boot"},{"floor":9,"key":"Centennial Puzzle"},{"floor":11,"key":"Letter Opener"},{"floor":14,"key":"Incense Burner"},{"floor":20,"key":"Red Mask"},{"floor":25,"key":"Orichalcum"},{"floor":26,"key":"Singing Bowl"},{"floor":28,"key":"Gambling Chip"},{"floor":30,"key":"Art of War"},{"floor":39,"key":"Unceasing Top"},{"floor":40,"key":"Ornamental Fan"},{"floor":42,"key":"Frozen Egg 2"},{"floor":44,"key":"Vajra"},{"floor":48,"key":"Pen Nib"},{"floor":55,"key":"Paper Frog"}],"event_choices":[{"damage_healed":0,"gold_gain":0,"cards_transformed":["Strike_R"],"player_choice":"Change","damage_taken":0,"max_hp_gain":0,"max_hp_loss":0,"event_name":"Living Wall","floor":5,"gold_loss":0,"cards_obtained":["Feed"]},{"damage_healed":26,"gold_gain":0,"player_choice":"Banana","damage_taken":0,"max_hp_gain":0,"max_hp_loss":0,"event_name":"Big Fish","floor":8,"gold_loss":0},{"damage_healed":0,"gold_gain":0,"player_choice":"Read","damage_taken":0,"max_hp_gain":0,"max_hp_loss":0,"event_name":"The Library","floor":19,"gold_loss":0,"cards_obtained":["Second Wind"]},{"damage_healed":0,"gold_gain":0,"player_choice":"Fought Bandits","damage_taken":0,"max_hp_gain":0,"max_hp_loss":0,"event_name":"Masked Bandits","floor":20,"gold_loss":0},{"cards_removed":["Strike_R"],"damage_healed":0,"gold_gain":0,"player_choice":"Gave Gold","damage_taken":0,"max_hp_gain":0,"max_hp_loss":0,"event_name":"Beggar","floor":21,"gold_loss":75},{"damage_healed":0,"gold_gain":50,"player_choice":"Touch","damage_taken":12,"max_hp_gain":0,"max_hp_loss":0,"event_name":"FaceTrader","floor":36,"gold_loss":0},{"damage_healed":0,"gold_gain":0,"player_choice":"Fight","damage_taken":0,"max_hp_gain":0,"max_hp_loss":0,"event_name":"Mysterious Sphere","floor":39,"gold_loss":0},{"damage_healed":0,"gold_gain":0,"player_choice":"Rummage","damage_taken":0,"relics_obtained":["WarpedTongs"],"max_hp_gain":0,"max_hp_loss":0,"event_name":"Accursed Blacksmith","floor":41,"gold_loss":0,"cards_obtained":["Pain"]}],"is_beta":false,"boss_relics":[{"not_picked":["Empty Cage","Snecko Eye"],"picked":"Coffee Dripper"},{"not_picked":["Runic Dome","Runic Pyramid"],"picked":"Runic Cube"}],"items_purged_floors":[13],"is_endless":false,"potions_floor_spawned":[1,3,4,11,14,20,24,25,30,37,40,42,44,45],"ascension_level":20}