{"gold_per_floor":[114,126,136,146,159,178,211,211,211,211],"floor_reached":10,"playtime":268,"items_purged":[],"score":144,"play_id":"a893ce59-13ee-4fb6-bb14-b78437f41ce8","local_time":"20190513002258","is_ascension_mode":true,"campfire_choices":[{"floor":8.0,"key":"REST"}],"neow_cost":"TEN_PERCENT_HP_LOSS","seed_source_timestamp":627741527108900,"circlet_count":0,"master_deck":["AscendersBane","Defend_G","Defend_G","Defend_G","Defend_G","Defend_G","Strike_G","Strike_G","Strike_G","Strike_G","Strike_G","Survivor","Neutralize","Envenom","Endless Agony","Backstab","Die Die Die","Flechettes","Tactician","All Out Attack","Bane"],"special_seed":0,"relics":["Ring of the Snake","Gremlin Horn","Question Card"],"potions_floor_usage":[10],"damage_taken":[{"damage":0.0,"enemies":"Jaw Worm","floor":1.0,"turns":6.0},{"damage":1.0,"enemies":"Cultist","floor":2.0,"turns":4.0},{"damage":0.0,"enemies":"2 Louse","floor":3.0,"turns":2.0},{"damage":0.0,"enemies":"Gremlin Gang","floor":4.0,"turns":3.0},{"damage":2.0,"enemies":"2 Fungi Beasts","floor":5.0,"turns":2.0},{"damage":0.0,"enemies":"3 Louse","floor":6.0,"turns":1.0},{"damage":50.0,"enemies":"Gremlin Nob","floor":7.0,"turns":5.0},{"damage":20,"enemies":"Lagavulin","floor":10,"turns":4}],"seed_played":"-6389401378791921369","potions_obtained":[{"floor":3.0,"key":"Explosive Potion"},{"floor":7.0,"key":"Weak Potion"}],"is_trial":false,"path_per_floor":["M","M","M","M","M","M","E","R","T","E"],"character_chosen":"THE_SILENT","items_purchased":[],"campfire_rested":1,"item_purchase_floors":[],"current_hp_per_floor":[59,58,58,58,56,56,6,24,24,4],"gold":211,"neow_bonus":"THREE_RARE_CARDS","is_prod":false,"is_daily":false,"chose_seed":false,"campfire_upgraded":0,"win_rate":0,"timestamp":1557674578,"path_taken":["M","M","M","M","M","M","E","R","T","E"],"build_version":"2019-01-23","purchased_purges":0,"victory":false,"max_hp_per_floor":[60,60,60,60,60,60,60,60,60,60],"card_choices":[{"not_picked":["After Image","Storm of Steel"],"picked":"Envenom","floor":0.0},{"not_picked":["PiercingWail","Skewer"],"picked":"Endless Agony","floor":1.0},{"not_picked":["Quick Slash","Underhanded Strike"],"picked":"Backstab","floor":2.0},{"not_picked":["Noxious Fumes","Sucker Punch"],"picked":"Die Die Die","floor":3.0},{"not_picked":["Prepared","Deadly Poison"],"picked":"Flechettes","floor":4.0},{"not_picked":["Bouncing Flask","Dodge and Roll"],"picked":"Tactician","floor":5.0},{"not_picked":["Sucker Punch","Quick Slash"],"picked":"All Out Attack","floor":6.0},{"not_picked":["Dagger Throw","Bane","Choke"],"picked":"SKIP","floor":7.0},{"not_picked":["Dagger Throw","Choke"],"picked":"Bane","floor":7.0}],"player_experience":5001506,"relics_obtained":[{"floor":7.0,"key":"Gremlin Horn"},{"floor":9.0,"key":"Question Card"}],"event_choices":[],"is_beta":false,"boss_relics":[],"items_purged_floors":[],"is_endless":false,"potions_floor_spawned":[3,7],"killed_by":"Lagavulin","ascension_level":20}