{"gold_per_floor":[119,119,130,142,142,142,166,13,13,27,27,40,78,128,128,217,217,237,53,101,47,47,47],"floor_reached":23,"playtime":730,"items_purged":["Strike_R","Strike_R"],"score":378,"play_id":"01198726-ad48-4736-bde4-cd4145ed0e3e","local_time":"20190324020903","is_ascension_mode":true,"campfire_choices":[{"data":"Hemokinesis","floor":6,"key":"SMITH"},{"data":"Immolate","floor":11,"key":"SMITH"},{"data":"Rupture","floor":15,"key":"SMITH"}],"neow_cost":"PERCENT_DAMAGE","seed_source_timestamp":872078991774700,"circlet_count":0,"master_deck":["AscendersBane","Strike_R","Defend_R","Defend_R","Defend_R","Defend_R","Bash","Second Wind","Cleave","Hemokinesis+1","Combust","Immolate+1","Power Through","Rupture+1","Seeing Red","Impervious","Hemokinesis"],"relics":["Burning Blood","Golden Idol","Meat on the Bone","Mark of Pain","Lantern","GremlinMask"],"potions_floor_usage":[12,12,23,23],"damage_taken":[{"damage":4,"enemies":"Jaw Worm","floor":1,"turns":5},{"damage":13,"enemies":"Small Slimes","floor":3,"turns":3},{"damage":3,"enemies":"Cultist","floor":4,"turns":3},{"damage":22,"enemies":"Exordium Thugs","floor":7,"turns":3},{"damage":2,"enemies":"2 Fungi Beasts","floor":10,"turns":3},{"damage":0,"enemies":"Lots of Slimes","floor":12,"turns":1},{"damage":21,"enemies":"Lagavulin","floor":13,"turns":7},{"damage":15,"enemies":"Slime Boss","floor":16,"turns":7},{"damage":16,"enemies":"2 Thieves","floor":18,"turns":4},{"damage":43,"enemies":"Slavers","floor":23,"turns":3}],"seed_played":"-3119851954756393393","potions_obtained":[{"floor":3,"key":"Poison Potion"},{"floor":4,"key":"GamblersBrew"},{"floor":10,"key":"BloodPotion"},{"floor":16,"key":"BloodPotion"}],"is_trial":false,"path_per_floor":["M","?","M","M","?","R","M","$","T","M","R","M","E","?","R","B",null,"M","$","T","$","?","E"],"character_chosen":"IRONCLAD","items_purchased":["Power Through","Hemokinesis","FearPotion"],"campfire_rested":0,"item_purchase_floors":[8,19,21],"current_hp_per_floor":[52,52,45,48,48,48,32,32,32,36,36,48,33,33,33,36,60,50,50,50,50,50,13],"gold":47,"neow_bonus":"TRANSFORM_TWO_CARDS","is_prod":false,"is_daily":false,"chose_seed":false,"campfire_upgraded":3,"win_rate":0,"timestamp":1553360943,"path_taken":["M","?","M","M","?","R","M","?","T","?","R","M","E","?","R","BOSS","M","$","?","?","?","E"],"build_version":"2019-01-23","purchased_purges":2,"victory":false,"max_hp_per_floor":[75,75,75,75,68,68,68,68,68,68,68,68,68,68,68,68,68,68,68,68,68,68,68],"card_choices":[{"not_picked":["Iron Wave","Rupture"],"picked":"Hemokinesis","floor":1},{"not_picked":["Clash","Spot Weakness"],"picked":"Combust","floor":3},{"not_picked":["Carnage","Warcry","Thunderclap"],"picked":"SKIP","floor":4},{"not_picked":["Body Slam","Combust"],"picked":"Immolate","floor":7},{"not_picked":["Intimidate","Iron Wave","Havoc"],"picked":"SKIP","floor":10},{"not_picked":["Twin Strike","Dual Wield"],"picked":"Rupture","floor":12},{"not_picked":["Pommel Strike","Headbutt"],"picked":"Seeing Red","floor":13},{"not_picked":["Bludgeon","Immolate"],"picked":"Impervious","floor":16},{"not_picked":["Dropkick","Havoc","True Grit"],"picked":"SKIP","floor":18}],"player_experience":4605300,"relics_obtained":[{"floor":13,"key":"Meat on the Bone"},{"floor":20,"key":"Lantern"}],"event_choices":[{"damage_healed":0,"gold_gain":0,"player_choice":"Ignored","damage_taken":0,"max_hp_gain":0,"max_hp_loss":0,"event_name":"Liars Game","floor":2,"gold_loss":0},{"damage_healed":0,"gold_gain":0,"player_choice":"Lose Max HP","damage_taken":0,"relics_obtained":["Golden Idol"],"max_hp_gain":0,"max_hp_loss":7,"event_name":"Golden Idol","floor":5,"gold_loss":0},{"damage_healed":0,"gold_gain":50,"player_choice":"Pray","damage_taken":0,"max_hp_gain":0,"max_hp_loss":0,"event_name":"Golden Shrine","floor":14,"gold_loss":0},{"damage_healed":0,"gold_gain":0,"player_choice":"Trade","damage_taken":0,"relics_obtained":["GremlinMask"],"max_hp_gain":0,"max_hp_loss":0,"event_name":"FaceTrader","floor":22,"gold_loss":0}],"is_beta":false,"boss_relics":[{"not_picked":["Black Blood","White Beast Statue"],"picked":"Mark of Pain"}],"items_purged_floors":[8,19],"is_endless":false,"potions_floor_spawned":[3,4,10,16],"killed_by":"Slavers","ascension_level":20}