{"gold_per_floor":[110,124,104,122,97,97,97,108,108,33,52,52,52,70,70,70],"floor_reached":16,"playtime":474,"items_purged":["Strike_R"],"score":213,"play_id":"8e699828-c57d-4464-a135-0f2ff2b40aa7","local_time":"20190613002103","is_ascension_mode":true,"campfire_choices":[{"data":"Reckless Charge","floor":6,"key":"SMITH"},{"data":"Havoc","floor":13,"key":"SMITH"},{"data":"Double Tap","floor":15,"key":"SMITH"}],"neow_cost":"PERCENT_DAMAGE","seed_source_timestamp":1478661926856600,"circlet_count":0,"master_deck":["AscendersBane","Strike_R","Strike_R","Defend_R","Defend_R","Defend_R","Defend_R","Bash","Warcry","Reckless Charge+1","Havoc+1","Warcry","Evolve","Double Tap+1","Headbutt","Warcry+1","Warcry+1"],"relics":["Burning Blood","Toxic Egg 2"],"potions_floor_usage":[5,16,16],"damage_taken":[{"damage":2,"enemies":"Cultist","floor":1,"turns":4},{"damage":4,"enemies":"Small Slimes","floor":2,"turns":5},{"damage":11,"enemies":"Jaw Worm","floor":4,"turns":6},{"damage":24,"enemies":"Exordium Thugs","floor":5,"turns":5},{"damage":12,"enemies":"Looter","floor":8,"turns":4},{"damage":15,"enemies":"Large Slime","floor":11,"turns":7},{"damage":12,"enemies":"3 Louse","floor":14,"turns":4},{"damage":22,"enemies":"Hexaghost","floor":16,"turns":7}],"seed_played":"-3298719926952637396","potions_obtained":[{"floor":2,"key":"Dexterity Potion"},{"floor":3,"key":"BloodPotion"},{"floor":5,"key":"Swift Potion"}],"is_trial":false,"path_per_floor":["M","M","?","M","M","R","?","M","T","$","M","$","R","M","R","B"],"character_chosen":"IRONCLAD","items_purchased":[],"campfire_rested":0,"item_purchase_floors":[],"current_hp_per_floor":[54,56,56,51,40,40,40,34,34,34,25,25,25,19,19,0],"gold":70,"neow_bonus":"TRANSFORM_TWO_CARDS","is_prod":false,"is_daily":false,"chose_seed":false,"campfire_upgraded":3,"win_rate":0,"timestamp":1560352863,"path_taken":["M","?","?","?","M","R","?","M","T","?","?","$","R","M","R","BOSS"],"build_version":"2019-01-23","purchased_purges":1,"victory":false,"max_hp_per_floor":[75,75,75,75,75,75,75,75,75,75,75,75,75,75,75,75],"card_choices":[{"not_picked":["True Grit","Entrench"],"picked":"Havoc","floor":1},{"not_picked":["Thunderclap","Shrug It Off"],"picked":"Warcry","floor":2},{"not_picked":["Armaments","Clash"],"picked":"Evolve","floor":4},{"not_picked":["Anger","Body Slam"],"picked":"Double Tap","floor":5},{"not_picked":["Searing Blow","Intimidate"],"picked":"Headbutt","floor":8},{"not_picked":["Heavy Blade","Cleave"],"picked":"Warcry+1","floor":11},{"not_picked":["Clash","Perfected Strike"],"picked":"Warcry+1","floor":14}],"player_experience":5338391,"relics_obtained":[{"floor":9,"key":"Toxic Egg 2"}],"event_choices":[{"damage_healed":0,"gold_gain":0,"player_choice":"Bought 1 Potion","damage_taken":0,"max_hp_gain":0,"max_hp_loss":0,"event_name":"The Woman in Blue","floor":3,"gold_loss":0},{"damage_healed":0,"gold_gain":0,"player_choice":"Searched \u00270\u0027 times","damage_taken":0,"max_hp_gain":0,"max_hp_loss":0,"event_name":"Dead Adventurer","floor":7,"gold_loss":0}],"is_beta":false,"boss_relics":[],"items_purged_floors":[10],"is_endless":false,"potions_floor_spawned":[2,5,8],"killed_by":"Hexaghost","ascension_level":20}