{"gold_per_floor":[112,112,112,132,1,1,17,17,43,43,68,68,89,33,33,128,128,146,146,162,162,36,36,36],"floor_reached":24,"playtime":577,"items_purged":["Strike_G","Strike_G"],"score":368,"play_id":"38836906-9f75-442b-aee1-b43dae4576bd","local_time":"20190409023322","is_ascension_mode":true,"campfire_choices":[{"data":"Terror","floor":6,"key":"SMITH"},{"data":"Neutralize","floor":8,"key":"SMITH"},{"data":"Calculated Gamble","floor":15,"key":"SMITH"},{"floor":23,"key":"REST"}],"neow_cost":"","seed_source_timestamp":546760348855400,"circlet_count":0,"master_deck":["Strike_G","Strike_G","Strike_G","Neutralize+1","Survivor","Defend_G","Defend_G","Defend_G","All For One","Quick Slash","Terror+1","Dagger Throw","Acrobatics","Calculated Gamble+1","Dash","Venomology","Prepared+1","PiercingWail"],"relics":["Ring of the Snake","Golden Idol","Juzu Bracelet","Matryoshka","Empty Cage"],"potions_floor_usage":[13,16,16,20,24],"damage_taken":[{"damage":0,"enemies":"2 Louse","floor":1,"turns":4},{"damage":2,"enemies":"Jaw Worm","floor":4,"turns":5},{"damage":1,"enemies":"Small Slimes","floor":7,"turns":3},{"damage":0,"enemies":"Looter","floor":11,"turns":3},{"damage":10,"enemies":"Gremlin Gang","floor":13,"turns":4},{"damage":3,"enemies":"Hexaghost","floor":16,"turns":8},{"damage":48,"enemies":"3 Byrds","floor":18,"turns":9},{"damage":0,"enemies":"Chosen","floor":20,"turns":3},{"damage":36,"enemies":"Book of Stabbing","floor":24,"turns":6}],"seed_played":"2851517446276592062","potions_obtained":[{"floor":1,"key":"Strength Potion"},{"floor":4,"key":"Fire Potion"},{"floor":16,"key":"SteroidPotion"}],"is_trial":true,"path_per_floor":["M","?","?","M","$","R","M","R","T","$","M","?","M","$","R","B",null,"M","?","M","?","$","R","E"],"character_chosen":"THE_SILENT","items_purchased":["Dagger Throw","Strength Potion","PiercingWail"],"campfire_rested":1,"item_purchase_floors":[5,14,22],"current_hp_per_floor":[59,64,64,62,62,62,61,61,61,61,61,26,16,16,16,13,51,3,3,3,16,16,35,0],"gold":36,"neow_bonus":"","is_prod":false,"is_daily":false,"chose_seed":false,"campfire_upgraded":3,"win_rate":0,"timestamp":1554744802,"path_taken":["M","?","?","M","?","R","M","R","T","?","M","?","M","?","R","BOSS","M","?","M","?","$","R","E"],"build_version":"2019-01-23","purchased_purges":2,"victory":false,"max_hp_per_floor":[66,71,64,64,64,64,64,64,64,64,64,64,64,64,64,64,64,64,64,64,64,64,64,64],"card_choices":[{"not_picked":["Caltrops","Flechettes"],"picked":"Quick Slash","floor":1},{"not_picked":["Poisoned Stab","Quick Slash"],"picked":"Terror","floor":4},{"not_picked":["Deflect","Prepared"],"picked":"Acrobatics","floor":7},{"not_picked":["Underhanded Strike","Dagger Spray"],"picked":"Calculated Gamble","floor":11},{"not_picked":["Cloak And Dagger","Skewer"],"picked":"Dash","floor":13},{"not_picked":["Doppelganger","Night Terror"],"picked":"Venomology","floor":16},{"not_picked":["Setup","Backflip"],"picked":"Prepared+1","floor":18},{"not_picked":["Cloak And Dagger+1","Choke","Predator"],"picked":"SKIP","floor":20}],"player_experience":4734451,"relics_obtained":[{"floor":9,"key":"Juzu Bracelet"}],"event_choices":[{"damage_healed":0,"gold_gain":0,"player_choice":"Donut","damage_taken":0,"max_hp_gain":5,"max_hp_loss":0,"event_name":"Big Fish","floor":2,"gold_loss":0},{"damage_healed":0,"gold_gain":0,"player_choice":"Lose Max HP","damage_taken":0,"relics_obtained":["Golden Idol"],"max_hp_gain":0,"max_hp_loss":7,"event_name":"Golden Idol","floor":3,"gold_loss":0},{"damage_healed":0,"gold_gain":0,"player_choice":"Success","damage_taken":35,"relics_obtained":["Matryoshka"],"max_hp_gain":0,"max_hp_loss":0,"event_name":"Scrap Ooze","floor":12,"gold_loss":0},{"damage_healed":0,"gold_gain":0,"player_choice":"Ignored","damage_taken":0,"max_hp_gain":0,"max_hp_loss":0,"event_name":"Cursed Tome","floor":19,"gold_loss":0},{"damage_healed":13,"gold_gain":0,"player_choice":"Heal","damage_taken":0,"max_hp_gain":0,"max_hp_loss":0,"event_name":"The Library","floor":21,"gold_loss":0}],"is_beta":false,"boss_relics":[{"not_picked":["Coffee Dripper","WristBlade"],"picked":"Empty Cage"}],"items_purged_floors":[5,22],"is_endless":false,"potions_floor_spawned":[1,4,16,18],"killed_by":"Book of Stabbing","ascension_level":20}