{"gold_per_floor":[119,69,80,80,96,96,9,9,9,37,37,62,75,92,92,195,195,213,18,18,30,43,77,87],"floor_reached":24,"playtime":3305,"items_purged":["Strike_B"],"score":320,"play_id":"b0605f51-a0f7-4922-bf2e-e0b5c26fdfdc","local_time":"20190728155159","is_ascension_mode":true,"campfire_choices":[{"data":"Zap","floor":6,"key":"SMITH"},{"data":"Sunder","floor":8,"key":"SMITH"},{"floor":15,"key":"REST"}],"neow_cost":"NONE","seed_source_timestamp":8484086885297,"circlet_count":0,"master_deck":["Strike_B+1","Defend_B","Defend_B","Zap+1","Dualcast","Chill","Barrage+1","Reprogram","Sunder+1","Ball Lightning","Stack","Core Surge","Undo+1","Static Discharge","Conserve Battery","Cold Snap","Rip and Tear","Coolheaded","Rainbow","Coolheaded","Barrage+1"],"relics":["Cracked Core","Regal Pillow","Symbiotic Virus","Whetstone","Incense Burner","Ornamental Fan","Fusion Hammer","Nunchaku"],"potions_floor_usage":[10,16,23],"damage_taken":[{"damage":10,"enemies":"2 Louse","floor":1,"turns":3},{"damage":2,"enemies":"Jaw Worm","floor":3,"turns":4},{"damage":0,"enemies":"Cultist","floor":5,"turns":3},{"damage":14,"enemies":"Lagavulin","floor":10,"turns":6},{"damage":6,"enemies":"3 Sentries","floor":12,"turns":5},{"damage":0,"enemies":"Exordium Wildlife","floor":13,"turns":2},{"damage":9,"enemies":"Red Slaver","floor":14,"turns":2},{"damage":0,"enemies":"Slime Boss","floor":16,"turns":6},{"damage":0,"enemies":"Spheric Guardian","floor":18,"turns":2},{"damage":0,"enemies":"3 Byrds","floor":21,"turns":4},{"damage":10,"enemies":"Snake Plant","floor":22,"turns":3},{"damage":14,"enemies":"Book of Stabbing","floor":23,"turns":5},{"damage":8,"enemies":"Shelled Parasite and Fungi","floor":24,"turns":4}],"seed_played":"-9213417251691008170","potions_obtained":[{"floor":1,"key":"Dexterity Potion"},{"floor":10,"key":"Energy Potion"},{"floor":14,"key":"SteroidPotion"},{"floor":16,"key":"Strength Potion"},{"floor":18,"key":"Poison Potion"},{"floor":24,"key":"EssenceOfSteel"}],"is_trial":false,"path_per_floor":["M","?","M","?","M","R","$","R","T","E","T","E","M","M","R","B",null,"M","$","?","M","M","E","M"],"character_chosen":"DEFECT","items_purchased":["Sunder","Block Potion","Static Discharge","Conserve Battery"],"campfire_rested":1,"item_purchase_floors":[7,7,19,19],"current_hp_per_floor":[65,65,63,56,56,56,56,56,56,42,42,36,36,27,64,64,75,75,75,75,75,65,51,43],"gold":87,"neow_bonus":"RANDOM_COMMON_RELIC","is_prod":false,"is_daily":false,"chose_seed":false,"campfire_upgraded":2,"win_rate":0,"timestamp":1564321919,"path_taken":["M","?","M","?","M","R","$","R","T","E","?","E","M","M","R","BOSS","M","$","?","M","M","E","M"],"build_version":"2019-07-17","purchased_purges":1,"victory":false,"max_hp_per_floor":[75,75,75,75,75,75,75,75,75,75,75,75,75,75,75,75,75,75,75,75,75,75,75,75],"card_choices":[{"not_picked":["Beam Cell","Barrage"],"picked":"Chill","floor":1},{"not_picked":["Blizzard","Tempest"],"picked":"Barrage","floor":3},{"not_picked":["Turbo","Storm"],"picked":"Reprogram","floor":5},{"not_picked":["Gash","Redo","Aggregate"],"picked":"SKIP","floor":10},{"not_picked":["Chaos","Rip and Tear","Aggregate"],"picked":"SKIP","floor":12},{"not_picked":["Thunder Strike","Hologram"],"picked":"Ball Lightning","floor":13},{"not_picked":["Chill","Hello World"],"picked":"Stack","floor":14},{"not_picked":["Multi-Cast","Reboot"],"picked":"Core Surge","floor":16},{"not_picked":["Beam Cell","Stack"],"picked":"Undo+1","floor":18},{"not_picked":["Gash+1","Undo+1"],"picked":"Coolheaded","floor":21},{"not_picked":["Redo","Leap+1"],"picked":"Rainbow","floor":22},{"not_picked":["Heatsinks","Steam Power"],"picked":"Coolheaded","floor":23},{"not_picked":["Steam","Steam Power"],"picked":"Barrage+1","floor":24}],"player_experience":363306,"relics_obtained":[{"floor":9,"key":"Symbiotic Virus"},{"floor":10,"key":"Whetstone"},{"floor":11,"key":"Incense Burner"},{"floor":12,"key":"Ornamental Fan"},{"floor":23,"key":"Nunchaku"}],"event_choices":[{"cards_removed":["Strike_B"],"damage_healed":0,"gold_gain":0,"player_choice":"Card Removal","damage_taken":0,"max_hp_gain":0,"max_hp_loss":0,"event_name":"The Cleric","floor":2,"gold_loss":50},{"cards_removed":["Strike_B"],"damage_healed":0,"gold_gain":0,"player_choice":"Card Removal","damage_taken":7,"max_hp_gain":0,"max_hp_loss":0,"event_name":"Golden Wing","floor":4,"gold_loss":0},{"damage_healed":0,"gold_gain":0,"cards_transformed":["Defend_B","Defend_B"],"player_choice":"Became Test Subject","damage_taken":0,"max_hp_gain":0,"max_hp_loss":0,"event_name":"Drug Dealer","floor":20,"gold_loss":0,"cards_obtained":["Cold Snap","Rip and Tear"]}],"is_beta":false,"boss_relics":[{"not_picked":["Empty Cage","Lizard Tail"],"picked":"Fusion Hammer"}],"items_purged_floors":[19],"is_endless":false,"potions_floor_spawned":[1,10,14,16,18,24],"killed_by":"Shelled Parasite and Fungi","ascension_level":3}