{"gold_per_floor":[116,116,132,151,151,151,163,163,163,181,106,119,119,139,139,244,244,257,272,12,12,111,111,111],"floor_reached":24,"playtime":1268,"items_purged":["Strike_R"],"score":188,"play_id":"3156170d-3801-468a-8356-c08b26b7d16a","local_time":"20181230235431","is_ascension_mode":false,"campfire_choices":[{"floor":6,"key":"DIG"},{"floor":8,"key":"DIG"},{"floor":15,"key":"REST"},{"floor":23,"key":"DIG"}],"neow_cost":"PERCENT_DAMAGE","seed_source_timestamp":22575297640184,"circlet_count":0,"master_deck":["Strike_R","Strike_R","Strike_R+1","Defend_R","Defend_R+1","Defend_R","Defend_R","Bash","Spot Weakness","Heavy Blade","Rampage","Berserk","Berserk","Flex+1"],"relics":["Black Blood","Shovel","Darkstone Periapt","Bronze Scales","Anchor","Meat on the Bone","FossilizedHelix"],"potions_floor_usage":[7,16,24,24],"damage_taken":[{"damage":0,"enemies":"2 Louse","floor":1,"turns":4},{"damage":5,"enemies":"Jaw Worm","floor":3,"turns":5},{"damage":1,"enemies":"Cultist","floor":4,"turns":4},{"damage":13,"enemies":"2 Fungi Beasts","floor":7,"turns":3},{"damage":2,"enemies":"Looter","floor":10,"turns":3},{"damage":0,"enemies":"3 Louse","floor":12,"turns":3},{"damage":13,"enemies":"Blue Slaver","floor":14,"turns":3},{"damage":40,"enemies":"Slime Boss","floor":16,"turns":11},{"damage":45,"enemies":"3 Byrds","floor":18,"turns":4},{"damage":15,"enemies":"2 Thieves","floor":19,"turns":4},{"damage":30,"enemies":"Colosseum Slavers","floor":24,"turns":4},{"damage":48,"enemies":"Colosseum Nobs","floor":24,"turns":4}],"seed_played":"-7505834009134813345","potions_obtained":[{"floor":1,"key":"Poison Potion"},{"floor":4,"key":"Fruit Juice"},{"floor":10,"key":"GamblersBrew"},{"floor":13,"key":"PowerPotion"},{"floor":13,"key":"SmokeBomb"},{"floor":14,"key":"SteroidPotion"},{"floor":18,"key":"Energy Potion"}],"is_trial":false,"path_per_floor":["M","?","M","M","?","R","M","R","T","M","$","M","?","M","R","B",null,"M","M","$","?","?","R","?"],"character_chosen":"IRONCLAD","items_purchased":["Meat on the Bone"],"campfire_rested":1,"item_purchase_floors":[20],"current_hp_per_floor":[62,55,56,61,45,45,43,43,43,47,47,53,53,46,71,37,85,50,45,45,45,45,45,0],"gold":111,"neow_bonus":"ONE_RARE_RELIC","is_prod":false,"is_daily":false,"chose_seed":false,"campfire_upgraded":0,"win_rate":0.0,"timestamp":1546232071,"path_taken":["M","?","M","M","?","R","M","R","T","?","$","M","?","?","R","BOSS","M","M","$","?","?","R","?"],"build_version":"2018-12-20","purchased_purges":1,"victory":false,"max_hp_per_floor":[80,80,80,80,80,80,85,85,85,85,85,85,85,85,85,85,85,85,85,85,85,85,85,85],"card_choices":[{"not_picked":["Cleave","Rage"],"picked":"Spot Weakness","floor":1},{"not_picked":["Clothesline","Perfected Strike"],"picked":"Heavy Blade","floor":3},{"not_picked":["Whirlwind","Battle Trance"],"picked":"Rampage","floor":4},{"not_picked":["Heavy Blade","Clothesline","Spot Weakness"],"picked":"SKIP","floor":7},{"not_picked":["True Grit","Sever Soul","Seeing Red"],"picked":"SKIP","floor":10},{"not_picked":["Headbutt","Sever Soul"],"picked":"Berserk","floor":12},{"not_picked":["Headbutt","Perfected Strike","Heavy Blade"],"picked":"SKIP","floor":14},{"not_picked":["Brutality","Barricade"],"picked":"Berserk","floor":16},{"not_picked":["Armaments","Warcry"],"picked":"Flex+1","floor":18},{"not_picked":["Power Through","Entrench+1","Warcry"],"picked":"SKIP","floor":19}],"player_experience":51509,"relics_obtained":[{"floor":6,"key":"Darkstone Periapt"},{"floor":8,"key":"Bronze Scales"},{"floor":9,"key":"Anchor"},{"floor":23,"key":"FossilizedHelix"}],"event_choices":[{"cards_removed":["Strike_R"],"damage_healed":0,"gold_gain":0,"player_choice":"Card Removal","damage_taken":7,"max_hp_gain":0,"max_hp_loss":0,"event_name":"Golden Wing","floor":2,"gold_loss":0},{"damage_healed":0,"gold_gain":0,"player_choice":"Entered Light","damage_taken":16,"max_hp_gain":0,"max_hp_loss":0,"event_name":"Shining Light","floor":5,"gold_loss":0,"cards_upgraded":["Strike_R","Defend_R"]},{"damage_healed":0,"gold_gain":0,"player_choice":"Got Potions","damage_taken":0,"max_hp_gain":0,"max_hp_loss":0,"event_name":"Lab","floor":13,"gold_loss":0},{"damage_healed":0,"gold_gain":0,"player_choice":"Ignored","damage_taken":0,"max_hp_gain":0,"max_hp_loss":0,"event_name":"Ghosts","floor":21,"gold_loss":0},{"damage_healed":0,"gold_gain":99,"player_choice":"Stole From Cult","damage_taken":0,"max_hp_gain":0,"max_hp_loss":0,"event_name":"Nest","floor":22,"gold_loss":0},{"damage_healed":0,"gold_gain":0,"player_choice":"Fight","damage_taken":0,"max_hp_gain":0,"max_hp_loss":0,"event_name":"Colosseum","floor":24,"gold_loss":0},{"damage_healed":0,"gold_gain":0,"player_choice":"Fought Nobs","damage_taken":0,"max_hp_gain":0,"max_hp_loss":0,"event_name":"Colosseum","floor":24,"gold_loss":0}],"is_beta":false,"boss_relics":[{"not_picked":["White Beast Statue","Snecko Eye"],"picked":"Black Blood"}],"items_purged_floors":[11],"is_endless":false,"potions_floor_spawned":[1,4,10,14,18],"killed_by":"Colosseum Nobs","ascension_level":0}