{"gold_per_floor":[115,126,139,149,159,159,170,187,238,238,269,269,284,331,331,407,407,425,441,441,42,59,59,93,109,132,132,144,144],"floor_reached":29,"playtime":774,"items_purged":["Strike_R"],"score":502,"play_id":"5e9bbc2b-b7d1-40d6-919a-ec7342d45047","local_time":"20190711002749","is_ascension_mode":true,"campfire_choices":[{"data":"Inflame","floor":6,"key":"SMITH"},{"floor":10,"key":"REST"},{"data":"Metallicize","floor":12,"key":"SMITH"},{"data":"Metallicize","floor":15,"key":"SMITH"},{"floor":23,"key":"REST"},{"floor":27,"key":"REST"}],"neow_cost":"NONE","seed_source_timestamp":23702380750800,"circlet_count":0,"master_deck":["AscendersBane","Strike_R","Strike_R","Strike_R","Defend_R","Defend_R","Defend_R","Defend_R","Bash","Thunderclap","Inflame+1","Twin Strike","Clothesline","Sword Boomerang","Battle Trance","Metallicize+1","Metallicize+1","Feed","Twin Strike+1","Second Wind","RitualDagger","Feel No Pain","Wild Strike","Shrug It Off","Ghostly Armor","Feel No Pain","Carnage+1","Decay","Decay"],"relics":["Burning Blood","Potion Belt","Boot","Bag of Preparation","Fusion Hammer","ClockworkSouvenir","The Courier","Oddly Smooth Stone"],"potions_floor_usage":[7,16,22,24],"damage_taken":[{"damage":19,"enemies":"Cultist","floor":1,"turns":6},{"damage":10,"enemies":"Small Slimes","floor":2,"turns":4},{"damage":11,"enemies":"2 Louse","floor":3,"turns":3},{"damage":19,"enemies":"Red Slaver","floor":4,"turns":5},{"damage":17,"enemies":"Blue Slaver","floor":5,"turns":6},{"damage":12,"enemies":"Exordium Wildlife","floor":7,"turns":2},{"damage":8,"enemies":"Exordium Thugs","floor":8,"turns":4},{"damage":25,"enemies":"Lagavulin","floor":11,"turns":7},{"damage":10,"enemies":"3 Louse","floor":13,"turns":4},{"damage":4,"enemies":"Hexaghost","floor":16,"turns":9},{"damage":13,"enemies":"Shell Parasite","floor":18,"turns":6},{"damage":11,"enemies":"2 Thieves","floor":19,"turns":3},{"damage":15,"enemies":"Sentry and Sphere","floor":22,"turns":6},{"damage":37,"enemies":"Slavers","floor":24,"turns":4},{"damage":23,"enemies":"Snecko","floor":25,"turns":6},{"damage":18,"enemies":"Snake Plant","floor":28,"turns":7}],"seed_played":"1048126651541058216","potions_obtained":[{"floor":1,"key":"SteroidPotion"},{"floor":2,"key":"GamblersBrew"},{"floor":8,"key":"Swift Potion"},{"floor":13,"key":"PowerPotion"},{"floor":16,"key":"SteroidPotion"},{"floor":24,"key":"Block Potion"},{"floor":25,"key":"AttackPotion"}],"is_trial":false,"path_per_floor":["M","M","M","M","M","R","M","M","T","R","E","R","M","T","R","B",null,"M","M","?","$","M","R","E","M","T","R","M","?"],"character_chosen":"IRONCLAD","items_purchased":["Feel No Pain","Wild Strike","ClockworkSouvenir"],"campfire_rested":3,"item_purchase_floors":[21,21,21],"current_hp_per_floor":[55,51,46,33,22,22,16,14,14,36,17,17,13,13,13,15,60,56,54,48,48,42,67,36,19,19,44,32,32],"gold":144,"neow_bonus":"REMOVE_CARD","is_prod":false,"is_daily":false,"chose_seed":false,"campfire_upgraded":3,"win_rate":0,"timestamp":1562772469,"path_taken":["M","M","M","M","M","R","M","M","T","R","E","R","M","?","R","BOSS","M","M","?","$","M","R","E","M","T","R","M","?"],"build_version":"2019-07-05","purchased_purges":1,"victory":false,"max_hp_per_floor":[75,75,75,75,75,75,75,75,75,75,75,75,75,75,75,75,75,78,81,81,81,84,84,84,84,84,84,84,84],"card_choices":[{"not_picked":["Searing Blow","Fire Breathing"],"picked":"Thunderclap","floor":1},{"not_picked":["Sentinel","Rupture"],"picked":"Inflame","floor":2},{"not_picked":["Rage","Cleave"],"picked":"Twin Strike","floor":3},{"not_picked":["Searing Blow","Cleave"],"picked":"Clothesline","floor":4},{"not_picked":["Thunderclap","Hemokinesis"],"picked":"Sword Boomerang","floor":5},{"not_picked":["Hemokinesis","Twin Strike","Reckless Charge"],"picked":"SKIP","floor":7},{"not_picked":["Shockwave","Evolve"],"picked":"Battle Trance","floor":8},{"not_picked":["Twin Strike","Pommel Strike"],"picked":"Metallicize","floor":11},{"not_picked":["Thunderclap","Feel No Pain"],"picked":"Metallicize","floor":13},{"not_picked":["Dark Embrace","Berserk"],"picked":"Feed","floor":16},{"not_picked":["Ghostly Armor","Pommel Strike"],"picked":"Twin Strike+1","floor":18},{"not_picked":["Headbutt","Anger"],"picked":"Second Wind","floor":19},{"not_picked":["Battle Trance","Body Slam"],"picked":"Shrug It Off","floor":22},{"not_picked":["Armaments","Pommel Strike"],"picked":"Ghostly Armor","floor":24},{"not_picked":["Fire Breathing","Uppercut"],"picked":"Feel No Pain","floor":25},{"not_picked":["True Grit","Cleave+1"],"picked":"Carnage+1","floor":28}],"player_experience":5639292,"relics_obtained":[{"floor":9,"key":"Potion Belt"},{"floor":11,"key":"Boot"},{"floor":14,"key":"Bag of Preparation"},{"floor":24,"key":"The Courier"},{"floor":26,"key":"Oddly Smooth Stone"}],"event_choices":[{"damage_healed":0,"gold_gain":0,"player_choice":"Joined the Cult","damage_taken":6,"max_hp_gain":0,"max_hp_loss":0,"event_name":"Nest","floor":20,"gold_loss":0,"cards_obtained":["RitualDagger"]}],"is_beta":false,"boss_relics":[{"not_picked":["Orrery","Black Star"],"picked":"Fusion Hammer"}],"items_purged_floors":[21],"is_endless":false,"potions_floor_spawned":[1,2,8,13,16,24,25],"ascension_level":20}