{"gold_per_floor":[111,37,37,49,59,89,103,117,117,42,42,42,60,72,72,173,173,187,187,172,183,183,183],"floor_reached":23,"playtime":1213,"items_purged":["Defend_B"],"score":220,"play_id":"7c45cb4e-1778-44cb-913a-1a025a7f20b4","local_time":"20190717210003","is_ascension_mode":false,"campfire_choices":[{"floor":12,"key":"REST"},{"floor":15,"key":"REST"}],"neow_cost":"NONE","seed_source_timestamp":614896051156100,"circlet_count":0,"master_deck":["Strike_B","Strike_B","Strike_B","Defend_B","Defend_B","Defend_B","Zap","Dualcast","Reinforced Body","Scrape","Pain","Static Discharge","Genetic Algorithm","Gash","Gash","Core Surge","Go for the Eyes","Gash","Buffer","Fusion","Genetic Algorithm+1","Hologram+1"],"relics":["Cracked Core","WarpedTongs","Mango","Nuclear Battery","Nloth\u0027s Gift"],"potions_floor_usage":[6,16,21,21],"damage_taken":[{"damage":7,"enemies":"Jaw Worm","floor":1,"turns":4},{"damage":3,"enemies":"Cultist","floor":4,"turns":3},{"damage":3,"enemies":"Small Slimes","floor":5,"turns":3},{"damage":23,"enemies":"Lagavulin","floor":6,"turns":6},{"damage":13,"enemies":"2 Fungi Beasts","floor":7,"turns":3},{"damage":23,"enemies":"Lots of Slimes","floor":8,"turns":5},{"damage":14,"enemies":"Exordium Wildlife","floor":13,"turns":3},{"damage":3,"enemies":"Blue Slaver","floor":14,"turns":3},{"damage":31,"enemies":"Hexaghost","floor":16,"turns":8},{"damage":7,"enemies":"3 Byrds","floor":18,"turns":6},{"damage":19,"enemies":"2 Thieves","floor":20,"turns":4},{"damage":50,"enemies":"Shelled Parasite and Fungi","floor":21,"turns":7},{"damage":55,"enemies":"Gremlin Leader","floor":23,"turns":8}],"seed_played":"5032369859752440323","potions_obtained":[{"floor":1,"key":"Dexterity Potion"},{"floor":5,"key":"Poison Potion"},{"floor":6,"key":"SpeedPotion"},{"floor":18,"key":"FocusPotion"},{"floor":21,"key":"SteroidPotion"}],"is_trial":false,"path_per_floor":["M","$","?","M","M","E","M","M","T","$","?","R","M","M","R","B",null,"M","?","M","M","?","E"],"character_chosen":"DEFECT","items_purchased":["Scrape"],"campfire_rested":2,"item_purchase_floors":[2],"current_hp_per_floor":[75,75,75,72,69,60,47,24,24,24,17,45,31,28,56,25,96,89,89,70,20,52,0],"gold":183,"neow_bonus":"TEN_PERCENT_HP_BONUS","is_prod":false,"is_daily":false,"chose_seed":false,"campfire_upgraded":0,"win_rate":0.0,"timestamp":1563415203,"path_taken":["M","$","?","M","?","E","M","M","T","$","?","R","M","M","R","BOSS","M","?","M","?","?","E"],"build_version":"2019-07-05","purchased_purges":1,"victory":false,"max_hp_per_floor":[82,82,82,82,82,96,96,96,96,96,96,96,96,96,96,96,96,96,96,96,96,96,96],"card_choices":[{"not_picked":["FTL","Loop"],"picked":"Reinforced Body","floor":1},{"not_picked":["Streamline","Consume"],"picked":"Static Discharge","floor":4},{"not_picked":["Redo","FTL"],"picked":"Genetic Algorithm","floor":5},{"not_picked":["Go for the Eyes","Redo"],"picked":"Gash","floor":6},{"not_picked":["Reprogram","Streamline"],"picked":"Gash","floor":7},{"not_picked":["Cold Snap","Hologram"],"picked":"Core Surge","floor":8},{"not_picked":["Tempest","Steam"],"picked":"Go for the Eyes","floor":13},{"not_picked":["Redo","Consume"],"picked":"Gash","floor":14},{"not_picked":["Biased Cognition","Rainbow"],"picked":"Buffer","floor":16},{"not_picked":["Force Field","Turbo"],"picked":"Fusion","floor":18},{"not_picked":["Conserve Battery","Rebound"],"picked":"Genetic Algorithm+1","floor":20},{"not_picked":["Melter","Ball Lightning"],"picked":"Hologram+1","floor":21}],"player_experience":79661,"relics_obtained":[{"floor":6,"key":"Mango"},{"floor":9,"key":"Centennial Puzzle"}],"event_choices":[{"damage_healed":0,"gold_gain":0,"player_choice":"Rummage","damage_taken":0,"relics_obtained":["WarpedTongs"],"max_hp_gain":0,"max_hp_loss":0,"event_name":"Accursed Blacksmith","floor":3,"gold_loss":0,"cards_obtained":["Pain"]},{"cards_removed":["Strike_B"],"damage_healed":0,"gold_gain":0,"player_choice":"Card Removal","damage_taken":7,"max_hp_gain":0,"max_hp_loss":0,"event_name":"Golden Wing","floor":11,"gold_loss":0},{"damage_healed":0,"gold_gain":0,"player_choice":"Traded Relic","damage_taken":0,"relics_obtained":["Nloth\u0027s Gift"],"max_hp_gain":0,"max_hp_loss":0,"event_name":"N\u0027loth","floor":19,"relics_lost":["Centennial Puzzle"],"gold_loss":0},{"damage_healed":32,"gold_gain":0,"player_choice":"Heal","damage_taken":0,"max_hp_gain":0,"max_hp_loss":0,"event_name":"The Library","floor":22,"gold_loss":0}],"is_beta":false,"boss_relics":[{"not_picked":["Inserter","Cursed Key"],"picked":"Nuclear Battery"}],"items_purged_floors":[10],"is_endless":false,"potions_floor_spawned":[1,5,6,18,21],"killed_by":"Gremlin Leader","ascension_level":0}