{"gold_per_floor":[114,127,146,161,176,176,210,210,258,258],"floor_reached":10,"playtime":278,"items_purged":[],"score":140,"play_id":"d5c9d3ba-8bd0-4631-a979-2c16bf73859d","local_time":"20190720000436","is_ascension_mode":true,"campfire_choices":[{"data":"Havoc","floor":6,"key":"SMITH"}],"neow_cost":"NONE","seed_source_timestamp":800415672582900,"circlet_count":0,"master_deck":["AscendersBane","Strike_R","Strike_R","Strike_R","Strike_R","Strike_R","Defend_R","Defend_R","Defend_R","Defend_R","Bash","Dropkick","Cleave","Uppercut","Shrug It Off","Havoc+1","Seeing Red"],"relics":["Burning Blood","Bottled Flame","Centennial Puzzle"],"potions_floor_usage":[4,4],"damage_taken":[{"damage":2,"enemies":"Cultist","floor":1,"turns":4},{"damage":9,"enemies":"Jaw Worm","floor":2,"turns":3},{"damage":14,"enemies":"Small Slimes","floor":3,"turns":3},{"damage":34,"enemies":"Gremlin Gang","floor":4,"turns":5},{"damage":5,"enemies":"2 Fungi Beasts","floor":5,"turns":3},{"damage":32,"enemies":"3 Sentries","floor":7,"turns":8},{"damage":17,"enemies":"Large Slime","floor":10,"turns":3}],"seed_played":"93262859722145457","potions_obtained":[{"floor":1,"key":"PowerPotion"},{"floor":2,"key":"Weak Potion"}],"is_trial":false,"path_per_floor":["M","M","M","M","M","R","E","?","T","M"],"character_chosen":"IRONCLAD","items_purchased":[],"campfire_rested":0,"item_purchase_floors":[],"current_hp_per_floor":[79,76,68,40,41,41,15,15,15,0],"gold":258,"neow_bonus":"TEN_PERCENT_HP_BONUS","is_prod":false,"is_daily":false,"chose_seed":false,"campfire_upgraded":1,"win_rate":0,"timestamp":1563548676,"path_taken":["M","M","M","M","M","R","E","?","T","M"],"build_version":"2019-07-17","purchased_purges":0,"victory":false,"max_hp_per_floor":[82,82,82,82,82,82,82,82,82,82],"card_choices":[{"not_picked":["Bloodletting","Thunderclap"],"picked":"Dropkick","floor":1},{"not_picked":["Body Slam","Flex"],"picked":"Cleave","floor":2},{"not_picked":["Rupture","Pummel"],"picked":"Uppercut","floor":3},{"not_picked":["Clash","Perfected Strike"],"picked":"Shrug It Off","floor":4},{"not_picked":["Iron Wave","Heavy Blade"],"picked":"Havoc","floor":5},{"not_picked":["Searing Blow","Feel No Pain"],"picked":"Seeing Red","floor":7}],"player_experience":5748204,"relics_obtained":[{"floor":7,"key":"Bottled Flame"},{"floor":9,"key":"Centennial Puzzle"}],"event_choices":[{"damage_healed":0,"gold_gain":0,"player_choice":"Fled","damage_taken":0,"max_hp_gain":0,"max_hp_loss":0,"event_name":"Scrap Ooze","floor":8,"gold_loss":0}],"is_beta":false,"boss_relics":[],"items_purged_floors":[],"is_endless":false,"potions_floor_spawned":[1,2],"killed_by":"Large Slime","ascension_level":20}