{"gold_per_floor":[119,194,210,210,225,225,260,260,330,330,280,280,280,292,292,292],"floor_reached":16,"playtime":383,"items_purged":["Strike_G"],"score":196,"play_id":"7eb495c7-37a6-4d4e-a071-ba52eac1cc0b","local_time":"20190429003321","is_ascension_mode":true,"campfire_choices":[{"data":"Strike_G","floor":6,"key":"PURGE"},{"data":"Defend_G","floor":8,"key":"PURGE"},{"data":"Defend_G","floor":10,"key":"PURGE"},{"floor":12,"key":"REST"},{"data":"Deadly Poison","floor":15,"key":"SMITH"}],"neow_cost":"","seed_source_timestamp":0,"circlet_count":0,"master_deck":["Survivor+1","Defend_G","Defend_G","Strike_G","Strike_G","Strike_G","Neutralize","Backflip+1","Deadly Poison+1","Acrobatics+1"],"relics":["Ring of the Snake","Peace Pipe","Smiling Mask","War Paint"],"potions_floor_usage":[7,7],"damage_taken":[{"damage":2,"enemies":"Jaw Worm","floor":1,"turns":4},{"damage":8,"enemies":"2 Louse","floor":3,"turns":3},{"damage":0,"enemies":"Cultist","floor":5,"turns":4},{"damage":30,"enemies":"3 Sentries","floor":7,"turns":13},{"damage":11,"enemies":"Lots of Slimes","floor":14,"turns":6},{"damage":4,"enemies":"Hexaghost","floor":16,"turns":7}],"seed_played":"1426470533840607746","potions_obtained":[{"floor":1,"key":"GhostInAJar"},{"floor":5,"key":"GhostInAJar"}],"is_trial":true,"path_per_floor":["M","?","M","?","M","R","E","R","T","R","$","R","?","M","R","B"],"character_chosen":"THE_SILENT","items_purchased":[],"campfire_rested":1,"item_purchase_floors":[],"current_hp_per_floor":[57,46,38,31,31,31,1,1,1,1,1,20,20,9,9,5],"gold":292,"neow_bonus":"","is_prod":false,"is_daily":false,"chose_seed":false,"campfire_upgraded":1,"win_rate":0,"timestamp":1556465601,"path_taken":["M","?","M","?","M","R","E","R","T","R","$","R","?","?","R","BOSS"],"build_version":"2019-01-23","purchased_purges":1,"victory":false,"max_hp_per_floor":[66,66,66,66,66,66,66,66,66,66,66,66,66,66,66,66],"card_choices":[{"not_picked":["Caltrops","Bane"],"picked":"Backflip","floor":1},{"not_picked":["Acrobatics","Setup"],"picked":"Deadly Poison","floor":3},{"not_picked":["Flying Knee","Deadly Poison","Finisher"],"picked":"SKIP","floor":5},{"not_picked":["Accuracy","Doppelganger"],"picked":"Acrobatics","floor":7},{"not_picked":["Noxious Fumes","Skewer","Sucker Punch"],"picked":"SKIP","floor":14}],"player_experience":4859979,"relics_obtained":[{"floor":7,"key":"War Paint"}],"event_choices":[{"damage_healed":0,"gold_gain":75,"player_choice":"Gather Gold","damage_taken":11,"max_hp_gain":0,"max_hp_loss":0,"event_name":"World of Goop","floor":2,"gold_loss":0},{"cards_removed":["Defend_G"],"damage_healed":0,"gold_gain":0,"player_choice":"Card Removal","damage_taken":7,"max_hp_gain":0,"max_hp_loss":0,"event_name":"Golden Wing","floor":4,"gold_loss":0},{"damage_healed":0,"gold_gain":0,"player_choice":"Forge","damage_taken":0,"max_hp_gain":0,"max_hp_loss":0,"event_name":"Accursed Blacksmith","floor":13,"gold_loss":0,"cards_upgraded":["Acrobatics"]}],"is_beta":false,"boss_relics":[],"items_purged_floors":[11],"is_endless":false,"potions_floor_spawned":[1,5],"killed_by":"Hexaghost","ascension_level":20}