{"gold_per_floor":[115,115,37,37,56,89,100,100,100,112,127,52,52,0,0,0],"floor_reached":16,"playtime":293,"items_purged":["Strike_G"],"score":250,"play_id":"b5a4312e-aab8-44be-ad65-ec1b1a1608be","local_time":"20190419005345","is_ascension_mode":true,"campfire_choices":[{"data":"Blade Dance","floor":8,"key":"SMITH"},{"data":"Dagger Throw","floor":15,"key":"SMITH"}],"neow_cost":"NONE","seed_source_timestamp":175596310078500,"circlet_count":0,"master_deck":["AscendersBane","Defend_G","Defend_G","Defend_G","Defend_G","Strike_G","Strike_G","Strike_G","Strike_G","Survivor","Neutralize","Backflip","All Out Attack","Infinite Blades","Blade Dance+1","Well Laid Plans","PiercingWail","Backstab","Dagger Throw+1"],"relics":["Ring of the Snake","NeowsBlessing","Ornamental Fan","Regal Pillow"],"potions_floor_usage":[16],"damage_taken":[{"damage":0,"enemies":"Cultist","floor":1,"turns":1},{"damage":0,"enemies":"Small Slimes","floor":5,"turns":1},{"damage":0,"enemies":"3 Sentries","floor":6,"turns":1},{"damage":5,"enemies":"2 Louse","floor":7,"turns":3},{"damage":3,"enemies":"Blue Slaver","floor":10,"turns":4},{"damage":7,"enemies":"Exordium Wildlife","floor":11,"turns":4},{"damage":34,"enemies":"Hexaghost","floor":16,"turns":11}],"seed_played":"4554505499870589575","potions_obtained":[{"floor":7,"key":"Weak Potion"},{"floor":10,"key":"Fire Potion"}],"is_trial":false,"path_per_floor":["M","?","$","?","M","E","M","R","T","M","M","$","?","$","R","B"],"character_chosen":"THE_SILENT","items_purchased":["All Out Attack","Dagger Throw"],"campfire_rested":0,"item_purchase_floors":[3,14],"current_hp_per_floor":[59,41,41,41,41,41,36,36,36,33,26,26,31,31,31,0],"gold":0,"neow_bonus":"THREE_ENEMY_KILL","is_prod":false,"is_daily":false,"chose_seed":false,"campfire_upgraded":2,"win_rate":0,"timestamp":1555602825,"path_taken":["M","?","$","?","M","E","M","R","T","M","M","$","?","?","R","BOSS"],"build_version":"2019-01-23","purchased_purges":1,"victory":false,"max_hp_per_floor":[66,66,66,66,66,66,66,66,66,66,66,66,71,71,71,71],"card_choices":[{"not_picked":["Calculated Gamble","Blade Dance"],"picked":"Backflip","floor":1},{"not_picked":["Acrobatics","Deflect"],"picked":"Infinite Blades","floor":5},{"not_picked":["Acrobatics","Backflip"],"picked":"Blade Dance","floor":6},{"not_picked":["Expertise","Distraction"],"picked":"Well Laid Plans","floor":7},{"not_picked":["Underhanded Strike","Blade Dance"],"picked":"PiercingWail","floor":10},{"not_picked":["Deadly Poison","Slice"],"picked":"Backstab","floor":11}],"player_experience":4835694,"relics_obtained":[{"floor":6,"key":"Regal Pillow"}],"event_choices":[{"damage_healed":0,"gold_gain":0,"player_choice":"Success","damage_taken":18,"relics_obtained":["Ornamental Fan"],"max_hp_gain":0,"max_hp_loss":0,"event_name":"Scrap Ooze","floor":2,"gold_loss":0},{"cards_removed":["Defend_G"],"damage_healed":0,"gold_gain":0,"player_choice":"Forget","damage_taken":0,"max_hp_gain":0,"max_hp_loss":0,"event_name":"Living Wall","floor":4,"gold_loss":0},{"damage_healed":0,"gold_gain":0,"player_choice":"Donut","damage_taken":0,"max_hp_gain":5,"max_hp_loss":0,"event_name":"Big Fish","floor":13,"gold_loss":0}],"is_beta":false,"boss_relics":[],"items_purged_floors":[12],"is_endless":false,"potions_floor_spawned":[7,10],"killed_by":"Hexaghost","ascension_level":20}