{"gold_per_floor":[116,127,146,146,160,160,181,222,272,308,333,333,356,82,82,172,172,196,196,38,62,78,114,137,137,137,171,171,207,223,15,15,108,108,126,459,459,68,79,113,113,113,140,168,200,211,224,240,240,240,240,240,240,15,45,45],"floor_reached":57,"playtime":2628,"items_purged":["Strike_B","Strike_B","Strike_B","Defend_B"],"score":3478,"play_id":"9900cb4c-dcff-46da-b260-f3e7ab99803d","local_time":"20190729014119","is_ascension_mode":true,"campfire_choices":[{"data":"Dualcast","floor":6,"key":"SMITH"},{"data":"Go for the Eyes","floor":12,"key":"SMITH"},{"data":"Apotheosis","floor":15,"key":"SMITH"},{"floor":25,"key":"REST"},{"floor":28,"key":"REST"},{"data":"Seek","floor":32,"key":"SMITH"},{"floor":41,"key":"RECALL"},{"data":"Defragment","floor":42,"key":"SMITH"},{"data":"White Noise","floor":49,"key":"SMITH"},{"floor":53,"key":"REST"}],"neow_cost":"NONE","seed_source_timestamp":401843046360800,"circlet_count":0,"master_deck":["AscendersBane","Defend_B","Defend_B","Defend_B","Zap","Dualcast+1","All For One","BootSequence","Go for the Eyes+1","Cold Snap","Ball Lightning","Genetic Algorithm","Sweeping Beam","Seek+1","Ball Lightning","Coolheaded","Apotheosis+1","All For One","Turbo","Beam Cell","White Noise+1","Defragment+1","Electrodynamics","Defragment+1","Defragment+1","Capacitor","Hologram","Coolheaded","Compile Driver","Heatsinks+1","Loop","Heatsinks+1","Force Field","Defragment"],"relics":["Cracked Core","Gambling Chip","Lantern","Ornamental Fan","Sozu","Nilry\u0027s Codex","Bronze Scales","Symbiotic Virus","Dream Catcher","WingedGreaves","Bag of Preparation","Nuclear Battery","ClockworkSouvenir","Dodecahedron","Happy Flower","Regal Pillow","Pear"],"potions_floor_usage":[8,10],"damage_taken":[{"damage":9,"enemies":"2 Louse","floor":1,"turns":3},{"damage":0,"enemies":"Small Slimes","floor":2,"turns":3},{"damage":0,"enemies":"Cultist","floor":3,"turns":3},{"damage":8,"enemies":"Lots of Slimes","floor":5,"turns":6},{"damage":0,"enemies":"Looter","floor":7,"turns":3},{"damage":3,"enemies":"3 Sentries","floor":8,"turns":8},{"damage":0,"enemies":"Gremlin Nob","floor":10,"turns":2},{"damage":0,"enemies":"3 Louse","floor":11,"turns":3},{"damage":0,"enemies":"Large Slime","floor":13,"turns":3},{"damage":0,"enemies":"The Guardian","floor":16,"turns":11},{"damage":0,"enemies":"Spheric Guardian","floor":18,"turns":3},{"damage":0,"enemies":"Shell Parasite","floor":21,"turns":3},{"damage":4,"enemies":"3 Cultists","floor":22,"turns":5},{"damage":6,"enemies":"Gremlin Leader","floor":23,"turns":5},{"damage":0,"enemies":"Chosen and Byrds","floor":24,"turns":4},{"damage":6,"enemies":"Slavers","floor":27,"turns":4},{"damage":5,"enemies":"Gremlin Leader","floor":29,"turns":3},{"damage":0,"enemies":"Snake Plant","floor":30,"turns":2},{"damage":0,"enemies":"Automaton","floor":33,"turns":5},{"damage":0,"enemies":"3 Shapes","floor":35,"turns":4},{"damage":0,"enemies":"3 Darklings","floor":39,"turns":2},{"damage":3,"enemies":"Nemesis","floor":40,"turns":3},{"damage":0,"enemies":"Giant Head","floor":44,"turns":4},{"damage":0,"enemies":"Nemesis","floor":45,"turns":5},{"damage":0,"enemies":"Spire Growth","floor":46,"turns":2},{"damage":0,"enemies":"Transient","floor":47,"turns":6},{"damage":0,"enemies":"4 Shapes","floor":48,"turns":1},{"damage":0,"enemies":"Donu and Deca","floor":50,"turns":4},{"damage":13,"enemies":"Time Eater","floor":51,"turns":20},{"damage":0,"enemies":"Shield and Spear","floor":55,"turns":2},{"damage":57,"enemies":"The Heart","floor":56,"turns":6}],"seed_played":"-8486869541947407083","potions_obtained":[{"floor":3,"key":"Strength Potion"},{"floor":5,"key":"Swift Potion"},{"floor":7,"key":"SteroidPotion"},{"floor":13,"key":"Explosive Potion"}],"is_trial":false,"path_per_floor":["M","M","M","?","M","R","M","E","T","E","M","R","M","$","R","B",null,"M","?","$","M","M","E","M","R","T","E","R","E","M","$","R","B",null,"M","?","?","$","M","E","R","R","T","E","E","M","M","M","R","B","B",null,"R","$","E","B",null],"character_chosen":"DEFECT","items_purchased":["Apotheosis","Beam Cell","Bag of Preparation","Capacitor","ClockworkSouvenir","Coolheaded","Force Field"],"campfire_rested":3,"item_purchase_floors":[14,20,31,31,38,38,54],"current_hp_per_floor":[55,55,55,55,47,47,47,44,44,44,44,44,44,44,44,44,59,59,38,38,38,34,28,28,47,47,41,60,55,55,55,55,55,62,62,62,62,62,62,59,59,59,59,59,59,59,59,59,59,59,46,60,64,64,74,17],"gold":45,"neow_bonus":"ONE_RANDOM_RARE_CARD","is_prod":false,"is_daily":false,"chose_seed":false,"campfire_upgraded":6,"win_rate":0,"timestamp":1564332079,"path_taken":["M","M","M","?","M","R","M","E","T","E","M","R","M","$","R","BOSS","M","?","$","M","M","E","M","R","T","E","R","E","M","$","R","BOSS","M","?","?","$","M","E","R","R","T","E","E","?","?","M","R","BOSS","BOSS","R","$","E","BOSS"],"build_version":"2019-07-17","purchased_purges":4,"victory":true,"max_hp_per_floor":[71,71,71,64,64,64,64,64,64,64,64,64,64,64,64,64,64,64,64,64,64,64,64,64,64,64,64,64,64,64,64,64,64,64,64,64,64,64,64,64,64,64,64,64,64,64,64,64,64,64,64,64,64,64,74,74],"card_choices":[{"not_picked":["Conserve Battery","Static Discharge"],"picked":"BootSequence","floor":1},{"not_picked":["Hologram","White Noise"],"picked":"Go for the Eyes","floor":2},{"not_picked":["Stack","Aggregate"],"picked":"Cold Snap","floor":3},{"not_picked":["Storm","Auto Shields"],"picked":"Ball Lightning","floor":5},{"not_picked":["Steam","Barrage"],"picked":"Genetic Algorithm","floor":7},{"not_picked":["Reprogram","Hello World"],"picked":"Sweeping Beam","floor":8},{"not_picked":["Go for the Eyes","Steam"],"picked":"Seek","floor":10},{"not_picked":["Stack","Barrage"],"picked":"Ball Lightning","floor":11},{"not_picked":["Compile Driver","Force Field"],"picked":"Coolheaded","floor":13},{"not_picked":["Meteor Strike","Rainbow"],"picked":"All For One","floor":16},{"not_picked":["Rebound+1","Heatsinks"],"picked":"Turbo","floor":18},{"not_picked":["BootSequence","Barrage"],"picked":"White Noise","floor":21},{"not_picked":["Go for the Eyes","Beam Cell","Compile Driver"],"picked":"SKIP","floor":22},{"not_picked":["Darkness","Compile Driver","Sweeping Beam"],"picked":"SKIP","floor":23},{"not_picked":["Steam","Lockon"],"picked":"Defragment","floor":24},{"not_picked":["Compile Driver","Loop","Barrage"],"picked":"SKIP","floor":27},{"not_picked":["Aggregate","Stack+1"],"picked":"Electrodynamics","floor":28},{"not_picked":["Storm","Leap"],"picked":"Defragment+1","floor":29},{"not_picked":["Conserve Battery","Streamline"],"picked":"Defragment+1","floor":30},{"not_picked":["Tempest","Cold Snap"],"picked":"Hologram","floor":35},{"not_picked":["Gash","Barrage+1","Conserve Battery"],"picked":"SKIP","floor":39},{"not_picked":["Force Field","Streamline+1"],"picked":"Compile Driver","floor":40},{"not_picked":["Chill+1","Electrodynamics","Conserve Battery"],"picked":"SKIP","floor":44},{"not_picked":["Beam Cell","Hologram"],"picked":"Heatsinks+1","floor":45},{"not_picked":["Barrage","Hello World","Streamline"],"picked":"SKIP","floor":46},{"not_picked":["Barrage","Hello World","Streamline"],"picked":"SKIP","floor":46},{"not_picked":["Ball Lightning+1","Go for the Eyes","Storm"],"picked":"SKIP","floor":47},{"not_picked":["Turbo","Rip and Tear"],"picked":"Loop","floor":48},{"not_picked":["Storm","Amplify"],"picked":"Heatsinks+1","floor":53},{"not_picked":["Compile Driver","Gash+1"],"picked":"Defragment","floor":55}],"player_experience":5836821,"relics_obtained":[{"floor":8,"key":"Gambling Chip"},{"floor":9,"key":"Lantern"},{"floor":10,"key":"Ornamental Fan"},{"floor":19,"key":"Nilry\u0027s Codex"},{"floor":23,"key":"Bronze Scales"},{"floor":26,"key":"Symbiotic Virus"},{"floor":27,"key":"Dream Catcher"},{"floor":29,"key":"WingedGreaves"},{"floor":40,"key":"Dodecahedron"},{"floor":44,"key":"Happy Flower"},{"floor":45,"key":"Regal Pillow"},{"floor":55,"key":"Pear"}],"event_choices":[{"damage_healed":0,"gold_gain":0,"player_choice":"Lose Max HP","damage_taken":0,"relics_obtained":["Golden Idol"],"max_hp_gain":0,"max_hp_loss":7,"event_name":"Golden Idol","floor":4,"gold_loss":0},{"damage_healed":0,"gold_gain":0,"player_choice":"Obtained Book","damage_taken":21,"max_hp_gain":0,"max_hp_loss":0,"event_name":"Cursed Tome","floor":19,"gold_loss":0},{"damage_healed":0,"gold_gain":333,"player_choice":"Gave Idol","damage_taken":0,"max_hp_gain":0,"max_hp_loss":0,"event_name":"The Moai Head","floor":36,"relics_lost":["Golden Idol"],"gold_loss":0},{"cards_removed":["Strike_B"],"damage_healed":0,"gold_gain":0,"player_choice":"Purged","damage_taken":0,"max_hp_gain":0,"max_hp_loss":0,"event_name":"Purifier","floor":37,"gold_loss":0}],"is_beta":false,"boss_relics":[{"not_picked":["Busted Crown","Black Star"],"picked":"Sozu"},{"not_picked":["Runic Dome","Calling Bell"],"picked":"Nuclear Battery"}],"items_purged_floors":[14,20,38,54],"is_endless":false,"potions_floor_spawned":[3,5,7,13,21,24,30,33,35,40,45,48],"ascension_level":20}