{"gold_per_floor":[116,116,135,152,172,205,205,232,232,261,261,275,275,310,310,386,386,396,396,396,93,93,93,121,121,145,174,174,174,191,291,291,368,368,380,380,398,418,428,428,49,74,74,87,121,174,174,70,70,70,70,70,70,15,43,43],"floor_reached":57,"playtime":1889,"items_purged":["Perfected Strike","Disarm"],"score":2948,"play_id":"7e1b6ac7-43fe-4149-be37-021606eaa1ce","local_time":"20190727012633","is_ascension_mode":true,"campfire_choices":[{"data":"Immolate","floor":7.0,"key":"SMITH"},{"floor":11.0,"key":"REST"},{"data":"Corruption","floor":13.0,"key":"SMITH"},{"data":"Carnage","floor":15.0,"key":"SMITH"},{"data":"Inflame","floor":23.0,"key":"SMITH"},{"data":"Offering","floor":25.0,"key":"SMITH"},{"floor":28.0,"key":"REST"},{"data":"1","floor":32.0,"key":"LIFT"},{"data":"2","floor":40.0,"key":"LIFT"},{"data":"3","floor":47.0,"key":"LIFT"},{"floor":49.0,"key":"RECALL"},{"data":"Heavy Blade","floor":53,"key":"SMITH"}],"neow_cost":"PERCENT_DAMAGE","seed_source_timestamp":228699486467300,"circlet_count":0,"master_deck":["AscendersBane","Bash","Immolate+1","Carnage+1","Corruption+1","Second Wind","Offering+1","Sever Soul","Exhume","Flex","Inflame+1","Burning Pact","Limit Break","Evolve","Ghostly","Ghostly","Ghostly","Dropkick","Berserk","Shrug It Off","Shrug It Off+1","Barricade","Shrug It Off","Heavy Blade+1","Sword Boomerang"],"special_seed":0,"relics":["Burning Blood","Incense Burner","Smiling Mask","Matryoshka","Shuriken","Potion Belt","Pandora\u0027s Box","Bag of Preparation","Vajra","Art of War","Bronze Scales","Bag of Marbles","Girya","Pear","Empty Cage","Happy Flower","Bottled Tornado","Centennial Puzzle","Orichalcum","Thread and Needle","Unceasing Top"],"potions_floor_usage":[50,51,51,56,56],"damage_taken":[{"damage":0.0,"enemies":"2 Louse","floor":1.0,"turns":1.0},{"damage":0.0,"enemies":"Small Slimes","floor":3.0,"turns":2.0},{"damage":7.0,"enemies":"Jaw Worm","floor":4.0,"turns":3.0},{"damage":7.0,"enemies":"Looter","floor":5.0,"turns":3.0},{"damage":34.0,"enemies":"Lagavulin","floor":6.0,"turns":7.0},{"damage":15.0,"enemies":"3 Sentries","floor":8.0,"turns":4.0},{"damage":45.0,"enemies":"Lagavulin","floor":10.0,"turns":9.0},{"damage":12.0,"enemies":"Blue Slaver","floor":12.0,"turns":3.0},{"damage":1.0,"enemies":"Gremlin Nob","floor":14.0,"turns":3.0},{"damage":10.0,"enemies":"Slime Boss","floor":16.0,"turns":8.0},{"damage":14.0,"enemies":"2 Thieves","floor":18.0,"turns":3.0},{"damage":47.0,"enemies":"Slavers","floor":24.0,"turns":4.0},{"damage":12.0,"enemies":"Gremlin Leader","floor":27.0,"turns":2.0},{"damage":1.0,"enemies":"Chosen","floor":30.0,"turns":3.0},{"damage":19.0,"enemies":"Colosseum Slavers","floor":31.0,"turns":4.0},{"damage":3.0,"enemies":"Colosseum Nobs","floor":31.0,"turns":4.0},{"damage":5.0,"enemies":"Collector","floor":33.0,"turns":5.0},{"damage":3.0,"enemies":"Orb Walker","floor":35.0,"turns":2.0},{"damage":2.0,"enemies":"3 Shapes","floor":37.0,"turns":1.0},{"damage":3.0,"enemies":"Transient","floor":38.0,"turns":6.0},{"damage":41.0,"enemies":"Maw","floor":39.0,"turns":5.0},{"damage":4.0,"enemies":"Reptomancer","floor":42.0,"turns":3.0},{"damage":1.0,"enemies":"4 Shapes","floor":44.0,"turns":1.0},{"damage":5.0,"enemies":"Nemesis","floor":45.0,"turns":3.0},{"damage":2.0,"enemies":"2 Orb Walkers","floor":46.0,"turns":1.0},{"damage":12,"enemies":"Awakened One","floor":50,"turns":6},{"damage":7,"enemies":"Donu and Deca","floor":51,"turns":6},{"damage":6,"enemies":"Shield and Spear","floor":55,"turns":5},{"damage":16,"enemies":"The Heart","floor":56,"turns":5}],"seed_played":"-1013252957840764627","potions_obtained":[{"floor":4.0,"key":"Block Potion"},{"floor":6.0,"key":"BloodPotion"},{"floor":10.0,"key":"Energy Potion"},{"floor":16.0,"key":"Regen Potion"},{"floor":18.0,"key":"Swift Potion"},{"floor":24.0,"key":"Energy Potion"},{"floor":30.0,"key":"Fire Potion"},{"floor":37.0,"key":"FearPotion"},{"floor":45.0,"key":"Strength Potion"},{"floor":46.0,"key":"PowerPotion"},{"floor":55,"key":"Regen Potion"}],"is_trial":false,"path_per_floor":["M","?","M","M","M","E","R","E","T","E","R","M","R","E","R","B",null,"M","?","?","$","?","R","E","R","T","E","R","?","M","?","R","B",null,"M","?","M","M","M","R","$","E","T","M","E","?","R","$","R","B","B",null,"R","$","E","B",null],"character_chosen":"IRONCLAD","items_purchased":["Bag of Preparation","Regen Potion","Happy Flower","SteroidPotion","Energy Potion","AttackPotion","Shrug It Off","Heavy Blade","SteroidPotion"],"campfire_rested":2,"item_purchase_floors":[21,21,41,41,41,41,48,48,54],"current_hp_per_floor":[56,61,67,66,65,37,37,48,48,9,33,27,27,32,32,28,67,59,59,59,59,36,36,22,22,22,16,41,41,42,42,42,43,50,52,52,52,52,17,17,17,19,19,24,25,29,29,29,29,23,22,45,45,45,45,49],"gold":43,"neow_bonus":"THREE_RARE_CARDS","is_prod":false,"is_daily":false,"chose_seed":false,"campfire_upgraded":6,"win_rate":0,"timestamp":1564158393,"path_taken":["M","?","M","M","M","E","R","E","T","E","R","M","R","E","R","BOSS","M","?","?","$","?","R","E","R","T","E","R","?","M","?","R","BOSS","M","?","M","M","M","R","$","E","T","M","E","?","R","$","R","BOSS","BOSS","R","$","E","BOSS"],"build_version":"2019-07-17","purchased_purges":2,"victory":true,"max_hp_per_floor":[75,80,80,80,80,80,80,80,80,80,80,80,80,80,80,80,80,80,80,80,80,85,85,85,85,85,85,85,42,42,52,52,52,52,52,52,52,52,52,52,52,52,52,52,52,52,52,52,52,52,52,52,52,52,52,52],"card_choices":[{"not_picked":["Fiend Fire","Brutality"],"picked":"Immolate","floor":0.0},{"not_picked":["Flex","Rupture","Iron Wave"],"picked":"SKIP","floor":1.0},{"not_picked":["Iron Wave","Entrench","Bloodletting"],"picked":"SKIP","floor":3.0},{"not_picked":["Body Slam","Berserk"],"picked":"Carnage","floor":4.0},{"not_picked":["Warcry","Twin Strike"],"picked":"Headbutt","floor":5.0},{"not_picked":["Rampage","Flex","Disarm"],"picked":"SKIP","floor":6.0},{"not_picked":["Cleave","Entrench"],"picked":"Corruption","floor":8.0},{"not_picked":["Pommel Strike","Reckless Charge"],"picked":"Intimidate","floor":10.0},{"not_picked":["True Grit","Fire Breathing"],"picked":"Second Wind","floor":12.0},{"not_picked":["Heavy Blade","Warcry","Body Slam"],"picked":"SKIP","floor":14.0},{"not_picked":["Impervious","Dark Embrace"],"picked":"Offering","floor":16.0},{"not_picked":["Heavy Blade","Sever Soul+1","Corruption"],"picked":"SKIP","floor":18.0},{"not_picked":["Whirlwind","True Grit","Shockwave"],"picked":"SKIP","floor":24.0},{"not_picked":["Feel No Pain","Dropkick","Bloodletting"],"picked":"SKIP","floor":27.0},{"not_picked":["Sword Boomerang","Dropkick","Clothesline+1"],"picked":"SKIP","floor":30.0},{"not_picked":["Thunderclap","Havoc+1","True Grit"],"picked":"SKIP","floor":35.0},{"not_picked":["Metallicize","Dual Wield","Havoc"],"picked":"SKIP","floor":37.0},{"not_picked":["Combust","Clothesline"],"picked":"Dropkick","floor":38.0},{"not_picked":["Body Slam+1","Uppercut","Flame Barrier+1"],"picked":"SKIP","floor":39.0},{"not_picked":["Thunderclap","Heavy Blade"],"picked":"Berserk","floor":42.0},{"not_picked":["Twin Strike","Shrug It Off","Intimidate"],"picked":"SKIP","floor":44.0},{"not_picked":["Twin Strike","Intimidate"],"picked":"Shrug It Off","floor":44.0},{"not_picked":["Iron Wave+1","Flame Barrier"],"picked":"Shrug It Off+1","floor":45.0},{"not_picked":["Blood for Blood","Power Through"],"picked":"Barricade","floor":46.0},{"not_picked":["True Grit","Second Wind"],"picked":"Sword Boomerang","floor":55}],"player_experience":5828866,"relics_obtained":[{"floor":6.0,"key":"Incense Burner"},{"floor":8.0,"key":"Smiling Mask"},{"floor":9.0,"key":"Matryoshka"},{"floor":10.0,"key":"Shuriken"},{"floor":14.0,"key":"Potion Belt"},{"floor":24.0,"key":"Vajra"},{"floor":26.0,"key":"Art of War"},{"floor":26.0,"key":"Bronze Scales"},{"floor":27.0,"key":"Bag of Marbles"},{"floor":31.0,"key":"Girya"},{"floor":31.0,"key":"Pear"},{"floor":42.0,"key":"Bottled Tornado"},{"floor":43.0,"key":"Centennial Puzzle"},{"floor":45.0,"key":"Orichalcum"},{"floor":46.0,"key":"Thread and Needle"},{"floor":55,"key":"Unceasing Top"}],"event_choices":[{"damage_healed":0.0,"max_hp_gain":5.0,"max_hp_loss":0.0,"gold_gain":0.0,"event_name":"Big Fish","player_choice":"Donut","floor":2.0,"gold_loss":0.0,"damage_taken":0.0},{"damage_healed":0.0,"max_hp_gain":0.0,"max_hp_loss":0.0,"gold_gain":0.0,"cards_transformed":["Demon Form","Headbutt"],"event_name":"Drug Dealer","player_choice":"Became Test Subject","floor":19.0,"gold_loss":0.0,"damage_taken":0.0,"cards_obtained":["Corruption","Perfected Strike"]},{"damage_healed":0.0,"max_hp_gain":0.0,"max_hp_loss":0.0,"gold_gain":0.0,"event_name":"The Library","player_choice":"Read","floor":20.0,"gold_loss":0.0,"damage_taken":0.0,"cards_obtained":["Evolve"]},{"damage_healed":0.0,"max_hp_gain":5.0,"max_hp_loss":0.0,"gold_gain":0.0,"event_name":"Forgotten Altar","player_choice":"Shed Blood","floor":22.0,"gold_loss":0.0,"damage_taken":28.0},{"damage_healed":0.0,"max_hp_gain":0.0,"max_hp_loss":43.0,"gold_gain":0.0,"event_name":"Ghosts","player_choice":"Became a Ghost","floor":29.0,"gold_loss":0.0,"damage_taken":0.0,"cards_obtained":["Ghostly","Ghostly","Ghostly"]},{"damage_healed":0.0,"max_hp_gain":0.0,"max_hp_loss":0.0,"gold_gain":0.0,"event_name":"Colosseum","player_choice":"Fight","floor":31.0,"gold_loss":0.0,"damage_taken":0.0},{"damage_healed":0.0,"max_hp_gain":0.0,"max_hp_loss":0.0,"gold_gain":0.0,"event_name":"Colosseum","player_choice":"Fought Nobs","floor":31.0,"gold_loss":0.0,"damage_taken":0.0},{"cards_removed":["Seeing Red"],"damage_healed":0.0,"max_hp_gain":0.0,"max_hp_loss":0.0,"gold_gain":0.0,"event_name":"Falling","player_choice":"Removed Skill","floor":36.0,"gold_loss":0.0,"damage_taken":0.0},{"damage_healed":0.0,"max_hp_gain":0.0,"max_hp_loss":0.0,"gold_gain":0.0,"event_name":"Mysterious Sphere","player_choice":"Fight","floor":46.0,"gold_loss":0.0,"damage_taken":0.0}],"is_beta":false,"boss_relics":[{"not_picked":["Runic Pyramid","Sozu"],"picked":"Pandora\u0027s Box"},{"not_picked":["Calling Bell","Eternal Feather"],"picked":"Empty Cage"}],"items_purged_floors":[21,41],"is_endless":false,"potions_floor_spawned":[4,6,10,16,18,24,30,37,42,45,46,55],"ascension_level":20}