{"gold_per_floor":[15,27,46,64,78,78,135,60,85,108,108,120,144,170,170,247,247,261,361,176,196,219,253,253,285,312,312,322,351,365,381,381,456,456,476,476,58,78,90,117,117,149,149,149,166,179,213,213,213,213,213],"floor_reached":51,"playtime":1813,"items_purged":["Strike_R","Strike_R","Strike_R"],"score":1839,"play_id":"bfb62a07-1b14-48ef-ae3d-0ce24e978a6c","local_time":"20190611003811","is_ascension_mode":true,"campfire_choices":[{"data":"Armaments","floor":6.0,"key":"SMITH"},{"data":"Bludgeon","floor":11.0,"key":"SMITH"},{"data":"Corruption","floor":15.0,"key":"SMITH"},{"floor":24,"key":"REST"},{"data":"Bash","floor":27,"key":"SMITH"},{"floor":32,"key":"REST"},{"floor":41,"key":"RECALL"},{"floor":44,"key":"REST"},{"data":"Demon Form","floor":49,"key":"SMITH"}],"neow_cost":"NO_GOLD","seed_source_timestamp":1305501252794700,"circlet_count":0,"master_deck":["AscendersBane","Strike_R","Strike_R","Defend_R","Defend_R+1","Defend_R","Defend_R","Bash+1","Immolate","Corruption+1","Wild Strike+1","Thunderclap","Armaments+1","Immolate+1","Bludgeon+1","Spot Weakness","Sentinel","Impervious","Sentinel+1","Power Through","Shrug It Off","Feel No Pain","Power Through","Warcry","Battle Trance+1","Shrug It Off","Exhume","Power Through","Feel No Pain","Power Through","Disarm","Corruption+1","Shrug It Off+1","Demon Form+1","Shrug It Off"],"special_seed":0,"relics":["Burning Blood","Tiny Chest","Bag of Marbles","Odd Mushroom","Whetstone","Omamori","Velvet Choker","Champion Belt","Ornamental Fan","Blood Vial","Pen Nib","Boot","Red Skull","Shuriken","Cursed Key","War Paint","Bronze Scales","Juzu Bracelet","Anchor"],"potions_floor_usage":[23,23,25,29,33,40,47],"damage_taken":[{"damage":0.0,"enemies":"Cultist","floor":1.0,"turns":4.0},{"damage":6.0,"enemies":"2 Louse","floor":2.0,"turns":2.0},{"damage":7.0,"enemies":"Jaw Worm","floor":3.0,"turns":3.0},{"damage":11.0,"enemies":"Exordium Wildlife","floor":4.0,"turns":3.0},{"damage":6.0,"enemies":"Exordium Thugs","floor":5.0,"turns":3.0},{"damage":30.0,"enemies":"Lagavulin","floor":7.0,"turns":7.0},{"damage":0.0,"enemies":"The Mushroom Lair","floor":10.0,"turns":1.0},{"damage":0.0,"enemies":"2 Fungi Beasts","floor":12.0,"turns":1.0},{"damage":0.0,"enemies":"Gremlin Nob","floor":14.0,"turns":2.0},{"damage":0.0,"enemies":"Slime Boss","floor":16.0,"turns":4.0},{"damage":12.0,"enemies":"2 Thieves","floor":18.0,"turns":4.0},{"damage":13.0,"enemies":"Colosseum Slavers","floor":19.0,"turns":5.0},{"damage":3.0,"enemies":"Colosseum Nobs","floor":19.0,"turns":3.0},{"damage":14.0,"enemies":"3 Byrds","floor":21.0,"turns":5.0},{"damage":49,"enemies":"Book of Stabbing","floor":23,"turns":6},{"damage":0,"enemies":"Gremlin Leader","floor":25,"turns":6},{"damage":18,"enemies":"Snecko","floor":28,"turns":4},{"damage":27,"enemies":"Book of Stabbing","floor":29,"turns":4},{"damage":9,"enemies":"Centurion and Healer","floor":30,"turns":3},{"damage":19,"enemies":"Chosen and Byrds","floor":31,"turns":5},{"damage":28,"enemies":"Automaton","floor":33,"turns":10},{"damage":10,"enemies":"3 Shapes","floor":35,"turns":4},{"damage":0,"enemies":"Orb Walker","floor":38,"turns":3},{"damage":0,"enemies":"Sphere and 2 Shapes","floor":39,"turns":1},{"damage":20,"enemies":"Reptomancer","floor":40,"turns":8},{"damage":26,"enemies":"Giant Head","floor":42,"turns":9},{"damage":0,"enemies":"Transient","floor":45,"turns":6},{"damage":22,"enemies":"Spire Growth","floor":46,"turns":7},{"damage":10,"enemies":"Reptomancer","floor":47,"turns":7},{"damage":67,"enemies":"Time Eater","floor":50,"turns":14},{"damage":28,"enemies":"Donu and Deca","floor":51,"turns":6}],"seed_played":"1662699075724727578","potions_obtained":[{"floor":1.0,"key":"Swift Potion"},{"floor":3.0,"key":"AttackPotion"},{"floor":4.0,"key":"Energy Potion"},{"floor":16.0,"key":"SkillPotion"},{"floor":19.0,"key":"SkillPotion"},{"floor":21.0,"key":"Poison Potion"},{"floor":23,"key":"Regen Potion"},{"floor":28,"key":"SkillPotion"},{"floor":31,"key":"Strength Potion"},{"floor":33,"key":"LiquidBronze"},{"floor":39,"key":"AttackPotion"},{"floor":40,"key":"Energy Potion"},{"floor":46,"key":"SkillPotion"}],"is_trial":false,"path_per_floor":["M","M","M","M","M","R","E","$","T","?","R","M","T","E","R","B",null,"M","?","$","M","T","E","R","E","T","R","M","E","M","M","R","B",null,"M","?","$","M","M","E","R","E","T","R","M","M","E","?","R","B","B"],"character_chosen":"IRONCLAD","items_purchased":["Power Through","Feel No Pain","Power Through","War Paint"],"campfire_rested":3,"item_purchase_floors":[20,37,37,37],"current_hp_per_floor":[74,74,73,68,68,68,44,44,44,50,50,56,56,62,62,68,73,67,63,63,55,55,14,36,59,59,59,49,30,29,18,40,20,61,59,85,85,85,85,71,71,53,53,78,85,69,67,67,67,8,0],"gold":213,"neow_bonus":"THREE_RARE_CARDS","is_prod":false,"is_daily":false,"chose_seed":false,"campfire_upgraded":5,"win_rate":0,"timestamp":1560181091,"path_taken":["M","M","M","M","M","R","E","?","T","?","R","M","?","E","R","BOSS","M","?","$","M","?","E","R","E","T","R","?","E","M","M","R","BOSS","M","?","$","M","?","E","R","E","T","R","M","M","E","?","R","BOSS","BOSS"],"build_version":"2019-01-23","purchased_purges":3,"victory":false,"max_hp_per_floor":[75,75,75,75,75,75,75,75,75,75,75,75,75,75,75,75,75,75,75,75,75,75,75,75,75,75,75,75,75,75,75,75,75,75,75,85,85,85,85,85,85,85,85,85,85,85,85,85,85,85,85],"card_choices":[{"not_picked":["Offering","Feed"],"picked":"Immolate","floor":0.0},{"not_picked":["Warcry","Pommel Strike"],"picked":"Corruption","floor":1.0},{"not_picked":["Searing Blow","Sever Soul"],"picked":"Wild Strike","floor":2.0},{"not_picked":["Iron Wave","Twin Strike"],"picked":"Thunderclap","floor":3.0},{"not_picked":["Shrug It Off","Cleave"],"picked":"Armaments","floor":4.0},{"not_picked":["Warcry","Cleave"],"picked":"Immolate","floor":5.0},{"not_picked":["Bloodletting","Havoc"],"picked":"Bludgeon","floor":7.0},{"not_picked":["Pommel Strike","Rampage"],"picked":"Spot Weakness","floor":12.0},{"not_picked":["Thunderclap","Pommel Strike"],"picked":"Sentinel","floor":14.0},{"not_picked":["Limit Break","Dark Embrace"],"picked":"Impervious","floor":16.0},{"not_picked":["Clash","Disarm"],"picked":"Sentinel+1","floor":18.0},{"not_picked":["Wild Strike","Twin Strike"],"picked":"Shrug It Off","floor":21.0},{"not_picked":["Fire Breathing","Dual Wield"],"picked":"Feel No Pain","floor":23},{"not_picked":["Twin Strike","Pommel Strike"],"picked":"Bludgeon","floor":25},{"not_picked":["Anger","Searing Blow+1"],"picked":"Power Through","floor":28},{"not_picked":["Perfected Strike","Warcry","Clash"],"picked":"SKIP","floor":29},{"not_picked":["Perfected Strike","Clash"],"picked":"Warcry","floor":29},{"not_picked":["Shrug It Off","Armaments"],"picked":"Battle Trance","floor":30},{"not_picked":["Searing Blow","True Grit"],"picked":"Shrug It Off","floor":31},{"not_picked":["Feed","Demon Form"],"picked":"Exhume","floor":33},{"not_picked":["Flex","Clash"],"picked":"Power Through","floor":35},{"not_picked":["Havoc+1","Metallicize","Wild Strike+1"],"picked":"SKIP","floor":38},{"not_picked":["Wild Strike","Iron Wave"],"picked":"Disarm","floor":39},{"not_picked":["Heavy Blade","Reckless Charge"],"picked":"Corruption+1","floor":40},{"not_picked":["Headbutt","Sentinel"],"picked":"Shrug It Off+1","floor":42},{"not_picked":["Wild Strike","Uppercut"],"picked":"Demon Form","floor":45},{"not_picked":["Infernal Blade","Thunderclap+1"],"picked":"Shrug It Off","floor":46},{"not_picked":["Havoc","Infernal Blade","Thunderclap"],"picked":"SKIP","floor":47}],"player_experience":5316598,"relics_obtained":[{"floor":7.0,"key":"Tiny Chest"},{"floor":9.0,"key":"Bag of Marbles"},{"floor":10.0,"key":"Odd Mushroom"},{"floor":13.0,"key":"Whetstone"},{"floor":14.0,"key":"Omamori"},{"floor":19.0,"key":"Champion Belt"},{"floor":19.0,"key":"Ornamental Fan"},{"floor":22.0,"key":"Blood Vial"},{"floor":23,"key":"Pen Nib"},{"floor":25,"key":"Boot"},{"floor":26,"key":"Red Skull"},{"floor":29,"key":"Shuriken"},{"floor":40,"key":"Bronze Scales"},{"floor":42,"key":"Juzu Bracelet"},{"floor":47,"key":"Anchor"}],"event_choices":[{"damage_healed":0.0,"max_hp_gain":0.0,"max_hp_loss":0.0,"gold_gain":0.0,"event_name":"Mushrooms","player_choice":"Fought Mushrooms","floor":10.0,"gold_loss":0.0,"damage_taken":0.0},{"damage_healed":0.0,"max_hp_gain":0.0,"max_hp_loss":0.0,"gold_gain":0.0,"event_name":"Colosseum","player_choice":"Fight","floor":19.0,"gold_loss":0.0,"damage_taken":0.0},{"damage_healed":0.0,"max_hp_gain":0.0,"max_hp_loss":0.0,"gold_gain":0.0,"event_name":"Colosseum","player_choice":"Fought Nobs","floor":19.0,"gold_loss":0.0,"damage_taken":0.0},{"cards_removed":["Bludgeon"],"damage_healed":16,"gold_gain":0,"player_choice":"Offered Rare","damage_taken":0,"max_hp_gain":10,"max_hp_loss":0,"event_name":"Bonfire Elementals","floor":36,"gold_loss":0},{"damage_healed":0,"gold_gain":0,"player_choice":"Ignored","damage_taken":0,"max_hp_gain":0,"max_hp_loss":0,"event_name":"Tomb of Lord Red Mask","floor":48,"gold_loss":0}],"is_beta":false,"boss_relics":[{"not_picked":["Black Star","Black Blood"],"picked":"Velvet Choker"},{"not_picked":["Fusion Hammer","Calling Bell"],"picked":"Cursed Key"}],"items_purged_floors":[8,20,37],"is_endless":false,"potions_floor_spawned":[1,3,4,16,19,21,23,28,31,33,39,40,42,46],"killed_by":"Donu and Deca","ascension_level":20}