{"gold_per_floor":[117,117,77,95,106,138,149,176,200,200,62,62,62,73,73,147,147,166,178,178,178,191,191,191],"floor_reached":24,"playtime":517,"items_purged":[],"score":437,"play_id":"59082d13-5036-4020-902a-e7bdcf677ba7","local_time":"20190418013100","is_ascension_mode":true,"campfire_choices":[{"data":"Deadly Poison","floor":10.0,"key":"SMITH"},{"floor":13,"key":"REST"},{"data":"Deadly Poison","floor":15,"key":"SMITH"},{"data":"Neutralize","floor":23,"key":"SMITH"}],"neow_cost":"NONE","seed_source_timestamp":91179928090700,"circlet_count":0,"master_deck":["AscendersBane","Defend_G","Defend_G+1","Defend_G","Defend_G","Defend_G+1","Survivor","Neutralize+1","Deadly Poison+1","All Out Attack","Backstab","Cloak And Dagger","Leg Sweep","Glass Knife","Deadly Poison+1","Die Die Die","Deflect+1","Bite","Bite","Bite","Bite","Bite","Footwork"],"special_seed":0,"relics":["Ring of the Snake","NeowsBlessing","Bronze Scales","Omamori","War Paint","Tiny Chest","Eternal Feather"],"potions_floor_usage":[16,18,24],"damage_taken":[{"damage":0.0,"enemies":"Cultist","floor":1.0,"turns":1.0},{"damage":0.0,"enemies":"2 Louse","floor":4.0,"turns":1.0},{"damage":0.0,"enemies":"Jaw Worm","floor":5.0,"turns":1.0},{"damage":44.0,"enemies":"3 Sentries","floor":6.0,"turns":11.0},{"damage":0.0,"enemies":"Large Slime","floor":7.0,"turns":7.0},{"damage":8.0,"enemies":"Gremlin Nob","floor":8.0,"turns":3.0},{"damage":1,"enemies":"2 Fungi Beasts","floor":14,"turns":3},{"damage":7,"enemies":"The Guardian","floor":16,"turns":9},{"damage":3,"enemies":"2 Thieves","floor":18,"turns":3},{"damage":10,"enemies":"3 Byrds","floor":19,"turns":3},{"damage":19,"enemies":"3 Cultists","floor":22,"turns":5},{"damage":74,"enemies":"Gremlin Leader","floor":24,"turns":6}],"seed_played":"184235591904783964","potions_obtained":[{"floor":1.0,"key":"Swift Potion"},{"floor":3.0,"key":"EntropicBrew"},{"floor":8.0,"key":"PowerPotion"},{"floor":16,"key":"Ancient Potion"},{"floor":18,"key":"Energy Potion"}],"is_trial":false,"path_per_floor":["M","?","?","M","M","E","M","E","T","R","$","?","R","M","R","B",null,"M","M","?","?","M","R","E"],"character_chosen":"THE_SILENT","items_purchased":["Tiny Chest"],"campfire_rested":1,"item_purchase_floors":[11],"current_hp_per_floor":[59,64,64,64,64,20,20,12,12,12,12,1,22,21,21,14,57,54,44,44,44,38,49,0],"gold":191,"neow_bonus":"THREE_ENEMY_KILL","is_prod":false,"is_daily":false,"chose_seed":false,"campfire_upgraded":3,"win_rate":0,"timestamp":1555518660,"path_taken":["M","?","?","M","?","E","M","E","T","R","?","?","R","M","R","BOSS","M","M","?","?","M","R","E"],"build_version":"2019-01-23","purchased_purges":0,"victory":false,"max_hp_per_floor":[66,71,71,71,71,71,71,71,71,71,71,71,71,71,71,71,71,71,71,49,49,49,49,49],"card_choices":[{"not_picked":["Infinite Blades","Sucker Punch"],"picked":"Deadly Poison","floor":1.0},{"not_picked":["Outmaneuver","PiercingWail"],"picked":"All Out Attack","floor":4.0},{"not_picked":["Slice","Backflip"],"picked":"Backstab","floor":5.0},{"not_picked":["Dagger Throw","Blade Dance"],"picked":"Cloak And Dagger","floor":6.0},{"not_picked":["Acrobatics","Outmaneuver"],"picked":"Leg Sweep","floor":7.0},{"not_picked":["Deadly Poison","Deflect"],"picked":"Glass Knife","floor":8.0},{"not_picked":["Quick Slash","Sucker Punch"],"picked":"Deadly Poison","floor":14},{"not_picked":["Glass Knife","Grand Finale"],"picked":"Die Die Die","floor":16},{"not_picked":["Deadly Poison+1","Slice"],"picked":"Deflect+1","floor":18},{"not_picked":["Sucker Punch","Heel Hook","Prepared"],"picked":"SKIP","floor":19},{"not_picked":["Choke","Flying Knee"],"picked":"Footwork","floor":22}],"player_experience":4824523,"relics_obtained":[{"floor":6.0,"key":"Bronze Scales"},{"floor":8.0,"key":"Omamori"},{"floor":9.0,"key":"War Paint"}],"event_choices":[{"damage_healed":0.0,"max_hp_gain":5.0,"max_hp_loss":0.0,"gold_gain":0.0,"event_name":"Big Fish","player_choice":"Donut","floor":2.0,"gold_loss":0.0,"damage_taken":0.0},{"damage_healed":0.0,"max_hp_gain":0.0,"max_hp_loss":0.0,"gold_gain":0.0,"event_name":"The Woman in Blue","player_choice":"Bought 3 Potions","floor":3.0,"gold_loss":0.0,"damage_taken":0.0},{"damage_healed":0,"gold_gain":0,"player_choice":"Fled","damage_taken":11,"max_hp_gain":0,"max_hp_loss":0,"event_name":"Scrap Ooze","floor":12,"gold_loss":0},{"damage_healed":0,"gold_gain":0,"player_choice":"Became a vampire","damage_taken":0,"max_hp_gain":0,"max_hp_loss":22,"event_name":"Vampires","floor":20,"gold_loss":0,"cards_obtained":["Bite","Bite","Bite","Bite","Bite"]},{"damage_healed":0,"gold_gain":0,"player_choice":"Ignored","damage_taken":0,"max_hp_gain":0,"max_hp_loss":0,"event_name":"Ghosts","floor":21,"gold_loss":0}],"is_beta":false,"boss_relics":[{"not_picked":["White Beast Statue","Velvet Choker"],"picked":"Eternal Feather"}],"items_purged_floors":[],"is_endless":false,"potions_floor_spawned":[1,4,8,16,18],"killed_by":"Gremlin Leader","ascension_level":20}