{"gold_per_floor":[118,118,130,148,168,168,199,199,199,218,247,98,98,113,113,185,185,196,209,85,85],"floor_reached":21,"playtime":585,"items_purged":["Strike_G","Strike_G"],"score":362,"play_id":"24ada54c-69ca-44d5-934e-ae847c0dbb99","local_time":"20190507021738","is_ascension_mode":true,"campfire_choices":[{"data":"Finisher","floor":6,"key":"SMITH"},{"floor":8,"key":"REST"},{"data":"Accuracy","floor":15,"key":"SMITH"}],"neow_cost":"NONE","seed_source_timestamp":115947532374000,"circlet_count":0,"master_deck":["AscendersBane","Defend_G","Defend_G","Defend_G","Defend_G","Strike_G","Strike_G","Survivor","Neutralize+1","Bouncing Flask","Finisher+1","Dagger Spray","Blade Dance","Infinite Blades","Accuracy+1","Terror","Calculated Gamble","After Image","Endless Agony","Flying Knee+1","Acrobatics"],"relics":["Ring of the Snake","Ornamental Fan","Sundial","Odd Mushroom","Empty Cage"],"potions_floor_usage":[5,7,19,21],"damage_taken":[{"damage":2,"enemies":"Jaw Worm","floor":1,"turns":6},{"damage":4,"enemies":"2 Louse","floor":3,"turns":4},{"damage":0,"enemies":"Cultist","floor":4,"turns":3},{"damage":7,"enemies":"Lots of Slimes","floor":5,"turns":4},{"damage":22,"enemies":"Gremlin Nob","floor":7,"turns":4},{"damage":7,"enemies":"3 Louse","floor":10,"turns":3},{"damage":15,"enemies":"The Mushroom Lair","floor":11,"turns":4},{"damage":8,"enemies":"Exordium Wildlife","floor":14,"turns":3},{"damage":29,"enemies":"Hexaghost","floor":16,"turns":8},{"damage":32,"enemies":"3 Byrds","floor":18,"turns":6},{"damage":28,"enemies":"Chosen","floor":19,"turns":6},{"damage":19,"enemies":"Snake Plant","floor":21,"turns":4}],"seed_played":"2804506443962827054","potions_obtained":[{"floor":1,"key":"Ancient Potion"},{"floor":3,"key":"EssenceOfSteel"},{"floor":16,"key":"SpeedPotion"},{"floor":18,"key":"Regen Potion"}],"is_trial":false,"path_per_floor":["M","?","M","M","M","R","E","R","T","M","?","$","?","M","R","B",null,"M","M","$","M"],"character_chosen":"THE_SILENT","items_purchased":["Terror","Acrobatics"],"campfire_rested":1,"item_purchase_floors":[12,20],"current_hp_per_floor":[57,62,58,58,51,51,29,50,50,43,28,28,71,63,63,34,62,30,16,16,0],"gold":85,"neow_bonus":"UPGRADE_CARD","is_prod":false,"is_daily":false,"chose_seed":false,"campfire_upgraded":2,"win_rate":0,"timestamp":1557163058,"path_taken":["M","?","M","M","M","R","E","R","T","M","?","$","?","M","R","BOSS","M","?","$","?"],"build_version":"2019-01-23","purchased_purges":2,"victory":false,"max_hp_per_floor":[66,71,71,71,71,71,71,71,71,71,71,71,71,71,71,71,71,71,71,71,71],"card_choices":[{"not_picked":["Backflip","Concentrate"],"picked":"Bouncing Flask","floor":1},{"not_picked":["Underhanded Strike","Blade Dance"],"picked":"Finisher","floor":3},{"not_picked":["Finisher","All Out Attack"],"picked":"Dagger Spray","floor":4},{"not_picked":["Sucker Punch","Prepared"],"picked":"Blade Dance","floor":5},{"not_picked":["Backflip","Deflect"],"picked":"Infinite Blades","floor":7},{"not_picked":["Underhanded Strike","Outmaneuver"],"picked":"Expertise","floor":10},{"not_picked":["PiercingWail","Acrobatics"],"picked":"Accuracy","floor":11},{"not_picked":["Underhanded Strike","Reflex"],"picked":"Calculated Gamble","floor":14},{"not_picked":["Envenom","Unload"],"picked":"After Image","floor":16},{"not_picked":["Footwork","Deflect"],"picked":"Endless Agony","floor":18},{"not_picked":["Dagger Throw+1","Poisoned Stab"],"picked":"Flying Knee+1","floor":19}],"player_experience":4935405,"relics_obtained":[{"floor":7,"key":"Ornamental Fan"},{"floor":9,"key":"Sundial"},{"floor":11,"key":"Odd Mushroom"}],"event_choices":[{"damage_healed":0,"gold_gain":0,"player_choice":"Donut","damage_taken":0,"max_hp_gain":5,"max_hp_loss":0,"event_name":"Big Fish","floor":2,"gold_loss":0},{"damage_healed":0,"gold_gain":0,"player_choice":"Fought Mushrooms","damage_taken":0,"max_hp_gain":0,"max_hp_loss":0,"event_name":"Mushrooms","floor":11,"gold_loss":0},{"cards_removed":["Expertise"],"damage_healed":43,"gold_gain":0,"player_choice":"Offered Uncommon","damage_taken":0,"max_hp_gain":0,"max_hp_loss":0,"event_name":"Bonfire Elementals","floor":13,"gold_loss":0}],"is_beta":false,"boss_relics":[{"not_picked":["Coffee Dripper","Snecko Eye"],"picked":"Empty Cage"}],"items_purged_floors":[12,20],"is_endless":false,"potions_floor_spawned":[1,3,16,18],"killed_by":"Snake Plant","ascension_level":20}