{"gold_per_floor":[109,109,34,44,61,61,61,61,61,73,73,103,122,122,122,195,195,215,130,144,194,205,205,215,231,311,311,236,236,236,13,13,87,87,105,205,205,205,221,254,254,283,283,51,51,68,68,91,91,91,91,91,91,16,51,51],"floor_reached":56,"playtime":1879,"items_purged":["Defend_B","Strike_B","Rip and Tear+1","Sunder+1"],"score":1877,"play_id":"27d2f5b8-231b-4d3e-93cb-3e2274a7a2e3","local_time":"20190613001152","is_ascension_mode":true,"campfire_choices":[{"data":"Rip and Tear","floor":6.0,"key":"SMITH"},{"data":"Beam Cell","floor":8.0,"key":"SMITH"},{"data":"Dualcast","floor":11.0,"key":"SMITH"},{"data":"Zap","floor":15.0,"key":"SMITH"},{"data":"Conserve Battery","floor":23.0,"key":"SMITH"},{"floor":27.0,"key":"REST"},{"floor":29.0,"key":"REST"},{"data":"Defend_B","floor":32.0,"key":"SMITH"},{"floor":41.0,"key":"REST"},{"floor":45.0,"key":"REST"},{"floor":47.0,"key":"REST"},{"floor":49.0,"key":"RECALL"},{"data":"Madness","floor":53,"key":"SMITH"}],"neow_cost":"PERCENT_DAMAGE","seed_source_timestamp":1476530919587700,"circlet_count":0,"master_deck":["AscendersBane","Defend_B+1","Zap+1","Dualcast+1","Beam Cell+1","Compile Driver","Sweeping Beam","Reboot","Conserve Battery+1","Scrape+1","Gash+1","Genetic Algorithm","Core Surge+1","Gash+1","Madness","Madness+1","Buffer","Go for the Eyes+1","All For One+1","Glacier"],"special_seed":0,"relics":["Cracked Core","Mercury Hourglass","The Courier","Runic Pyramid","Molten Egg 2","Pear","Membership Card","Empty Cage","Unceasing Top","Blue Candle","Turnip","Oddly Smooth Stone","Bag of Preparation","Bag of Marbles","Ice Cream"],"potions_floor_usage":[51,51],"damage_taken":[{"damage":2.0,"enemies":"Jaw Worm","floor":1.0,"turns":5.0},{"damage":1.0,"enemies":"Cultist","floor":4.0,"turns":3.0},{"damage":7.0,"enemies":"2 Louse","floor":5.0,"turns":2.0},{"damage":13.0,"enemies":"Exordium Thugs","floor":10.0,"turns":3.0},{"damage":8.0,"enemies":"3 Sentries","floor":12.0,"turns":4.0},{"damage":0.0,"enemies":"Large Slime","floor":13.0,"turns":2.0},{"damage":0.0,"enemies":"Slime Boss","floor":16.0,"turns":3.0},{"damage":1.0,"enemies":"Spheric Guardian","floor":18.0,"turns":3.0},{"damage":5.0,"enemies":"3 Byrds","floor":20.0,"turns":3.0},{"damage":5.0,"enemies":"Snecko","floor":22.0,"turns":4.0},{"damage":38.0,"enemies":"Shelled Parasite and Fungi","floor":24.0,"turns":4.0},{"damage":0.0,"enemies":"Chosen and Byrds","floor":25.0,"turns":2.0},{"damage":60.0,"enemies":"Collector","floor":33.0,"turns":8.0},{"damage":9.0,"enemies":"3 Shapes","floor":35.0,"turns":6.0},{"damage":3.0,"enemies":"Mind Bloom Boss Battle","floor":36.0,"turns":6.0},{"damage":0.0,"enemies":"3 Darklings","floor":39.0,"turns":2.0},{"damage":6.0,"enemies":"Giant Head","floor":40.0,"turns":5.0},{"damage":40.0,"enemies":"Reptomancer","floor":42.0,"turns":5.0},{"damage":0.0,"enemies":"Writhing Mass","floor":46.0,"turns":4.0},{"damage":6.0,"enemies":"Awakened One","floor":50.0,"turns":9.0},{"damage":47,"enemies":"Donu and Deca","floor":51,"turns":9},{"damage":62,"enemies":"Shield and Spear","floor":55,"turns":8},{"damage":2,"enemies":"The Heart","floor":56,"turns":1}],"seed_played":"-6858082796596305139","potions_obtained":[{"floor":4.0,"key":"SkillPotion"},{"floor":10.0,"key":"Block Potion"},{"floor":13.0,"key":"Fire Potion"},{"floor":14.0,"key":"AttackPotion"},{"floor":18.0,"key":"Poison Potion"},{"floor":20.0,"key":"GamblersBrew"},{"floor":24.0,"key":"SteroidPotion"},{"floor":33.0,"key":"FocusPotion"},{"floor":39.0,"key":"Explosive Potion"},{"floor":42.0,"key":"PowerPotion"},{"floor":55,"key":"SneckoOil"}],"is_trial":false,"path_per_floor":["M","?","$","M","M","R","T","R","T","M","R","E","M","?","R","B",null,"M","?","M","?","M","R","M","M","T","R","?","R","?","$","R","B",null,"M","?","?","?","M","E","R","E","T","$","R","M","R","T","R","B","B",null,"R","$","E","B"],"character_chosen":"DEFECT","items_purchased":["Membership Card","Bag of Preparation","All For One+1","Glacier"],"campfire_rested":5,"item_purchase_floors":[31,44,44,44],"current_hp_per_floor":[44,44,44,43,36,36,36,36,36,23,23,15,15,15,15,15,57,56,56,51,51,46,46,8,8,18,42,42,66,66,66,66,6,62,53,50,35,35,35,29,53,13,13,13,37,37,61,61,61,55,8,63,63,63,1,0],"gold":51,"neow_bonus":"REMOVE_TWO","is_prod":false,"is_daily":false,"chose_seed":false,"campfire_upgraded":7,"win_rate":0,"timestamp":1560352312,"path_taken":["M","?","$","M","?","R","?","R","T","M","R","E","M","?","R","BOSS","M","?","M","?","M","R","M","?","T","R","?","R","?","$","R","BOSS","M","?","?","?","M","E","R","E","T","?","R","?","R","?","R","BOSS","BOSS","R","$","E","BOSS"],"build_version":"2019-01-23","purchased_purges":4,"victory":false,"max_hp_per_floor":[71,71,71,71,71,71,71,71,71,71,71,71,71,71,71,71,71,71,71,71,71,71,71,71,71,81,81,81,81,81,81,81,81,81,81,81,81,81,81,81,81,81,81,81,81,81,81,81,81,81,81,81,81,81,81,81],"card_choices":[{"not_picked":["Leap","Turbo"],"picked":"Beam Cell","floor":1.0},{"not_picked":["Heatsinks","Rebound"],"picked":"Ball Lightning","floor":4.0},{"not_picked":["Cold Snap","Coolheaded"],"picked":"Rip and Tear","floor":5.0},{"not_picked":["Heatsinks","Fusion","Redo"],"picked":"SKIP","floor":10.0},{"not_picked":["Chaos","Aggregate"],"picked":"Compile Driver","floor":12.0},{"not_picked":["Fusion","Creative AI"],"picked":"Sweeping Beam","floor":13.0},{"not_picked":["Multi-Cast","Meteor Strike"],"picked":"Reboot","floor":16.0},{"not_picked":["Streamline","Double Energy"],"picked":"Conserve Battery","floor":18.0},{"not_picked":["Steam","Beam Cell+1"],"picked":"Scrape+1","floor":20.0},{"not_picked":["Storm","Beam Cell+1"],"picked":"Sunder+1","floor":22.0},{"not_picked":["Leap","Consume"],"picked":"Gash+1","floor":24.0},{"not_picked":["Cold Snap+1","Rip and Tear+1"],"picked":"Genetic Algorithm","floor":25.0},{"not_picked":["Seek","Buffer"],"picked":"Core Surge+1","floor":33.0},{"not_picked":["Melter+1","Aggregate","Barrage+1"],"picked":"SKIP","floor":35.0},{"not_picked":["Hologram","Self Repair"],"picked":"Gash+1","floor":36.0},{"not_picked":["Barrage+1","Cold Snap+1"],"picked":"Buffer","floor":39.0},{"not_picked":["Capacitor","Barrage+1","Darkness"],"picked":"SKIP","floor":40.0},{"not_picked":["Barrage+1","Turbo"],"picked":"Go for the Eyes+1","floor":42.0},{"not_picked":["Gash+1","Leap","Barrage+1"],"picked":"SKIP","floor":46.0},{"not_picked":["Go for the Eyes+1","Amplify","Turbo"],"picked":"SKIP","floor":55}],"player_experience":5336512,"relics_obtained":[{"floor":9.0,"key":"Mercury Hourglass"},{"floor":12.0,"key":"The Courier"},{"floor":26.0,"key":"Pear"},{"floor":36.0,"key":"Unceasing Top"},{"floor":40.0,"key":"Blue Candle"},{"floor":42.0,"key":"Turnip"},{"floor":43.0,"key":"Oddly Smooth Stone"},{"floor":48.0,"key":"Bag of Marbles"},{"floor":55,"key":"Ice Cream"}],"event_choices":[{"cards_removed":["Defend_B"],"damage_healed":0.0,"max_hp_gain":0.0,"max_hp_loss":0.0,"gold_gain":0.0,"event_name":"Bonfire Elementals","player_choice":"Offered Basic","floor":2.0,"gold_loss":0.0,"damage_taken":0.0},{"damage_healed":0.0,"max_hp_gain":0.0,"max_hp_loss":0.0,"gold_gain":0.0,"event_name":"Lab","player_choice":"Got Potions","floor":14.0,"gold_loss":0.0,"damage_taken":0.0},{"damage_healed":0.0,"max_hp_gain":0.0,"max_hp_loss":0.0,"gold_gain":0.0,"event_name":"Addict","player_choice":"Obtained Relic","floor":19.0,"gold_loss":85.0,"damage_taken":0.0,"relics_obtained":["Molten Egg 2"]},{"damage_healed":0.0,"max_hp_gain":0.0,"max_hp_loss":0.0,"gold_gain":50.0,"event_name":"Golden Shrine","player_choice":"Pray","floor":21.0,"gold_loss":0.0,"damage_taken":0.0},{"cards_removed":["Strike_B"],"damage_healed":0.0,"max_hp_gain":0.0,"max_hp_loss":0.0,"gold_gain":0.0,"event_name":"Beggar","player_choice":"Gave Gold","floor":28.0,"gold_loss":75.0,"damage_taken":0.0},{"damage_healed":0.0,"max_hp_gain":0.0,"max_hp_loss":0.0,"gold_gain":0.0,"event_name":"Vampires","player_choice":"Ignored","floor":30.0,"gold_loss":0.0,"damage_taken":0.0},{"damage_healed":0.0,"max_hp_gain":0.0,"max_hp_loss":0.0,"gold_gain":0.0,"event_name":"MindBloom","player_choice":"Fight","floor":36.0,"gold_loss":0.0,"damage_taken":0.0},{"damage_healed":0.0,"max_hp_gain":0.0,"max_hp_loss":0.0,"gold_gain":0.0,"event_name":"Winding Halls","player_choice":"Embrace Madness","floor":37.0,"gold_loss":0.0,"damage_taken":15.0,"cards_obtained":["Madness","Madness"]},{"damage_healed":0.0,"max_hp_gain":0.0,"max_hp_loss":0.0,"gold_gain":0.0,"event_name":"Mysterious Sphere","player_choice":"Ignored","floor":38.0,"gold_loss":0.0,"damage_taken":0.0}],"is_beta":false,"boss_relics":[{"not_picked":["Sozu","Fusion Hammer"],"picked":"Runic Pyramid"},{"not_picked":["Pandora\u0027s Box","Calling Bell"],"picked":"Empty Cage"}],"items_purged_floors":[3,31,44,54],"is_endless":false,"potions_floor_spawned":[4,10,13,18,20,24,33,39,42,55],"killed_by":"The Heart","ascension_level":20}