{"gold_per_floor":[110,75,225,236,0,0,29,29,29,29,29,29,48,64,64,142,142,156,156,170,170],"floor_reached":21,"playtime":765,"items_purged":["Doubt"],"score":512,"play_id":"49fa662e-7081-4b4f-9fe9-daec05fe1875","local_time":"20190716211015","is_ascension_mode":true,"campfire_choices":[{"data":"Bash","floor":6,"key":"SMITH"},{"data":"Armaments","floor":8,"key":"SMITH"},{"data":"Perfected Strike","floor":11,"key":"SMITH"},{"data":"Flame Barrier","floor":15,"key":"SMITH"}],"neow_cost":"","seed_source_timestamp":2185840515114394,"circlet_count":0,"master_deck":["AscendersBane","Strike_R","Strike_R","Strike_R","Strike_R","Strike_R","Defend_R","Defend_R","Defend_R","Defend_R","Bash+1","Armaments+1","Cleave","Perfected Strike+1","Shrug It Off","Wild Strike","Shockwave","Flame Barrier+1","Ghostly Armor","Shockwave","Demon Form","Cleave","Pommel Strike"],"relics":["Black Blood","ClockworkSouvenir","WingedGreaves","Pantograph","Smiling Mask"],"potions_floor_usage":[7,16,16,16,16,18,21],"damage_taken":[{"damage":11,"enemies":"Jaw Worm","floor":1,"turns":4},{"damage":0,"enemies":"Small Slimes","floor":4,"turns":3},{"damage":24,"enemies":"Gremlin Nob","floor":7,"turns":4},{"damage":0,"enemies":"2 Louse","floor":13,"turns":2},{"damage":13,"enemies":"Lots of Slimes","floor":14,"turns":4},{"damage":34,"enemies":"Hexaghost","floor":16,"turns":9},{"damage":23,"enemies":"3 Byrds","floor":18,"turns":5},{"damage":32,"enemies":"Shell Parasite","floor":20,"turns":7},{"damage":37,"enemies":"Shelled Parasite and Fungi","floor":21,"turns":8}],"seed_played":"-7117401054227574008","potions_obtained":[{"floor":4,"key":"GamblersBrew"},{"floor":12,"key":"EntropicBrew"},{"floor":12,"key":"Ancient Potion"},{"floor":16,"key":"Fire Potion"},{"floor":18,"key":"SteroidPotion"}],"is_trial":false,"path_per_floor":["M","?","?","M","$","R","E","R","T","$","R","?","M","M","R","B",null,"M","?","M","M"],"character_chosen":"IRONCLAD","items_purchased":["ClockworkSouvenir","Armaments","Shrug It Off","Wild Strike","Shockwave"],"campfire_rested":0,"item_purchase_floors":[0,0,5,5,5],"current_hp_per_floor":[39,57,57,63,63,63,45,45,45,45,45,45,51,44,44,41,67,54,54,32,0],"gold":170,"neow_bonus":"","is_prod":false,"is_daily":false,"chose_seed":false,"campfire_upgraded":4,"win_rate":0,"timestamp":1563304215,"path_taken":["M","?","?","M","$","R","E","R","T","?","R","?","?","M","R","BOSS","M","?","M","M"],"build_version":"2019-07-05","purchased_purges":1,"victory":false,"max_hp_per_floor":[75,75,75,75,75,75,75,75,75,75,75,75,75,75,75,75,75,75,75,75,75],"card_choices":[{"not_picked":["Headbutt","Combust"],"picked":"Cleave","floor":1},{"not_picked":["Metallicize","Uppercut"],"picked":"Perfected Strike","floor":4},{"not_picked":["Shockwave","Feel No Pain"],"picked":"Flame Barrier","floor":7},{"not_picked":["True Grit","Evolve"],"picked":"Ghostly Armor","floor":13},{"not_picked":["True Grit","Second Wind"],"picked":"Shockwave","floor":14},{"not_picked":["Bludgeon","Dark Embrace"],"picked":"Demon Form","floor":16},{"not_picked":["Second Wind","Havoc+1"],"picked":"Cleave","floor":18},{"not_picked":["Carnage","Thunderclap"],"picked":"Pommel Strike","floor":20}],"player_experience":445119,"relics_obtained":[{"floor":7,"key":"Pantograph"},{"floor":9,"key":"Smiling Mask"}],"event_choices":[{"damage_healed":18,"gold_gain":0,"player_choice":"Healed","damage_taken":0,"max_hp_gain":0,"max_hp_loss":0,"event_name":"The Cleric","floor":2,"gold_loss":35},{"damage_healed":0,"gold_gain":150,"player_choice":"AGREE","damage_taken":0,"max_hp_gain":0,"max_hp_loss":0,"event_name":"Liars Game","floor":3,"gold_loss":0,"cards_obtained":["Doubt"]},{"damage_healed":0,"gold_gain":0,"player_choice":"Got Potions","damage_taken":0,"max_hp_gain":0,"max_hp_loss":0,"event_name":"Lab","floor":12,"gold_loss":0},{"damage_healed":0,"gold_gain":0,"player_choice":"Ignored","damage_taken":0,"max_hp_gain":0,"max_hp_loss":0,"event_name":"Vampires","floor":19,"gold_loss":0}],"is_beta":false,"boss_relics":[{"not_picked":["Lizard Tail","Astrolabe"],"picked":"Black Blood"}],"items_purged_floors":[5],"is_endless":false,"potions_floor_spawned":[4,13,16,18],"killed_by":"Shelled Parasite and Fungi","ascension_level":17}