{"gold_per_floor":[115,133,149,169,182,182,199,226,226,252,252],"floor_reached":11,"playtime":418,"items_purged":[],"score":174,"play_id":"546f7676-18a1-41d4-b001-139e49d82bc6","local_time":"20190608010110","is_ascension_mode":true,"campfire_choices":[{"floor":6,"key":"REST"}],"neow_cost":"NONE","seed_source_timestamp":1049120419314300,"circlet_count":0,"master_deck":["AscendersBane","Strike_B","Strike_B","Strike_B","Defend_B","Defend_B","Defend_B","Defend_B","Zap","Dualcast","Consume","Compile Driver","Recycle","Lockon","Ball Lightning","Leap","Beam Cell","Reboot"],"relics":["Cracked Core","Mango","Question Card","Cables"],"potions_floor_usage":[2,10],"damage_taken":[{"damage":1,"enemies":"Cultist","floor":1,"turns":3},{"damage":2,"enemies":"2 Louse","floor":2,"turns":3},{"damage":6,"enemies":"Jaw Worm","floor":3,"turns":4},{"damage":2,"enemies":"Looter","floor":4,"turns":4},{"damage":17,"enemies":"Exordium Thugs","floor":5,"turns":5},{"damage":14,"enemies":"3 Louse","floor":7,"turns":3},{"damage":16,"enemies":"Lagavulin","floor":8,"turns":6},{"damage":34,"enemies":"3 Sentries","floor":10,"turns":7},{"damage":0,"enemies":"Blue Slaver","floor":11,"turns":2}],"seed_played":"3202571829256924552","potions_obtained":[{"floor":1,"key":"SkillPotion"},{"floor":3,"key":"FairyPotion"},{"floor":8,"key":"Block Potion"},{"floor":10,"key":"SteroidPotion"}],"is_trial":false,"path_per_floor":["M","M","M","M","M","R","M","E","T","E","M"],"character_chosen":"DEFECT","items_purchased":[],"campfire_rested":1,"item_purchase_floors":[],"current_hp_per_floor":[63,61,55,53,36,57,43,41,41,7,7],"gold":252,"neow_bonus":"REMOVE_CARD","is_prod":false,"is_daily":false,"chose_seed":false,"campfire_upgraded":0,"win_rate":0,"timestamp":1559923270,"path_taken":["M","M","?","M","M","R","M","E","T","E","M"],"build_version":"2019-01-23","purchased_purges":0,"victory":false,"max_hp_per_floor":[71,71,71,71,71,71,71,85,85,85,85],"card_choices":[{"not_picked":["Coolheaded","Leap"],"picked":"Consume","floor":1},{"not_picked":["Leap","Stack"],"picked":"Compile Driver","floor":2},{"not_picked":["Gash","Barrage"],"picked":"Recycle","floor":3},{"not_picked":["Skim","Fusion"],"picked":"Lockon","floor":4},{"not_picked":["Static Discharge","Go for the Eyes"],"picked":"Ball Lightning","floor":5},{"not_picked":["Streamline","Rebound"],"picked":"Leap","floor":7},{"not_picked":["Conserve Battery","Aggregate"],"picked":"Beam Cell","floor":8},{"not_picked":["Stack","Melter","Leap"],"picked":"Reboot","floor":10}],"player_experience":5293653,"relics_obtained":[{"floor":8,"key":"Mango"},{"floor":9,"key":"Question Card"},{"floor":10,"key":"Cables"}],"event_choices":[],"is_beta":false,"boss_relics":[],"items_purged_floors":[],"is_endless":false,"potions_floor_spawned":[1,3,8,10],"killed_by":"Blue Slaver","ascension_level":20}