{"gold_per_floor":[113,123,103,121,46,81,6,6,31,60,60,76,76,76,76,167,167,180,23,23,23,23,59,59,72,72,72,72],"floor_reached":28,"playtime":563,"items_purged":["Strike_B"],"score":534,"play_id":"000d7810-2d53-4061-8de4-1b8776fadf75","local_time":"20190610002033","is_ascension_mode":true,"campfire_choices":[{"data":"Lockon","floor":8.0,"key":"SMITH"},{"data":"Darkness","floor":11.0,"key":"SMITH"},{"data":"Dualcast","floor":13.0,"key":"SMITH"},{"data":"Biased Cognition","floor":15.0,"key":"SMITH"},{"data":"Loop","floor":24,"key":"SMITH"},{"floor":27,"key":"REST"}],"neow_cost":"NONE","seed_source_timestamp":1219282296885600,"circlet_count":0,"master_deck":["AscendersBane","Zap","Dualcast+1","FTL","Darkness+1","Lockon+1","Biased Cognition+1","Self Repair","Rebound","Multi-Cast","Thunder Strike","Tempest","Conserve Battery","Turbo","Echo Form","Loop+1","Conserve Battery+1"],"special_seed":0,"relics":["Cracked Core","NeowsBlessing","Oddly Smooth Stone","Blood Vial","Potion Belt","Golden Idol","Pandora\u0027s Box","Orichalcum","Meat on the Bone","Gremlin Horn"],"potions_floor_usage":[25],"damage_taken":[{"damage":0.0,"enemies":"2 Louse","floor":1.0,"turns":1.0},{"damage":0.0,"enemies":"Cultist","floor":2.0,"turns":1.0},{"damage":0.0,"enemies":"Jaw Worm","floor":4.0,"turns":1.0},{"damage":15.0,"enemies":"Lagavulin","floor":6.0,"turns":7.0},{"damage":0.0,"enemies":"Gremlin Nob","floor":10.0,"turns":2.0},{"damage":8.0,"enemies":"Red Slaver","floor":12.0,"turns":3.0},{"damage":18.0,"enemies":"Hexaghost","floor":16.0,"turns":5.0},{"damage":12.0,"enemies":"3 Byrds","floor":18.0,"turns":2.0},{"damage":23,"enemies":"Book of Stabbing","floor":23,"turns":3},{"damage":23,"enemies":"Shell Parasite","floor":25,"turns":3},{"damage":49,"enemies":"Slavers","floor":28,"turns":3}],"seed_played":"-1362502547258448224","potions_obtained":[{"floor":1.0,"key":"Fire Potion"},{"floor":3.0,"key":"PowerPotion"},{"floor":23,"key":"PowerPotion"}],"is_trial":false,"path_per_floor":["M","M","?","M","?","E","$","R","T","E","R","M","R","?","R","B",null,"M","$","?","?","?","E","R","M","T","R","E"],"character_chosen":"DEFECT","items_purchased":["Orichalcum"],"campfire_rested":1,"item_purchase_floors":[19],"current_hp_per_floor":[64,64,64,64,64,49,49,49,49,51,51,52,52,28,28,12,56,46,46,46,46,46,25,25,23,23,44,0],"gold":72,"neow_bonus":"THREE_ENEMY_KILL","is_prod":false,"is_daily":false,"chose_seed":false,"campfire_upgraded":5,"win_rate":0,"timestamp":1560093633,"path_taken":["M","M","?","?","?","E","?","R","T","E","R","?","R","?","R","BOSS","M","$","?","?","?","E","R","M","T","R","E"],"build_version":"2019-01-23","purchased_purges":1,"victory":false,"max_hp_per_floor":[71,71,71,71,71,71,71,71,71,71,71,71,71,71,71,71,71,71,71,71,71,71,71,71,71,71,71,71],"card_choices":[{"not_picked":["Streamline","Rebound"],"picked":"FTL","floor":1.0},{"not_picked":["Chill","Conserve Battery"],"picked":"Darkness","floor":2.0},{"not_picked":["Steam Power","Streamline"],"picked":"Lockon","floor":4.0},{"not_picked":["Conserve Battery","Reinforced Body"],"picked":"Biased Cognition","floor":6.0},{"not_picked":["Compile Driver","Consume"],"picked":"Self Repair","floor":10.0},{"not_picked":["Blizzard","Leap"],"picked":"Rebound","floor":12.0},{"not_picked":["Amplify","Biased Cognition"],"picked":"Multi-Cast","floor":16.0},{"not_picked":["Gash+1","Redo","Steam Power"],"picked":"SKIP","floor":18.0},{"not_picked":["Sweeping Beam","Stack"],"picked":"Loop","floor":23},{"not_picked":["Redo","Coolheaded"],"picked":"Conserve Battery+1","floor":25}],"player_experience":5307344,"relics_obtained":[{"floor":6.0,"key":"Oddly Smooth Stone"},{"floor":9.0,"key":"Blood Vial"},{"floor":10.0,"key":"Potion Belt"},{"floor":23,"key":"Meat on the Bone"},{"floor":26,"key":"Gremlin Horn"}],"event_choices":[{"damage_healed":0.0,"max_hp_gain":0.0,"max_hp_loss":0.0,"gold_gain":0.0,"event_name":"The Woman in Blue","player_choice":"Bought 1 Potion","floor":3.0,"gold_loss":0.0,"damage_taken":0.0},{"cards_removed":["Strike_B"],"damage_healed":0.0,"max_hp_gain":0.0,"max_hp_loss":0.0,"gold_gain":0.0,"event_name":"The Cleric","player_choice":"Card Removal","floor":5.0,"gold_loss":75.0,"damage_taken":0.0},{"damage_healed":0.0,"max_hp_gain":0.0,"max_hp_loss":0.0,"gold_gain":0.0,"event_name":"Golden Idol","player_choice":"Take Damage","floor":14.0,"gold_loss":0.0,"damage_taken":24.0,"relics_obtained":["Golden Idol"]},{"damage_healed":0.0,"max_hp_gain":0.0,"max_hp_loss":0.0,"gold_gain":0.0,"event_name":"Cursed Tome","player_choice":"Ignored","floor":20.0,"gold_loss":0.0,"damage_taken":0.0},{"damage_healed":0.0,"max_hp_gain":0.0,"max_hp_loss":0.0,"gold_gain":0.0,"event_name":"Beggar","player_choice":"Ignored","floor":21.0,"gold_loss":0.0,"damage_taken":0.0},{"cards_removed":["Hello World"],"damage_healed":0.0,"max_hp_gain":0.0,"max_hp_loss":0.0,"gold_gain":0.0,"event_name":"Purifier","player_choice":"Purged","floor":22.0,"gold_loss":0.0,"damage_taken":0.0}],"is_beta":false,"boss_relics":[{"not_picked":["Philosopher\u0027s Stone","Busted Crown"],"picked":"Pandora\u0027s Box"}],"items_purged_floors":[7],"is_endless":false,"potions_floor_spawned":[1,4,23],"killed_by":"Slavers","ascension_level":20}