{"gold_per_floor":[115,130,130,148,98,129,149,149,149,149,165,41,41,72,72,72],"floor_reached":16,"playtime":570,"items_purged":[],"score":116,"play_id":"4809ca22-93b0-4555-a395-24d11d990607","local_time":"20190725210639","is_ascension_mode":true,"campfire_choices":[{"floor":8,"key":"RECALL"},{"data":"Iron Wave","floor":10,"key":"SMITH"},{"floor":15,"key":"REST"}],"neow_cost":"NONE","seed_source_timestamp":1307136972323900,"circlet_count":0,"master_deck":["Strike_R","Strike_R+1","Strike_R","Strike_R","Defend_R","Defend_R","Defend_R","Bash+1","Carnage","Corruption","Iron Wave","Iron Wave+1","Inflame","Regret","Feed"],"relics":["Burning Blood","Paper Frog","Meat on the Bone","Tiny Chest","Shuriken","Happy Flower"],"potions_floor_usage":[2,14],"damage_taken":[{"damage":1,"enemies":"Cultist","floor":1,"turns":3},{"damage":3,"enemies":"Jaw Worm","floor":2,"turns":3},{"damage":7,"enemies":"2 Louse","floor":4,"turns":3},{"damage":21,"enemies":"Lagavulin","floor":6,"turns":6},{"damage":14,"enemies":"Blue Slaver","floor":7,"turns":3},{"damage":8,"enemies":"2 Fungi Beasts","floor":11,"turns":4},{"damage":34,"enemies":"3 Sentries","floor":14,"turns":7},{"damage":59,"enemies":"Hexaghost","floor":16,"turns":7}],"seed_played":"-2543150187472042333","potions_obtained":[{"floor":1,"key":"Weak Potion"},{"floor":7,"key":"SteroidPotion"},{"floor":14,"key":"Dexterity Potion"}],"is_trial":false,"path_per_floor":["M","M","?","M","?","E","M","R","T","R","M","$","?","E","R","B"],"character_chosen":"IRONCLAD","items_purchased":["Tiny Chest"],"campfire_rested":1,"item_purchase_floors":[12],"current_hp_per_floor":[80,80,64,63,63,48,40,40,40,40,50,50,50,34,58,0],"gold":72,"neow_bonus":"REMOVE_CARD","is_prod":false,"is_daily":false,"chose_seed":false,"campfire_upgraded":1,"win_rate":0,"timestamp":1564106799,"path_taken":["M","?","?","M","?","E","M","R","T","R","M","?","?","E","R","BOSS"],"build_version":"2019-07-17","purchased_purges":0,"victory":false,"max_hp_per_floor":[80,80,80,80,80,80,80,80,80,80,80,80,80,80,80,80],"card_choices":[{"not_picked":["Heavy Blade","Body Slam"],"picked":"Carnage","floor":1},{"not_picked":["Warcry","Body Slam"],"picked":"Corruption","floor":2},{"not_picked":["Twin Strike","Warcry","Thunderclap"],"picked":"SKIP","floor":4},{"not_picked":["Fire Breathing","Sword Boomerang"],"picked":"Iron Wave","floor":6},{"not_picked":["Clothesline","Twin Strike"],"picked":"Iron Wave","floor":7},{"not_picked":["Anger","Reckless Charge"],"picked":"Inflame","floor":11},{"not_picked":["Shrug It Off","Disarm"],"picked":"Feed","floor":14}],"player_experience":182387,"relics_obtained":[{"floor":6,"key":"Paper Frog"},{"floor":9,"key":"Meat on the Bone"},{"floor":14,"key":"Happy Flower"}],"event_choices":[{"damage_healed":0,"gold_gain":0,"player_choice":"Entered Light","damage_taken":16,"max_hp_gain":0,"max_hp_loss":0,"event_name":"Shining Light","floor":3,"gold_loss":0,"cards_upgraded":["Strike_R","Bash"]},{"cards_removed":["Strike_R"],"damage_healed":0,"gold_gain":0,"player_choice":"Card Removal","damage_taken":0,"max_hp_gain":0,"max_hp_loss":0,"event_name":"The Cleric","floor":5,"gold_loss":50},{"damage_healed":0,"gold_gain":0,"player_choice":"Box","damage_taken":0,"relics_obtained":["Shuriken"],"max_hp_gain":0,"max_hp_loss":0,"event_name":"Big Fish","floor":13,"gold_loss":0,"cards_obtained":["Regret"]}],"is_beta":false,"boss_relics":[],"items_purged_floors":[],"is_endless":false,"potions_floor_spawned":[1,7,14],"killed_by":"Hexaghost","ascension_level":1}