{"gold_per_floor":[118,128,128,141,141,141,216,216,216,216,247,263,276,276,276,276],"floor_reached":16,"playtime":512,"items_purged":[],"score":200,"play_id":"81a1f3a4-72f6-4665-90f8-b1b04fee8b13","local_time":"20190602000358","is_ascension_mode":true,"campfire_choices":[{"data":"Chaos","floor":6,"key":"SMITH"},{"data":"Chaos","floor":8,"key":"SMITH"},{"data":"Capacitor","floor":10,"key":"SMITH"},{"data":"Dualcast","floor":15,"key":"SMITH"}],"neow_cost":"NONE","seed_source_timestamp":527189067971600,"circlet_count":0,"master_deck":["AscendersBane","Strike_B","Strike_B","Strike_B","Strike_B","Defend_B","Defend_B","Defend_B","Defend_B","Zap+1","Dualcast+1","Capacitor+1","Chaos+1","Chaos+1","Electrodynamics","Coolheaded","Hologram+1"],"relics":["Cracked Core","FaceOfCleric","Meat on the Bone","PreservedInsect"],"potions_floor_usage":[11],"damage_taken":[{"damage":4,"enemies":"Small Slimes","floor":1,"turns":3},{"damage":2,"enemies":"Cultist","floor":2,"turns":4},{"damage":9,"enemies":"Jaw Worm","floor":4,"turns":4},{"damage":9,"enemies":"Lagavulin","floor":11,"turns":7},{"damage":3,"enemies":"2 Fungi Beasts","floor":12,"turns":3},{"damage":7,"enemies":"Looter","floor":13,"turns":4},{"damage":49,"enemies":"Hexaghost","floor":16,"turns":9}],"seed_played":"-7300169480967408460","potions_obtained":[{"floor":1,"key":"Block Potion"},{"floor":13,"key":"FearPotion"}],"is_trial":false,"path_per_floor":["M","M","?","M","?","R","?","R","T","R","E","M","M","?","R","B"],"character_chosen":"DEFECT","items_purchased":[],"campfire_rested":0,"item_purchase_floors":[],"current_hp_per_floor":[60,58,58,50,50,50,39,39,39,39,43,41,47,47,47,0],"gold":276,"neow_bonus":"UPGRADE_CARD","is_prod":false,"is_daily":false,"chose_seed":false,"campfire_upgraded":4,"win_rate":0,"timestamp":1559401438,"path_taken":["M","M","?","?","?","R","?","R","T","R","E","M","M","?","R","BOSS"],"build_version":"2019-01-23","purchased_purges":0,"victory":false,"max_hp_per_floor":[71,71,71,72,72,72,72,72,72,72,73,74,75,75,75,75],"card_choices":[{"not_picked":["Undo","Barrage"],"picked":"Capacitor","floor":1},{"not_picked":["Fusion","Go for the Eyes"],"picked":"Chaos","floor":2},{"not_picked":["Rebound","Gash"],"picked":"Chaos","floor":4},{"not_picked":["Melter","Double Energy"],"picked":"Electrodynamics","floor":11},{"not_picked":["Beam Cell","Blizzard"],"picked":"Coolheaded","floor":12},{"not_picked":["Auto Shields","Ball Lightning"],"picked":"Hologram","floor":13}],"player_experience":5238553,"relics_obtained":[{"floor":9,"key":"Meat on the Bone"},{"floor":11,"key":"PreservedInsect"}],"event_choices":[{"damage_healed":0,"gold_gain":0,"player_choice":"Trade","damage_taken":0,"relics_obtained":["FaceOfCleric"],"max_hp_gain":0,"max_hp_loss":0,"event_name":"FaceTrader","floor":3,"gold_loss":0},{"damage_healed":0,"gold_gain":0,"player_choice":"Ignored","damage_taken":0,"max_hp_gain":0,"max_hp_loss":0,"event_name":"Liars Game","floor":5,"gold_loss":0},{"damage_healed":0,"gold_gain":75,"player_choice":"Gather Gold","damage_taken":11,"max_hp_gain":0,"max_hp_loss":0,"event_name":"World of Goop","floor":7,"gold_loss":0},{"damage_healed":0,"gold_gain":0,"player_choice":"Forge","damage_taken":0,"max_hp_gain":0,"max_hp_loss":0,"event_name":"Accursed Blacksmith","floor":14,"gold_loss":0,"cards_upgraded":["Hologram"]}],"is_beta":false,"boss_relics":[],"items_purged_floors":[],"is_endless":false,"potions_floor_spawned":[1,13],"killed_by":"Hexaghost","ascension_level":20}