{"gold_per_floor":[118,135,149,166,166,166,177,177,177,202,261,261,51,77,77,148,148,168,168,186,204,215,215,36,70,70,70,70,95,111,111],"floor_reached":31,"playtime":1294,"items_purged":["Strike_R","Strike_R"],"score":570,"play_id":"08405524-94a6-41a6-87a5-5dfd88da8915","local_time":"20190524031648","is_ascension_mode":true,"campfire_choices":[{"data":"Reckless Charge","floor":6,"key":"SMITH"},{"data":"Bash","floor":8,"key":"SMITH"},{"data":"Dark Embrace","floor":12,"key":"SMITH"},{"data":"Armaments","floor":15,"key":"SMITH"},{"data":"Burning Pact","floor":23,"key":"SMITH"}],"neow_cost":"NONE","seed_source_timestamp":98449565123300,"circlet_count":0,"master_deck":["AscendersBane","Strike_R","Strike_R","Defend_R","Defend_R","Defend_R","Defend_R","Bash+1","Seeing Red","Cleave","Reckless Charge+1","Battle Trance","Anger","Carnage","Dark Embrace+1","Ghostly Armor","Armaments+1","Rampage+1","Feel No Pain","Double Tap","Disarm","Carnage+1","Inflame+1","Burning Pact+1","Feel No Pain","Demon Form","Pummel+1","Power Through"],"relics":["Burning Blood","Molten Egg 2","Pen Nib","Calipers","Ancient Tea Set","Coffee Dripper","Darkstone Periapt","Letter Opener","Mercury Hourglass"],"potions_floor_usage":[4,11,16,16,16,18,20,21,21,22,25,29,31],"damage_taken":[{"damage":7,"enemies":"2 Louse","floor":1,"turns":3},{"damage":7,"enemies":"Cultist","floor":2,"turns":4},{"damage":9,"enemies":"Jaw Worm","floor":3,"turns":4},{"damage":39,"enemies":"Exordium Thugs","floor":4,"turns":8},{"damage":11,"enemies":"2 Fungi Beasts","floor":7,"turns":4},{"damage":6,"enemies":"Gremlin Nob","floor":10,"turns":3},{"damage":15,"enemies":"3 Sentries","floor":11,"turns":6},{"damage":15,"enemies":"Lagavulin","floor":14,"turns":6},{"damage":16,"enemies":"Hexaghost","floor":16,"turns":6},{"damage":7,"enemies":"Chosen","floor":18,"turns":3},{"damage":0,"enemies":"Spheric Guardian","floor":20,"turns":1},{"damage":8,"enemies":"3 Cultists","floor":21,"turns":5},{"damage":0,"enemies":"Centurion and Healer","floor":22,"turns":10},{"damage":25,"enemies":"Book of Stabbing","floor":25,"turns":5},{"damage":23,"enemies":"Colosseum Slavers","floor":28,"turns":4},{"damage":34,"enemies":"Slavers","floor":29,"turns":7},{"damage":8,"enemies":"Snake Plant","floor":30,"turns":4},{"damage":12,"enemies":"Snecko","floor":31,"turns":2}],"seed_played":"4920672264597850552","potions_obtained":[{"floor":1,"key":"Swift Potion"},{"floor":3,"key":"Regen Potion"},{"floor":10,"key":"Swift Potion"},{"floor":11,"key":"EntropicBrew"},{"floor":18,"key":"Weak Potion"},{"floor":19,"key":"Swift Potion"},{"floor":20,"key":"EntropicBrew"},{"floor":25,"key":"Dexterity Potion"},{"floor":29,"key":"Strength Potion"},{"floor":30,"key":"SkillPotion"}],"is_trial":false,"path_per_floor":["M","M","M","M","?","R","M","R","T","E","?","R","$","E","R","B",null,"M","?","M","M","M","R","$","E","T","$","?","E","M","M"],"character_chosen":"IRONCLAD","items_purchased":["Armaments","Rampage+1","Feel No Pain"],"campfire_rested":0,"item_purchase_floors":[13,13,24],"current_hp_per_floor":[67,66,63,45,70,70,65,65,65,65,56,56,56,47,47,37,66,65,65,71,69,75,75,75,56,56,56,39,11,9,0],"gold":111,"neow_bonus":"TRANSFORM_CARD","is_prod":false,"is_daily":false,"chose_seed":false,"campfire_upgraded":5,"win_rate":0,"timestamp":1558635408,"path_taken":["M","M","M","M","?","R","M","R","T","E","?","R","$","E","R","BOSS","M","?","?","M","?","R","$","E","T","?","?","E","M","?"],"build_version":"2019-01-23","purchased_purges":2,"victory":false,"max_hp_per_floor":[75,75,75,75,75,75,75,75,75,75,75,75,75,75,75,75,75,75,75,75,75,75,75,75,75,75,75,75,75,75,75],"card_choices":[{"not_picked":["Dual Wield","Body Slam"],"picked":"Cleave","floor":1},{"not_picked":["True Grit","Entrench"],"picked":"Reckless Charge","floor":2},{"not_picked":["Rupture","Anger"],"picked":"Battle Trance","floor":3},{"not_picked":["Clothesline","Body Slam"],"picked":"Anger","floor":4},{"not_picked":["Berserk","Clash"],"picked":"Carnage","floor":7},{"not_picked":["Heavy Blade+1","Warcry"],"picked":"Dark Embrace","floor":10},{"not_picked":["Burning Pact","Havoc"],"picked":"Ghostly Armor","floor":11},{"not_picked":["Perfected Strike+1","Warcry"],"picked":"Feel No Pain","floor":14},{"not_picked":["Brutality","Demon Form"],"picked":"Double Tap","floor":16},{"not_picked":["Shrug It Off","Cleave+1"],"picked":"Disarm","floor":18},{"not_picked":["Clothesline+1","Armaments"],"picked":"Carnage+1","floor":20},{"not_picked":["Dark Embrace","Perfected Strike+1"],"picked":"Inflame+1","floor":21},{"not_picked":["Wild Strike+1","Anger+1"],"picked":"Burning Pact","floor":22},{"not_picked":["Havoc","Sword Boomerang+1"],"picked":"Demon Form","floor":25},{"not_picked":["Shrug It Off","Dropkick+1"],"picked":"Pummel+1","floor":29},{"not_picked":["Clash+1","Armaments"],"picked":"Power Through","floor":30}],"player_experience":5128087,"relics_obtained":[{"floor":9,"key":"Molten Egg 2"},{"floor":10,"key":"Pen Nib"},{"floor":14,"key":"Ancient Tea Set"},{"floor":25,"key":"Darkstone Periapt"},{"floor":26,"key":"Letter Opener"},{"floor":29,"key":"Mercury Hourglass"}],"event_choices":[{"damage_healed":25,"gold_gain":0,"player_choice":"Banana","damage_taken":0,"max_hp_gain":0,"max_hp_loss":0,"event_name":"Big Fish","floor":5,"gold_loss":0},{"damage_healed":0,"gold_gain":0,"player_choice":"Searched \u00272\u0027 times","damage_taken":0,"relics_obtained":["Calipers"],"max_hp_gain":0,"max_hp_loss":0,"event_name":"Dead Adventurer","floor":11,"gold_loss":0},{"damage_healed":0,"gold_gain":0,"player_choice":"Got Potions","damage_taken":0,"max_hp_gain":0,"max_hp_loss":0,"event_name":"Lab","floor":19,"gold_loss":0},{"damage_healed":0,"gold_gain":0,"player_choice":"Fight","damage_taken":0,"max_hp_gain":0,"max_hp_loss":0,"event_name":"Colosseum","floor":28,"gold_loss":0},{"damage_healed":0,"gold_gain":0,"player_choice":"Fled From Nobs","damage_taken":0,"max_hp_gain":0,"max_hp_loss":0,"event_name":"Colosseum","floor":28,"gold_loss":0}],"is_beta":false,"boss_relics":[{"not_picked":["Black Blood","Busted Crown"],"picked":"Coffee Dripper"}],"items_purged_floors":[13,24],"is_endless":false,"potions_floor_spawned":[1,3,10,11,18,20,25,29,30],"killed_by":"Snecko","ascension_level":20}