{"gold_per_floor":[111,130,130,149,48,58,58,71,95,95,95,122,139,164,164,238,238,255,266,316,6,18,52,52,52,52,63,63,92,92,127,127,127],"floor_reached":33,"playtime":968,"items_purged":["Strike_B","Strike_B"],"score":640,"play_id":"d8ea77d4-41a0-4a27-82e3-48027e4f2105","local_time":"20190615011537","is_ascension_mode":true,"campfire_choices":[{"data":"Zap","floor":7,"key":"SMITH"},{"data":"Streamline","floor":11,"key":"SMITH"},{"data":"Fission","floor":15,"key":"SMITH"},{"floor":25,"key":"REST"},{"floor":30,"key":"REST"},{"floor":32,"key":"REST"}],"neow_cost":"TEN_PERCENT_HP_LOSS","seed_source_timestamp":26705789552000,"circlet_count":0,"master_deck":["AscendersBane","Defend_B","Defend_B","Zap+1","Dualcast","Electrodynamics","Reboot","Cold Snap","Sweeping Beam","Streamline+1","Conserve Battery","Turbo","Rebound","Capacitor","Glacier","Fission+1","All For One","Coolheaded","Beam Cell+1","Doppelganger","Endless Agony+1"],"relics":["Cracked Core","Oddly Smooth Stone","Bottled Flame","Bronze Scales","Art of War","Empty Cage","PrismaticShard","DataDisk","The Courier","Calipers","Red Mask"],"potions_floor_usage":[16,16,29,29],"damage_taken":[{"damage":4,"enemies":"Jaw Worm","floor":1,"turns":4},{"damage":6,"enemies":"2 Louse","floor":2,"turns":2},{"damage":0,"enemies":"Small Slimes","floor":4,"turns":3},{"damage":0,"enemies":"2 Fungi Beasts","floor":6,"turns":3},{"damage":4,"enemies":"Lots of Slimes","floor":8,"turns":2},{"damage":8,"enemies":"3 Sentries","floor":12,"turns":2},{"damage":17,"enemies":"Exordium Thugs","floor":13,"turns":4},{"damage":0,"enemies":"Lagavulin","floor":14,"turns":6},{"damage":4,"enemies":"Hexaghost","floor":16,"turns":8},{"damage":12,"enemies":"3 Byrds","floor":18,"turns":2},{"damage":0,"enemies":"Spheric Guardian","floor":19,"turns":1},{"damage":0,"enemies":"Snecko","floor":22,"turns":6},{"damage":41,"enemies":"Slavers","floor":23,"turns":4},{"damage":6,"enemies":"3 Cultists","floor":27,"turns":4},{"damage":11,"enemies":"Colosseum Slavers","floor":28,"turns":3},{"damage":3,"enemies":"Book of Stabbing","floor":29,"turns":3},{"damage":21,"enemies":"Masked Bandits","floor":31,"turns":4},{"damage":29,"enemies":"Automaton","floor":33,"turns":10}],"seed_played":"777080562747636303","potions_obtained":[{"floor":8,"key":"Ancient Potion"},{"floor":12,"key":"PowerPotion"},{"floor":22,"key":"FocusPotion"},{"floor":27,"key":"Fire Potion"},{"floor":31,"key":"SmokeBomb"}],"is_trial":false,"path_per_floor":["M","M","?","M","$","M","R","M","T","T","R","E","M","E","R","B",null,"M","M","?","$","M","E","?","R","T","M","?","E","R","?","R","B"],"character_chosen":"DEFECT","items_purchased":["Conserve Battery","PrismaticShard"],"campfire_rested":3,"item_purchase_floors":[5,21],"current_hp_per_floor":[60,54,59,59,59,59,59,55,55,55,55,47,30,30,30,26,58,46,46,46,46,46,5,5,25,25,19,8,5,25,4,24,0],"gold":127,"neow_bonus":"TRANSFORM_TWO_CARDS","is_prod":false,"is_daily":false,"chose_seed":false,"campfire_upgraded":3,"win_rate":0,"timestamp":1560528937,"path_taken":["M","M","?","M","$","M","R","M","T","?","R","E","M","E","R","BOSS","M","M","?","$","M","E","?","R","T","?","?","E","R","?","R","BOSS"],"build_version":"2019-01-23","purchased_purges":2,"victory":false,"max_hp_per_floor":[64,64,69,69,69,69,69,69,69,69,69,69,69,69,69,69,69,69,69,69,69,69,69,69,69,69,69,69,69,69,69,69,69],"card_choices":[{"not_picked":["Barrage","Compile Driver"],"picked":"Cold Snap","floor":1},{"not_picked":["Beam Cell","Stack"],"picked":"Sweeping Beam","floor":2},{"not_picked":["Compile Driver","Redo"],"picked":"Streamline","floor":4},{"not_picked":["Meteor Strike","Compile Driver"],"picked":"Turbo","floor":6},{"not_picked":["Steam","Beam Cell"],"picked":"Rebound","floor":8},{"not_picked":["Aggregate","Steam Power"],"picked":"Capacitor","floor":12},{"not_picked":["Rip and Tear","White Noise"],"picked":"Glacier","floor":13},{"not_picked":["Heatsinks","Compile Driver"],"picked":"Fission","floor":14},{"not_picked":["Rainbow","Amplify"],"picked":"All For One","floor":16},{"not_picked":["Stack","Reinforced Body"],"picked":"Coolheaded","floor":18},{"not_picked":["Cold Snap","Stack","Streamline"],"picked":"SKIP","floor":19},{"not_picked":["Iron Wave+1","Lockon+1"],"picked":"Beam Cell+1","floor":22},{"not_picked":["Reflex","Stack"],"picked":"Doppelganger","floor":23},{"not_picked":["Slice","Dagger Spray"],"picked":"Endless Agony+1","floor":27},{"not_picked":["Perfected Strike","Lockon","Bludgeon"],"picked":"SKIP","floor":29}],"player_experience":5359641,"relics_obtained":[{"floor":9,"key":"Oddly Smooth Stone"},{"floor":10,"key":"Bottled Flame"},{"floor":12,"key":"Bronze Scales"},{"floor":14,"key":"Art of War"},{"floor":23,"key":"DataDisk"},{"floor":26,"key":"The Courier"},{"floor":29,"key":"Calipers"},{"floor":31,"key":"Red Mask"}],"event_choices":[{"damage_healed":0,"gold_gain":0,"player_choice":"Donut","damage_taken":0,"max_hp_gain":5,"max_hp_loss":0,"event_name":"Big Fish","floor":3,"gold_loss":0},{"damage_healed":0,"gold_gain":50,"player_choice":"Stole From Cult","damage_taken":0,"max_hp_gain":0,"max_hp_loss":0,"event_name":"Nest","floor":20,"gold_loss":0},{"damage_healed":0,"gold_gain":0,"player_choice":"Ignored","damage_taken":0,"max_hp_gain":0,"max_hp_loss":0,"event_name":"The Mausoleum","floor":24,"gold_loss":0},{"damage_healed":0,"gold_gain":0,"player_choice":"Fight","damage_taken":0,"max_hp_gain":0,"max_hp_loss":0,"event_name":"Colosseum","floor":28,"gold_loss":0},{"damage_healed":0,"gold_gain":0,"player_choice":"Fled From Nobs","damage_taken":0,"max_hp_gain":0,"max_hp_loss":0,"event_name":"Colosseum","floor":28,"gold_loss":0},{"damage_healed":0,"gold_gain":0,"player_choice":"Fought Bandits","damage_taken":0,"max_hp_gain":0,"max_hp_loss":0,"event_name":"Masked Bandits","floor":31,"gold_loss":0}],"is_beta":false,"boss_relics":[{"not_picked":["Black Star","Sozu"],"picked":"Empty Cage"}],"items_purged_floors":[5,21],"is_endless":false,"potions_floor_spawned":[8,12,13,22,27,31],"killed_by":"Automaton","ascension_level":20}