{"gold_per_floor":[119,119,119,138,157,204,217,246,273,273,8,20,20,36,36,113,113,131,143,143],"floor_reached":20,"playtime":654,"items_purged":[],"score":552,"play_id":"1d6f97f1-f2dd-4e3d-a4cf-42c3a595316b","local_time":"20190720041354","is_ascension_mode":true,"campfire_choices":[{"floor":10,"key":"RECALL"},{"data":"Armaments","floor":13,"key":"SMITH"},{"data":"Bash","floor":15,"key":"SMITH"}],"neow_cost":"","seed_source_timestamp":2470572180176110,"circlet_count":0,"master_deck":["AscendersBane","Strike_R","Strike_R","Strike_R","Strike_R","Strike_R","Defend_R","Defend_R","Defend_R","Defend_R","Bash+1","Rampage","Armaments+1","Offering","Flame Barrier","Shrug It Off","Berserk","Clothesline+1","Clothesline+1"],"relics":["Burning Blood","Lee\u0027s Waffle","Magic Flower","Shuriken","Bag of Marbles","Molten Egg 2","Paper Frog","Cursed Key"],"potions_floor_usage":[8,16,20],"damage_taken":[{"damage":9,"enemies":"Jaw Worm","floor":1,"turns":5},{"damage":1,"enemies":"Cultist","floor":4,"turns":3},{"damage":7,"enemies":"2 Louse","floor":5,"turns":4},{"damage":18,"enemies":"Exordium Thugs","floor":7,"turns":5},{"damage":26,"enemies":"Gremlin Nob","floor":8,"turns":4},{"damage":6,"enemies":"3 Louse","floor":12,"turns":3},{"damage":6,"enemies":"Blue Slaver","floor":14,"turns":3},{"damage":61,"enemies":"Hexaghost","floor":16,"turns":9},{"damage":32,"enemies":"Chosen","floor":18,"turns":4},{"damage":25,"enemies":"2 Thieves","floor":19,"turns":4},{"damage":26,"enemies":"Centurion and Healer","floor":20,"turns":9}],"seed_played":"-814133117089098784","potions_obtained":[{"floor":5,"key":"Weak Potion"},{"floor":14,"key":"Poison Potion"},{"floor":18,"key":"Swift Potion"}],"is_trial":false,"path_per_floor":["M","?","?","M","M","T","M","E","T","R","$","M","R","M","R","B",null,"M","M","M"],"character_chosen":"IRONCLAD","items_purchased":["Lee\u0027s Waffle","Paper Frog"],"campfire_rested":0,"item_purchase_floors":[0,11],"current_hp_per_floor":[82,82,77,82,82,82,73,56,56,56,56,59,59,62,62,10,64,41,25,0],"gold":143,"neow_bonus":"","is_prod":false,"is_daily":false,"chose_seed":false,"campfire_upgraded":2,"win_rate":0,"timestamp":1563588834,"path_taken":["M","?","?","M","M","?","?","E","T","R","?","?","R","M","R","BOSS","M","M","M"],"build_version":"2019-07-17","purchased_purges":0,"victory":false,"max_hp_per_floor":[82,82,82,82,82,82,82,82,82,82,82,82,82,82,82,82,82,82,82,82],"card_choices":[{"not_picked":["Searing Blow","True Grit"],"picked":"Rampage","floor":1},{"not_picked":["Clothesline","Blood for Blood","Headbutt"],"picked":"SKIP","floor":4},{"not_picked":["Wild Strike","Anger","Twin Strike"],"picked":"SKIP","floor":5},{"not_picked":["Intimidate","Pommel Strike"],"picked":"Armaments","floor":7},{"not_picked":["Sentinel","Rupture"],"picked":"Offering","floor":8},{"not_picked":["Uppercut+1","Spot Weakness"],"picked":"Flame Barrier","floor":12},{"not_picked":["Second Wind","Entrench"],"picked":"Shrug It Off","floor":14},{"not_picked":["Exhume","Double Tap"],"picked":"Berserk","floor":16},{"not_picked":["Perfected Strike+1","Reckless Charge+1"],"picked":"Clothesline+1","floor":18},{"not_picked":["Wild Strike+1","Disarm"],"picked":"Clothesline+1","floor":19}],"player_experience":514276,"relics_obtained":[{"floor":6,"key":"Bag of Marbles"},{"floor":8,"key":"Molten Egg 2"}],"event_choices":[{"damage_healed":0,"gold_gain":0,"player_choice":"Ignored","damage_taken":0,"max_hp_gain":0,"max_hp_loss":0,"event_name":"Golden Wing","floor":2,"gold_loss":0},{"damage_healed":0,"gold_gain":0,"player_choice":"Success","damage_taken":5,"relics_obtained":["Shuriken"],"max_hp_gain":0,"max_hp_loss":0,"event_name":"Scrap Ooze","floor":3,"gold_loss":0}],"is_beta":false,"boss_relics":[{"not_picked":["Black Star","Tiny House"],"picked":"Cursed Key"}],"items_purged_floors":[],"is_endless":false,"potions_floor_spawned":[5,14,18],"killed_by":"Centurion and Healer","ascension_level":20}