{"gold_per_floor":[365,365,385,350,38,71,71,71,71,82,97,109,4,14,14,118,118,128,143,93,108,108],"floor_reached":22,"playtime":822,"items_purged":[],"score":357,"play_id":"46163beb-1a33-47a2-a617-1fb776b25efc","local_time":"20190710204034","is_ascension_mode":true,"campfire_choices":[{"floor":15,"key":"REST"}],"neow_cost":"PERCENT_DAMAGE","seed_source_timestamp":1669195685125690,"circlet_count":0,"master_deck":["AscendersBane","Strike_R","Strike_R+1","Strike_R","Strike_R","Strike_R","Defend_R","Defend_R","Defend_R+1","Defend_R","Bash","Shrug It Off","Twin Strike","Exhume","Bash","Shockwave","Seeing Red","Pommel Strike","Second Wind","Reckless Charge","Shrug It Off","Fiend Fire","Body Slam","Sever Soul","True Grit"],"relics":["Burning Blood","Dead Branch","Peace Pipe","Incense Burner","Philosopher\u0027s Stone"],"potions_floor_usage":[8,8,16],"damage_taken":[{"damage":9,"enemies":"Jaw Worm","floor":1,"turns":5},{"damage":3,"enemies":"Small Slimes","floor":3,"turns":3},{"damage":30,"enemies":"Gremlin Nob","floor":6,"turns":5},{"damage":27,"enemies":"Lagavulin","floor":8,"turns":5},{"damage":0,"enemies":"Cultist","floor":10,"turns":4},{"damage":9,"enemies":"Looter","floor":11,"turns":4},{"damage":0,"enemies":"2 Fungi Beasts","floor":12,"turns":2},{"damage":0,"enemies":"Red Slaver","floor":14,"turns":3},{"damage":27,"enemies":"Slime Boss","floor":16,"turns":8},{"damage":5,"enemies":"Chosen","floor":18,"turns":3},{"damage":13,"enemies":"Shell Parasite","floor":19,"turns":5},{"damage":28,"enemies":"Snecko","floor":21,"turns":5},{"damage":47,"enemies":"3 Cultists","floor":22,"turns":5}],"seed_played":"-3270791077647057675","potions_obtained":[{"floor":3,"key":"SmokeBomb"},{"floor":6,"key":"FearPotion"},{"floor":12,"key":"Swift Potion"},{"floor":16,"key":"SneckoOil"},{"floor":18,"key":"Dexterity Potion"}],"is_trial":false,"path_per_floor":["M","?","M","?","$","E","?","E","T","M","M","M","$","M","R","B",null,"M","M","$","M","M"],"character_chosen":"IRONCLAD","items_purchased":["Dead Branch","Second Wind","Reckless Charge","True Grit"],"campfire_rested":1,"item_purchase_floors":[5,13,13,20],"current_hp_per_floor":[48,32,35,55,55,31,31,10,10,16,13,19,19,25,49,28,67,68,61,61,39,0],"gold":108,"neow_bonus":"TWO_FIFTY_GOLD","is_prod":false,"is_daily":false,"chose_seed":false,"campfire_upgraded":0,"win_rate":0,"timestamp":1562787634,"path_taken":["M","?","M","?","$","E","?","E","T","M","M","M","$","M","R","BOSS","M","M","$","M","M"],"build_version":"2019-07-05","purchased_purges":0,"victory":false,"max_hp_per_floor":[80,80,80,80,80,80,80,80,80,80,80,80,80,80,80,80,80,80,80,80,80,80],"card_choices":[{"not_picked":["Flex","Thunderclap"],"picked":"Shrug It Off","floor":1},{"not_picked":["Headbutt","Berserk"],"picked":"Twin Strike","floor":3},{"not_picked":["Sword Boomerang","Clothesline"],"picked":"Exhume","floor":6},{"not_picked":["Sentinel","Infernal Blade"],"picked":"Shockwave","floor":10},{"not_picked":["Power Through","Body Slam"],"picked":"Seeing Red","floor":11},{"not_picked":["Inflame","Evolve"],"picked":"Pommel Strike","floor":12},{"not_picked":["Rupture","Juggernaut"],"picked":"Shrug It Off","floor":14},{"not_picked":["Bludgeon","Berserk"],"picked":"Fiend Fire","floor":16},{"not_picked":["Clothesline+1","Wild Strike"],"picked":"Body Slam","floor":18},{"not_picked":["Spot Weakness","Heavy Blade+1"],"picked":"Sever Soul","floor":19},{"not_picked":["Blood for Blood","Bludgeon","Pommel Strike"],"picked":"SKIP","floor":21}],"player_experience":329567,"relics_obtained":[{"floor":6,"key":"Peace Pipe"},{"floor":9,"key":"Incense Burner"}],"event_choices":[{"damage_healed":0,"gold_gain":0,"player_choice":"Entered Light","damage_taken":16,"max_hp_gain":0,"max_hp_loss":0,"event_name":"Shining Light","floor":2,"gold_loss":0,"cards_upgraded":["Defend_R","Strike_R"]},{"damage_healed":20,"gold_gain":0,"player_choice":"Healed","damage_taken":0,"max_hp_gain":0,"max_hp_loss":0,"event_name":"The Cleric","floor":4,"gold_loss":35},{"damage_healed":0,"gold_gain":0,"player_choice":"1 cards matched","damage_taken":0,"max_hp_gain":0,"max_hp_loss":0,"event_name":"Match and Keep!","floor":7,"gold_loss":0,"cards_obtained":["Bash"]}],"is_beta":false,"boss_relics":[{"not_picked":["Pandora\u0027s Box","Black Blood"],"picked":"Philosopher\u0027s Stone"}],"items_purged_floors":[],"is_endless":false,"potions_floor_spawned":[3,6,8,12,16,18,21],"killed_by":"3 Cultists","ascension_level":12}