{"gold_per_floor":[113,113,127,127,127,162,162,187,187,187,86,11,25,37,37,110,110,120,20,20,34,34],"floor_reached":22,"playtime":269,"items_purged":["Defend_G","Poisoned Stab"],"score":364,"play_id":"a0f9c83b-f55c-4943-8d27-e6f2f6652c42","local_time":"20190616013308","is_ascension_mode":true,"campfire_choices":[{"data":"Dash","floor":7,"key":"SMITH"},{"data":"Quick Slash","floor":10,"key":"SMITH"},{"data":"Cloak And Dagger","floor":15,"key":"SMITH"}],"neow_cost":"NONE","seed_source_timestamp":114853907029200,"circlet_count":0,"master_deck":["AscendersBane","Defend_G","Defend_G","Defend_G","Survivor","Neutralize","Deadly Poison","Dash+1","Quick Slash+1","Cloak And Dagger+1","Backstab","Burst","Quick Slash+1","Corpse Explosion+1","All Out Attack+1","Well Laid Plans+1"],"relics":["Ring of the Snake","NeowsBlessing","Strawberry","Bronze Scales","Astrolabe"],"potions_floor_usage":[16,16,22,22],"damage_taken":[{"damage":0,"enemies":"Jaw Worm","floor":1,"turns":1},{"damage":0,"enemies":"2 Louse","floor":3,"turns":1},{"damage":10,"enemies":"3 Sentries","floor":6,"turns":3},{"damage":0,"enemies":"Cultist","floor":13,"turns":3},{"damage":0,"enemies":"Large Slime","floor":14,"turns":4},{"damage":24,"enemies":"Slime Boss","floor":16,"turns":9},{"damage":13,"enemies":"2 Thieves","floor":18,"turns":2},{"damage":22,"enemies":"Chosen","floor":21,"turns":3},{"damage":26,"enemies":"Shelled Parasite and Fungi","floor":22,"turns":3}],"seed_played":"2969266623313150270","potions_obtained":[{"floor":1,"key":"GhostInAJar"},{"floor":13,"key":"Strength Potion"},{"floor":16,"key":"SteroidPotion"},{"floor":18,"key":"SkillPotion"}],"is_trial":false,"path_per_floor":["M","?","M","?","?","E","R","T","T","R","$","?","M","M","R","B",null,"M","$","$","M","M"],"character_chosen":"THE_SILENT","items_purchased":["Poisoned Stab"],"campfire_rested":0,"item_purchase_floors":[11],"current_hp_per_floor":[59,64,64,57,57,54,54,54,54,54,54,54,54,54,54,30,66,53,53,53,31,5],"gold":34,"neow_bonus":"THREE_ENEMY_KILL","is_prod":false,"is_daily":false,"chose_seed":false,"campfire_upgraded":3,"win_rate":0,"timestamp":1560616388,"path_taken":["M","?","M","?","?","E","R","?","T","R","$","?","?","M","R","BOSS","M","?","$","M","M"],"build_version":"2019-01-23","purchased_purges":2,"victory":false,"max_hp_per_floor":[66,71,71,71,71,78,78,78,78,78,78,78,78,78,78,78,78,78,78,78,78,78],"card_choices":[{"not_picked":["Cloak And Dagger","Flying Knee"],"picked":"Deadly Poison","floor":1},{"not_picked":["Backflip","Quick Slash"],"picked":"Dash","floor":3},{"not_picked":["Finisher","Bouncing Flask"],"picked":"Quick Slash","floor":6},{"not_picked":["Prepared","Bouncing Flask"],"picked":"Cloak And Dagger","floor":13},{"not_picked":["Predator","Prepared"],"picked":"Backstab","floor":14},{"not_picked":["Bullet Time","Venomology"],"picked":"Burst","floor":16},{"not_picked":["Dagger Throw","Outmaneuver"],"picked":"Well Laid Plans+1","floor":18},{"not_picked":["Dodge and Roll","Deadly Poison","Outmaneuver"],"picked":"SKIP","floor":21}],"player_experience":5373224,"relics_obtained":[{"floor":6,"key":"Strawberry"},{"floor":8,"key":"Bronze Scales"}],"event_choices":[{"damage_healed":0,"gold_gain":0,"player_choice":"Donut","damage_taken":0,"max_hp_gain":5,"max_hp_loss":0,"event_name":"Big Fish","floor":2,"gold_loss":0},{"cards_removed":["Strike_G"],"damage_healed":0,"gold_gain":0,"player_choice":"Card Removal","damage_taken":7,"max_hp_gain":0,"max_hp_loss":0,"event_name":"Golden Wing","floor":4,"gold_loss":0},{"cards_removed":["Strike_G"],"damage_healed":0,"gold_gain":0,"player_choice":"Forget","damage_taken":0,"max_hp_gain":0,"max_hp_loss":0,"event_name":"Living Wall","floor":5,"gold_loss":0},{"cards_removed":["Defend_G"],"damage_healed":0,"gold_gain":0,"player_choice":"Card Removal","damage_taken":0,"max_hp_gain":0,"max_hp_loss":0,"event_name":"The Cleric","floor":12,"gold_loss":75}],"is_beta":false,"boss_relics":[{"not_picked":["Sozu","Ectoplasm"],"picked":"Astrolabe"}],"items_purged_floors":[11,19],"is_endless":false,"potions_floor_spawned":[1,13,16,18,21],"killed_by":"Shelled Parasite and Fungi","ascension_level":20}