{"gold_per_floor":[118,118,68,83,94,94,110,110,110,125,125,136,136,146,146,222,222,236,246,246,34,48,48,79,79,128,128,147,166,185,199,199,270,270,280,294,244,244,259,285,305,305,305,305,336,336,356,371,371,371,371,371,371,67,100,100],"floor_reached":57,"playtime":1826,"items_purged":["Strike_G","Defend_G","Defend_G","Deadly Poison"],"score":3410,"play_id":"31b408fc-43c5-4f56-84e8-08b911fb5335","local_time":"20190429010418","is_ascension_mode":true,"campfire_choices":[{"data":"Strike_G","floor":6,"key":"PURGE"},{"data":"Defend_G","floor":8,"key":"PURGE"},{"data":"Defend_G","floor":11,"key":"PURGE"},{"data":"Strike_G","floor":13,"key":"PURGE"},{"data":"Calculated Gamble","floor":15,"key":"SMITH"},{"data":"Strike_G","floor":23,"key":"PURGE"},{"data":"Defend_G","floor":25,"key":"PURGE"},{"data":"Tactician","floor":32,"key":"SMITH"},{"data":"Reflex","floor":44,"key":"SMITH"},{"floor":49,"key":"RECALL"},{"data":"Strike_G","floor":53,"key":"PURGE"}],"neow_cost":"","seed_source_timestamp":0,"circlet_count":0,"master_deck":["Neutralize","Quick Slash","Acrobatics","Calculated Gamble+1","Tactician+1","Reflex+1","Backflip","Grand Finale","Prepared+1","Blur"],"relics":["Ring of the Snake","Smiling Mask","Peace Pipe","Ninja Scroll","Sundial","Orrery","Omamori","White Beast Statue","Dodecahedron","StoneCalendar","Blood Vial","Lantern","Nunchaku"],"potions_floor_usage":[10,16,56,56],"damage_taken":[{"damage":0,"enemies":"Small Slimes","floor":1,"turns":4},{"damage":0,"enemies":"2 Louse","floor":4,"turns":2},{"damage":0,"enemies":"Cultist","floor":5,"turns":3},{"damage":0,"enemies":"2 Fungi Beasts","floor":7,"turns":5},{"damage":1,"enemies":"Large Slime","floor":10,"turns":6},{"damage":3,"enemies":"Blue Slaver","floor":12,"turns":3},{"damage":1,"enemies":"Looter","floor":14,"turns":3},{"damage":9,"enemies":"The Guardian","floor":16,"turns":9},{"damage":16,"enemies":"Spheric Guardian","floor":18,"turns":4},{"damage":0,"enemies":"3 Byrds","floor":19,"turns":6},{"damage":0,"enemies":"Snake Plant","floor":22,"turns":2},{"damage":0,"enemies":"Gremlin Leader","floor":24,"turns":1},{"damage":0,"enemies":"Centurion and Healer","floor":28,"turns":1},{"damage":0,"enemies":"3 Cultists","floor":29,"turns":1},{"damage":0,"enemies":"Snecko","floor":30,"turns":1},{"damage":0,"enemies":"Shelled Parasite and Fungi","floor":31,"turns":1},{"damage":0,"enemies":"Champ","floor":33,"turns":3},{"damage":0,"enemies":"3 Shapes","floor":35,"turns":1},{"damage":0,"enemies":"3 Darklings","floor":36,"turns":1},{"damage":0,"enemies":"Transient","floor":39,"turns":1},{"damage":0,"enemies":"Reptomancer","floor":40,"turns":1},{"damage":0,"enemies":"Jaw Worm Horde","floor":41,"turns":1},{"damage":0,"enemies":"Giant Head","floor":45,"turns":1},{"damage":0,"enemies":"3 Darklings","floor":47,"turns":1},{"damage":0,"enemies":"Maw","floor":48,"turns":1},{"damage":0,"enemies":"Awakened One","floor":50,"turns":2},{"damage":0,"enemies":"Donu and Deca","floor":51,"turns":1},{"damage":0,"enemies":"Shield and Spear","floor":55,"turns":1},{"damage":0,"enemies":"The Heart","floor":56,"turns":5}],"seed_played":"8834225102872701393","potions_obtained":[{"floor":1,"key":"LiquidBronze"},{"floor":4,"key":"Fire Potion"},{"floor":12,"key":"EssenceOfSteel"},{"floor":18,"key":"Weak Potion"},{"floor":27,"key":"SmokeBomb"},{"floor":29,"key":"GamblersBrew"},{"floor":39,"key":"Block Potion"},{"floor":40,"key":"GhostInAJar"}],"is_trial":true,"path_per_floor":["M","?","$","M","M","R","M","R","T","M","R","M","R","M","R","B",null,"M","M","?","$","M","R","E","R","T","?","M","M","M","M","R","B",null,"M","M","$","?","M","E","M","?","T","R","E","?","M","M","R","B","B",null,"R","$","E","B",null],"character_chosen":"THE_SILENT","items_purchased":["Grand Finale","Blur","Lantern"],"campfire_rested":0,"item_purchase_floors":[21,54,54],"current_hp_per_floor":[59,41,41,41,41,41,41,41,41,40,40,37,37,36,36,27,56,40,40,40,40,40,40,40,40,40,40,40,40,40,40,40,40,60,60,60,60,60,60,60,60,60,60,60,60,60,62,64,64,66,66,66,66,66,66,66],"gold":100,"neow_bonus":"","is_prod":false,"is_daily":false,"chose_seed":false,"campfire_upgraded":3,"win_rate":0,"timestamp":1556467458,"path_taken":["M","?","$","M","M","R","M","R","T","M","R","M","R","M","R","BOSS","M","M","?","$","M","R","E","R","T","?","M","M","M","?","R","BOSS","M","M","$","?","M","E","M","?","T","R","E","?","M","M","R","BOSS","BOSS","R","$","E","BOSS"],"build_version":"2019-01-23","purchased_purges":4,"victory":true,"max_hp_per_floor":[66,66,66,66,66,66,66,66,66,66,66,66,66,66,66,66,66,66,66,66,66,66,66,66,66,66,66,66,66,66,66,66,66,66,66,66,66,66,66,66,66,66,66,66,66,66,66,66,66,66,66,66,66,66,66,66],"card_choices":[{"not_picked":["Choke","Caltrops"],"picked":"Quick Slash","floor":1},{"not_picked":["Dagger Spray","Dagger Throw"],"picked":"Acrobatics","floor":4},{"not_picked":["Dagger Throw","Malaise","Deflect"],"picked":"SKIP","floor":5},{"not_picked":["Acrobatics","Slice"],"picked":"Deadly Poison","floor":7},{"not_picked":["Distraction","Dash","Slice"],"picked":"SKIP","floor":10},{"not_picked":["Deflect","Dagger Spray","Slice"],"picked":"SKIP","floor":12},{"not_picked":["Doppelganger","Quick Slash"],"picked":"Calculated Gamble","floor":14},{"not_picked":["Concentrate","Quick Slash"],"picked":"Tactician","floor":17},{"not_picked":["Concentrate","Prepared"],"picked":"Reflex","floor":17},{"not_picked":["Dagger Throw","Concentrate"],"picked":"Backflip","floor":17},{"not_picked":["Concentrate","Footwork","Terror"],"picked":"SKIP","floor":18},{"not_picked":["Quick Slash","Outmaneuver","Flying Knee+1"],"picked":"SKIP","floor":19},{"not_picked":["Well Laid Plans","Leg Sweep","A Thousand Cuts"],"picked":"SKIP","floor":22},{"not_picked":["Eviscerate+1","Dagger Spray","Slice"],"picked":"SKIP","floor":24},{"not_picked":["Catalyst","PiercingWail","Noxious Fumes"],"picked":"SKIP","floor":28},{"not_picked":["Deflect","Caltrops","Crippling Poison"],"picked":"SKIP","floor":29},{"not_picked":["Leg Sweep","Well Laid Plans","Deflect"],"picked":"SKIP","floor":30},{"not_picked":["Backstab","Backflip","Deflect"],"picked":"SKIP","floor":31},{"not_picked":["Prepared","Underhanded Strike","Flying Knee+1"],"picked":"SKIP","floor":35},{"not_picked":["Dodge and Roll","Backflip","Well Laid Plans+1"],"picked":"SKIP","floor":36},{"not_picked":["Flying Knee","Deadly Poison","Slice"],"picked":"SKIP","floor":39},{"not_picked":["Blade Dance","Setup","Bane"],"picked":"SKIP","floor":40},{"not_picked":["Tactician+1","Skewer"],"picked":"Prepared+1","floor":41},{"not_picked":["A Thousand Cuts","Concentrate","Die Die Die"],"picked":"SKIP","floor":45},{"not_picked":["Flying Knee","PiercingWail+1","Slice+1"],"picked":"SKIP","floor":47},{"not_picked":["Leg Sweep+1","PiercingWail","Underhanded Strike+1"],"picked":"SKIP","floor":48},{"not_picked":["Dodge and Roll","Infinite Blades","Expertise+1"],"picked":"SKIP","floor":55}],"player_experience":4860362,"relics_obtained":[{"floor":9,"key":"Sundial"},{"floor":24,"key":"Omamori"},{"floor":40,"key":"Dodecahedron"},{"floor":43,"key":"StoneCalendar"},{"floor":45,"key":"Blood Vial"},{"floor":55,"key":"Nunchaku"}],"event_choices":[{"damage_healed":0,"gold_gain":0,"player_choice":"Success","damage_taken":18,"relics_obtained":["Ninja Scroll"],"max_hp_gain":0,"max_hp_loss":0,"event_name":"Scrap Ooze","floor":2,"gold_loss":0},{"damage_healed":0,"gold_gain":0,"player_choice":"Ignored","damage_taken":0,"max_hp_gain":0,"max_hp_loss":0,"event_name":"Ghosts","floor":20,"gold_loss":0},{"damage_healed":0,"gold_gain":0,"player_choice":"Got Potions","damage_taken":0,"max_hp_gain":0,"max_hp_loss":0,"event_name":"Lab","floor":27,"gold_loss":0},{"cards_removed":["Survivor"],"damage_healed":0,"gold_gain":0,"player_choice":"Removed Skill","damage_taken":0,"max_hp_gain":0,"max_hp_loss":0,"event_name":"Falling","floor":38,"gold_loss":0},{"damage_healed":0,"gold_gain":0,"player_choice":"Memory 1","damage_taken":0,"max_hp_gain":0,"max_hp_loss":0,"event_name":"SensoryStone","floor":42,"gold_loss":0},{"damage_healed":0,"gold_gain":0,"player_choice":"Ignored","damage_taken":0,"max_hp_gain":0,"max_hp_loss":0,"event_name":"Tomb of Lord Red Mask","floor":46,"gold_loss":0}],"is_beta":false,"boss_relics":[{"not_picked":["Cursed Key","Pandora\u0027s Box"],"picked":"Orrery"},{"not_picked":["Ring of the Serpent","Sozu"],"picked":"White Beast Statue"}],"items_purged_floors":[3,21,37,54],"is_endless":false,"potions_floor_spawned":[1,4,5,12,18,29,31,33,35,36,39,40,41,45,47,48,55],"ascension_level":20}