{"gold_per_floor":[119,119,135,210,222,222,233,233,257,283,283,301,301,301,301,378,378,389,439,456,63,63,63,73,96,166,178,178,178],"floor_reached":29,"playtime":641,"items_purged":["Strike_G"],"score":446,"play_id":"ebbed2e8-3d6f-4363-8ce3-9b9ff2f05580","local_time":"20190618014306","is_ascension_mode":true,"campfire_choices":[{"data":"Noxious Fumes","floor":6,"key":"SMITH"},{"data":"Finisher","floor":8,"key":"SMITH"},{"data":"Finisher","floor":11,"key":"SMITH"},{"data":"Neutralize","floor":13,"key":"SMITH"},{"data":"Flying Knee","floor":15,"key":"SMITH"},{"data":"Phantasmal Killer","floor":23,"key":"SMITH"}],"neow_cost":"","seed_source_timestamp":287839069391200,"circlet_count":0,"master_deck":["Survivor","Defend_G","Defend_G","Defend_G","Defend_G","Defend_G","Strike_G","Strike_G","Neutralize+1","Finisher+1","Noxious Fumes+1","Flying Knee+1","Terror","Finisher+1","Phantasmal Killer+1","Poisoned Stab+1","Ghostly","Ghostly","Ghostly","Footwork+1"],"relics":["Ring of the Snake","Strawberry","Smiling Mask","Oddly Smooth Stone","Sozu","Tiny Chest","ClockworkSouvenir","Letter Opener","Bag of Preparation"],"potions_floor_usage":[10,16,20,24],"damage_taken":[{"damage":0,"enemies":"2 Louse","floor":1,"turns":4},{"damage":4,"enemies":"Small Slimes","floor":3,"turns":3},{"damage":0,"enemies":"Jaw Worm","floor":5,"turns":4},{"damage":11,"enemies":"2 Fungi Beasts","floor":7,"turns":3},{"damage":5,"enemies":"Lagavulin","floor":10,"turns":7},{"damage":7,"enemies":"Blue Slaver","floor":12,"turns":3},{"damage":1,"enemies":"Hexaghost","floor":16,"turns":8},{"damage":17,"enemies":"2 Thieves","floor":18,"turns":4},{"damage":0,"enemies":"Chosen","floor":20,"turns":2},{"damage":3,"enemies":"Shelled Parasite and Fungi","floor":24,"turns":6},{"damage":23,"enemies":"3 Cultists","floor":27,"turns":6},{"damage":15,"enemies":"Slavers","floor":29,"turns":5}],"seed_played":"-5408959024801020319","potions_obtained":[{"floor":7,"key":"Weak Potion"},{"floor":10,"key":"GhostInAJar"},{"floor":12,"key":"Dexterity Potion"},{"floor":16,"key":"AttackPotion"}],"is_trial":true,"path_per_floor":["M","?","M","?","M","R","M","R","T","E","R","M","R","?","R","B",null,"M","?","M","$","?","R","M","T","T","M","T","E"],"character_chosen":"THE_SILENT","items_purchased":["Tiny Chest","ClockworkSouvenir"],"campfire_rested":0,"item_purchase_floors":[21,21],"current_hp_per_floor":[66,59,55,44,44,44,33,33,33,28,28,21,21,21,21,20,60,43,43,43,43,36,36,33,33,33,10,10,0],"gold":178,"neow_bonus":"","is_prod":false,"is_daily":false,"chose_seed":false,"campfire_upgraded":6,"win_rate":0,"timestamp":1560789786,"path_taken":["M","?","M","?","M","R","M","R","T","E","R","M","R","?","R","BOSS","M","?","M","$","?","R","M","?","T","?","?","E"],"build_version":"2019-01-23","purchased_purges":1,"victory":false,"max_hp_per_floor":[73,73,73,73,73,73,73,73,73,73,73,73,73,73,73,73,73,73,73,73,73,36,36,36,36,36,36,36,36],"card_choices":[{"not_picked":["Underhanded Strike","Dodge and Roll"],"picked":"Finisher","floor":1},{"not_picked":["Slice","Escape Plan"],"picked":"Noxious Fumes","floor":3},{"not_picked":["Blade Dance","Accuracy"],"picked":"Flying Knee","floor":5},{"not_picked":["Escape Plan","Outmaneuver"],"picked":"Terror","floor":7},{"not_picked":["Riddle With Holes","Setup"],"picked":"Finisher","floor":10},{"not_picked":["Reflex","Poisoned Stab","Eviscerate"],"picked":"SKIP","floor":12},{"not_picked":["Night Terror","Tools of the Trade"],"picked":"Phantasmal Killer","floor":16},{"not_picked":["Acrobatics","Outmaneuver","Expertise"],"picked":"SKIP","floor":18},{"not_picked":["Slice+1","Outmaneuver"],"picked":"Poisoned Stab+1","floor":20},{"not_picked":["Predator","Reflex"],"picked":"Footwork+1","floor":24},{"not_picked":["Bane","Flying Knee","Skewer"],"picked":"SKIP","floor":27}],"player_experience":5401228,"relics_obtained":[{"floor":9,"key":"Smiling Mask"},{"floor":10,"key":"Oddly Smooth Stone"},{"floor":26,"key":"Letter Opener"},{"floor":28,"key":"Bag of Preparation"}],"event_choices":[{"cards_removed":["Strike_G"],"damage_healed":0,"gold_gain":0,"player_choice":"Card Removal","damage_taken":7,"max_hp_gain":0,"max_hp_loss":0,"event_name":"Golden Wing","floor":2,"gold_loss":0},{"damage_healed":0,"gold_gain":75,"player_choice":"Gather Gold","damage_taken":11,"max_hp_gain":0,"max_hp_loss":0,"event_name":"World of Goop","floor":4,"gold_loss":0},{"cards_removed":["Strike_G"],"damage_healed":0,"gold_gain":0,"player_choice":"Forget","damage_taken":0,"max_hp_gain":0,"max_hp_loss":0,"event_name":"Living Wall","floor":14,"gold_loss":0},{"damage_healed":0,"gold_gain":50,"player_choice":"Stole From Cult","damage_taken":0,"max_hp_gain":0,"max_hp_loss":0,"event_name":"Nest","floor":19,"gold_loss":0},{"damage_healed":0,"gold_gain":0,"player_choice":"Became a Ghost","damage_taken":0,"max_hp_gain":0,"max_hp_loss":37,"event_name":"Ghosts","floor":22,"gold_loss":0,"cards_obtained":["Ghostly","Ghostly","Ghostly"]}],"is_beta":false,"boss_relics":[{"not_picked":["Calling Bell","Snecko Eye"],"picked":"Sozu"}],"items_purged_floors":[21],"is_endless":false,"potions_floor_spawned":[7,10,12,16,18,24,27],"killed_by":"Slavers","ascension_level":20}