{"gold_per_floor":[118,118,3,22,22,22,35,52,52,98,120,161,173,199,211,223],"floor_reached":16,"playtime":261,"items_purged":["Strike_R"],"score":224,"play_id":"b0023a2b-8d08-48e1-a0e8-9058fc36cccb","local_time":"20190414023400","is_ascension_mode":true,"campfire_choices":[{"data":"Bash","floor":6,"key":"SMITH"},{"data":"Anger","floor":15,"key":"SMITH"}],"neow_cost":"NONE","seed_source_timestamp":182770624382900,"circlet_count":0,"master_deck":["AscendersBane","Strike_R","Strike_R","Strike_R","Defend_R","Defend_R","Defend_R","Defend_R","Bash+1","Clash","Combust","Clash","Anger+1","Feed","Corruption","Ghostly Armor"],"relics":["Burning Blood","NeowsBlessing","MawBank","Ornamental Fan","Orichalcum"],"potions_floor_usage":[14],"damage_taken":[{"damage":0,"enemies":"Small Slimes","floor":1,"turns":2},{"damage":0,"enemies":"Jaw Worm","floor":4,"turns":1},{"damage":1,"enemies":"Cultist","floor":7,"turns":1},{"damage":13,"enemies":"Blue Slaver","floor":8,"turns":3},{"damage":32,"enemies":"Gremlin Nob","floor":10,"turns":4},{"damage":8,"enemies":"2 Fungi Beasts","floor":11,"turns":2},{"damage":25,"enemies":"Lagavulin","floor":12,"turns":7},{"damage":0,"enemies":"Looter","floor":14,"turns":2},{"damage":48,"enemies":"Hexaghost","floor":16,"turns":8}],"seed_played":"-5712424034641111837","potions_obtained":[{"floor":1,"key":"Explosive Potion"},{"floor":8,"key":"Explosive Potion"}],"is_trial":false,"path_per_floor":["M","?","$","M","?","R","M","M","T","E","M","E","?","M","R","B"],"character_chosen":"IRONCLAD","items_purchased":["Combust"],"campfire_rested":0,"item_purchase_floors":[3],"current_hp_per_floor":[74,74,74,75,80,80,80,73,73,50,48,32,32,41,41,0],"gold":223,"neow_bonus":"THREE_ENEMY_KILL","is_prod":false,"is_daily":false,"chose_seed":false,"campfire_upgraded":2,"win_rate":0,"timestamp":1555176840,"path_taken":["M","?","$","M","?","R","M","M","T","E","M","E","?","M","R","BOSS"],"build_version":"2019-01-23","purchased_purges":1,"victory":false,"max_hp_per_floor":[75,75,75,75,80,80,80,80,80,83,83,86,86,89,89,89],"card_choices":[{"not_picked":["Warcry","Infernal Blade"],"picked":"Clash","floor":1},{"not_picked":["Anger","Combust"],"picked":"Clash","floor":4},{"not_picked":["Whirlwind","Metallicize"],"picked":"Anger","floor":7},{"not_picked":["Heavy Blade","Spot Weakness"],"picked":"Feed","floor":8},{"not_picked":["Flex","Warcry"],"picked":"Corruption","floor":10},{"not_picked":["Inflame","True Grit","Heavy Blade"],"picked":"SKIP","floor":11},{"not_picked":["Twin Strike","Body Slam"],"picked":"Ghostly Armor","floor":12},{"not_picked":["Searing Blow","Anger","Wild Strike"],"picked":"SKIP","floor":14}],"player_experience":4782913,"relics_obtained":[{"floor":9,"key":"MawBank"},{"floor":10,"key":"Ornamental Fan"},{"floor":12,"key":"Orichalcum"}],"event_choices":[{"damage_healed":0,"gold_gain":0,"player_choice":"Ignored","damage_taken":0,"max_hp_gain":0,"max_hp_loss":0,"event_name":"Liars Game","floor":2,"gold_loss":0},{"damage_healed":0,"gold_gain":0,"player_choice":"Donut","damage_taken":0,"max_hp_gain":5,"max_hp_loss":0,"event_name":"Big Fish","floor":5,"gold_loss":0},{"cards_removed":["Strike_R"],"damage_healed":0,"gold_gain":0,"player_choice":"Forget","damage_taken":0,"max_hp_gain":0,"max_hp_loss":0,"event_name":"Living Wall","floor":13,"gold_loss":0}],"is_beta":false,"boss_relics":[],"items_purged_floors":[3],"is_endless":false,"potions_floor_spawned":[1,8,11],"killed_by":"Hexaghost","ascension_level":20}