{"gold_per_floor":[119,119,69,81,100,126,126,155,155,173,173,207,207,240,252,264],"floor_reached":16,"playtime":904,"items_purged":[],"score":172,"play_id":"46f995f3-fda7-4452-adb5-2c8a98cdfe8c","local_time":"20190319175205","is_ascension_mode":true,"campfire_choices":[{"floor":7,"key":"REST"},{"floor":11,"key":"REST"},{"data":"Wraith Form v2","floor":13,"key":"SMITH"},{"floor":15,"key":"REST"}],"neow_cost":"NONE","seed_source_timestamp":20445989859642,"circlet_count":0,"master_deck":["Defend_G","Defend_G","Defend_G","Defend_G","Strike_G","Strike_G","Strike_G","Strike_G","Survivor","Neutralize","Dodge and Roll","Dash","Backflip","Terror","Wraith Form v2+1","Dagger Spray","Riddle With Holes","Cloak And Dagger"],"relics":["Ring of the Snake","Pear","Centennial Puzzle","Meat on the Bone","Prayer Wheel","MawBank"],"potions_floor_usage":[8,8,12],"damage_taken":[{"damage":0,"enemies":"Jaw Worm","floor":1,"turns":4},{"damage":3,"enemies":"Cultist","floor":4,"turns":4},{"damage":0,"enemies":"2 Louse","floor":5,"turns":4},{"damage":64,"enemies":"Gremlin Nob","floor":6,"turns":7},{"damage":13,"enemies":"Lagavulin","floor":8,"turns":6},{"damage":5,"enemies":"2 Fungi Beasts","floor":10,"turns":5},{"damage":26,"enemies":"3 Sentries","floor":12,"turns":9},{"damage":33,"enemies":"Gremlin Nob","floor":14,"turns":8},{"damage":53,"enemies":"Slime Boss","floor":16,"turns":10}],"seed_played":"-8104679410693579457","potions_obtained":[{"floor":1,"key":"Poison Potion"},{"floor":4,"key":"PowerPotion"},{"floor":8,"key":"FearPotion"}],"is_trial":false,"path_per_floor":["M","?","?","M","M","E","R","E","T","M","R","E","R","E","R","B"],"character_chosen":"THE_SILENT","items_purchased":[],"campfire_rested":3,"item_purchase_floors":[],"current_hp_per_floor":[77,70,70,67,67,13,39,26,26,33,59,45,45,24,50,0],"gold":264,"neow_bonus":"TEN_PERCENT_HP_BONUS","is_prod":false,"is_daily":false,"chose_seed":false,"campfire_upgraded":1,"win_rate":0,"timestamp":1553032325,"path_taken":["M","?","?","M","M","E","R","E","T","M","R","E","R","E","R","BOSS"],"build_version":"2019-01-23","purchased_purges":0,"victory":false,"max_hp_per_floor":[77,77,77,77,77,87,87,87,87,87,87,87,87,87,87,87],"card_choices":[{"not_picked":["Catalyst","Acrobatics"],"picked":"Dodge and Roll","floor":1},{"not_picked":["Bane","Finisher"],"picked":"Dash","floor":4},{"not_picked":["Acrobatics","Deflect"],"picked":"Backflip","floor":5},{"not_picked":["Noxious Fumes","Deadly Poison"],"picked":"Terror","floor":6},{"not_picked":["Noxious Fumes","Blur"],"picked":"Wraith Form v2","floor":8},{"not_picked":["Skewer","Sucker Punch"],"picked":"Dagger Spray","floor":10},{"not_picked":["Accuracy","PiercingWail"],"picked":"Riddle With Holes","floor":12},{"not_picked":["Quick Slash","Choke"],"picked":"Cloak And Dagger","floor":14}],"player_experience":135892,"relics_obtained":[{"floor":6,"key":"Pear"},{"floor":8,"key":"Centennial Puzzle"},{"floor":9,"key":"Meat on the Bone"},{"floor":12,"key":"Prayer Wheel"},{"floor":14,"key":"MawBank"}],"event_choices":[{"cards_removed":["Defend_G"],"damage_healed":0,"gold_gain":0,"player_choice":"Card Removal","damage_taken":7,"max_hp_gain":0,"max_hp_loss":0,"event_name":"Golden Wing","floor":2,"gold_loss":0},{"cards_removed":["Strike_G"],"damage_healed":0,"gold_gain":0,"player_choice":"Card Removal","damage_taken":0,"max_hp_gain":0,"max_hp_loss":0,"event_name":"The Cleric","floor":3,"gold_loss":50}],"is_beta":false,"boss_relics":[],"items_purged_floors":[],"is_endless":false,"potions_floor_spawned":[1,4,8],"killed_by":"Slime Boss","ascension_level":3}