{"gold_per_floor":[119,139,156,135,145,180,198,198,198,198,212,212,212,224,224,224],"floor_reached":16,"playtime":465,"items_purged":[],"score":212,"play_id":"231c1fe7-10ad-4a12-9eff-b8aa66d66114","local_time":"20190331232858","is_ascension_mode":true,"campfire_choices":[{"floor":8.0,"key":"REST"},{"data":"Accuracy","floor":15.0,"key":"SMITH"}],"neow_cost":"NONE","seed_source_timestamp":1553941557610900,"circlet_count":0,"master_deck":["AscendersBane","Defend_G","Defend_G","Defend_G","Defend_G","Defend_G","Strike_G","Strike_G","Strike_G","Strike_G","Survivor","Neutralize+1","Dagger Spray","Poisoned Stab","Infinite Blades","Storm of Steel","After Image","Sucker Punch+1","Accuracy+1","Calculated Gamble","Endless Agony+1"],"special_seed":0,"relics":["Ring of the Snake","Molten Egg 2","Smiling Mask"],"potions_floor_usage":[16],"damage_taken":[{"damage":0.0,"enemies":"Small Slimes","floor":1.0,"turns":7.0},{"damage":0.0,"enemies":"Jaw Worm","floor":2.0,"turns":5.0},{"damage":0.0,"enemies":"2 Louse","floor":3.0,"turns":3.0},{"damage":4.0,"enemies":"Exordium Thugs","floor":4.0,"turns":4.0},{"damage":14.0,"enemies":"Gremlin Gang","floor":5.0,"turns":4.0},{"damage":34.0,"enemies":"3 Sentries","floor":6.0,"turns":10.0},{"damage":4.0,"enemies":"Blue Slaver","floor":7.0,"turns":5.0},{"damage":7.0,"enemies":"3 Louse","floor":11.0,"turns":2.0},{"damage":0.0,"enemies":"Gremlin Gang","floor":14.0,"turns":4.0},{"damage":9,"enemies":"Slime Boss","floor":16,"turns":5}],"seed_played":"-3678150111522726058","potions_obtained":[{"floor":1.0,"key":"Energy Potion"},{"floor":4.0,"key":"Swift Potion"},{"floor":5.0,"key":"GamblersBrew"},{"floor":7.0,"key":"Strength Potion"},{"floor":14.0,"key":"SteroidPotion"}],"is_trial":false,"path_per_floor":["M","M","M","M","M","E","M","R","T","?","M","?","?","M","R","B"],"character_chosen":"THE_SILENT","items_purchased":[],"campfire_rested":1,"item_purchase_floors":[],"current_hp_per_floor":[59,59,59,55,41,7,3,22,22,22,15,4,4,4,4,0],"gold":224,"neow_bonus":"UPGRADE_CARD","is_prod":false,"is_daily":false,"chose_seed":false,"campfire_upgraded":1,"win_rate":0,"timestamp":1554042538,"path_taken":["M","M","M","M","M","E","M","R","T","?","M","?","?","M","R","BOSS"],"build_version":"2019-01-23","purchased_purges":0,"victory":false,"max_hp_per_floor":[66,66,66,66,66,66,66,66,66,66,66,66,66,66,66,66],"card_choices":[{"not_picked":["Deadly Poison","Poisoned Stab"],"picked":"Dagger Spray","floor":1.0},{"not_picked":["Escape Plan","Caltrops"],"picked":"Poisoned Stab","floor":2.0},{"not_picked":["Caltrops","Backflip"],"picked":"Infinite Blades","floor":3.0},{"not_picked":["Calculated Gamble","Blade Dance"],"picked":"Storm of Steel","floor":4.0},{"not_picked":["Slice","Prepared","Bane"],"picked":"SKIP","floor":5.0},{"not_picked":["Outmaneuver","Acrobatics"],"picked":"After Image","floor":6.0},{"not_picked":["Cloak And Dagger","Underhanded Strike+1"],"picked":"Sucker Punch+1","floor":7.0},{"not_picked":["Accuracy","Bane+1"],"picked":"Calculated Gamble","floor":11.0},{"not_picked":["Deflect","Backflip"],"picked":"Endless Agony+1","floor":14.0}],"player_experience":4668178,"relics_obtained":[{"floor":6.0,"key":"Molten Egg 2"},{"floor":9.0,"key":"Smiling Mask"}],"event_choices":[{"damage_healed":0.0,"max_hp_gain":0.0,"max_hp_loss":0.0,"gold_gain":0.0,"cards_transformed":["Strike_G"],"event_name":"Living Wall","player_choice":"Change","floor":10.0,"gold_loss":0.0,"damage_taken":0.0,"cards_obtained":["Accuracy"]},{"damage_healed":0.0,"max_hp_gain":0.0,"max_hp_loss":0.0,"gold_gain":0.0,"event_name":"Scrap Ooze","player_choice":"Fled","floor":12.0,"gold_loss":0.0,"damage_taken":11.0},{"damage_healed":0.0,"max_hp_gain":0.0,"max_hp_loss":0.0,"gold_gain":0.0,"event_name":"Liars Game","player_choice":"Ignored","floor":13.0,"gold_loss":0.0,"damage_taken":0.0}],"is_beta":false,"boss_relics":[],"items_purged_floors":[],"is_endless":false,"potions_floor_spawned":[1,4,5,7,14],"killed_by":"Slime Boss","ascension_level":20}