{"gold_per_floor":[117,132,143,160,160,160,181,196,219,232,253,253],"floor_reached":12,"playtime":1138,"items_purged":[],"score":76,"play_id":"9d922cd3-5961-40a0-bb18-378d87cd696b","local_time":"20190713165533","is_ascension_mode":false,"campfire_choices":[{"data":"Redo","floor":6,"key":"SMITH"}],"neow_cost":"NONE","seed_source_timestamp":254698117171300,"circlet_count":0,"master_deck":["Strike_B","Strike_B","Strike_B","Strike_B","Defend_B","Defend_B","Defend_B","Defend_B","Zap","Dualcast","Redo+1","Aggregate","Darkness","FTL","Darkness","Fission","Capacitor","Consume"],"relics":["Cracked Core","Golden Idol","Happy Flower"],"potions_floor_usage":[11],"damage_taken":[{"damage":4,"enemies":"Cultist","floor":1,"turns":4},{"damage":1,"enemies":"2 Louse","floor":2,"turns":3},{"damage":11,"enemies":"Jaw Worm","floor":3,"turns":4},{"damage":11,"enemies":"Blue Slaver","floor":4,"turns":4},{"damage":0,"enemies":"Large Slime","floor":7,"turns":3},{"damage":24,"enemies":"Exordium Thugs","floor":8,"turns":4},{"damage":8,"enemies":"Red Slaver","floor":10,"turns":4},{"damage":17,"enemies":"Lots of Slimes","floor":11,"turns":6},{"damage":7,"enemies":"Gremlin Nob","floor":12,"turns":2}],"seed_played":"811313579758692238","potions_obtained":[{"floor":3,"key":"FearPotion"},{"floor":7,"key":"Block Potion"}],"is_trial":false,"path_per_floor":["M","M","M","M","?","R","M","M","T","M","M","E"],"character_chosen":"DEFECT","items_purchased":[],"campfire_rested":0,"item_purchase_floors":[],"current_hp_per_floor":[78,77,66,55,55,55,55,31,31,23,6,0],"gold":253,"neow_bonus":"TEN_PERCENT_HP_BONUS","is_prod":false,"is_daily":false,"chose_seed":false,"campfire_upgraded":1,"win_rate":0.0,"timestamp":1563054933,"path_taken":["M","M","M","?","?","R","M","M","T","M","M","E"],"build_version":"2019-07-05","purchased_purges":0,"victory":false,"max_hp_per_floor":[82,82,82,82,76,76,76,76,76,76,76,76],"card_choices":[{"not_picked":["Ball Lightning","Auto Shields"],"picked":"Redo","floor":1},{"not_picked":["Go for the Eyes","Hologram"],"picked":"Aggregate","floor":2},{"not_picked":["Melter","Storm"],"picked":"Darkness","floor":3},{"not_picked":["Hologram","Ball Lightning"],"picked":"FTL","floor":4},{"not_picked":["Hologram","Steam"],"picked":"Darkness","floor":7},{"not_picked":["Storm","Gash"],"picked":"Fission","floor":8},{"not_picked":["Aggregate","Coolheaded"],"picked":"Capacitor","floor":10},{"not_picked":["Go for the Eyes","Coolheaded"],"picked":"Consume","floor":11}],"player_experience":32077,"relics_obtained":[{"floor":9,"key":"Happy Flower"}],"event_choices":[{"damage_healed":0,"gold_gain":0,"player_choice":"Lose Max HP","damage_taken":0,"relics_obtained":["Golden Idol"],"max_hp_gain":0,"max_hp_loss":6,"event_name":"Golden Idol","floor":5,"gold_loss":0}],"is_beta":false,"boss_relics":[],"items_purged_floors":[],"is_endless":false,"potions_floor_spawned":[3,7],"killed_by":"Gremlin Nob","ascension_level":0}