{"gold_per_floor":[119,131,149,224,224,224,251,251,251,251,269,294,313,345,345,424,424,439,439],"floor_reached":19,"playtime":507,"items_purged":[],"score":374,"play_id":"1855d580-89ab-477b-a838-39d058285859","local_time":"20190627005747","is_ascension_mode":true,"campfire_choices":[{"data":"Bludgeon","floor":6,"key":"SMITH"},{"data":"Bash","floor":8,"key":"SMITH"},{"data":"Clash","floor":10,"key":"SMITH"},{"data":"Havoc","floor":15,"key":"SMITH"}],"neow_cost":"TEN_PERCENT_HP_LOSS","seed_source_timestamp":713833521799100,"circlet_count":0,"master_deck":["AscendersBane","Strike_R","Strike_R","Defend_R","Defend_R","Defend_R","Defend_R","Bash+1","Bludgeon+1","Clash+1","Reaper","Clothesline","Havoc+1","Cleave","Warcry","Immolate","Corruption+1","Heavy Blade+1","Perfected Strike+1","Second Wind"],"relics":["Burning Blood","NlothsMask","Pear","Dream Catcher","Question Card","Astrolabe"],"potions_floor_usage":[7,7,16],"damage_taken":[{"damage":0,"enemies":"Cultist","floor":1,"turns":3},{"damage":0,"enemies":"Small Slimes","floor":2,"turns":2},{"damage":6,"enemies":"2 Louse","floor":3,"turns":3},{"damage":6,"enemies":"Gremlin Nob","floor":7,"turns":3},{"damage":25,"enemies":"Lots of Slimes","floor":11,"turns":4},{"damage":10,"enemies":"Lagavulin","floor":12,"turns":5},{"damage":13,"enemies":"Large Slime","floor":13,"turns":3},{"damage":12,"enemies":"3 Sentries","floor":14,"turns":7},{"damage":16,"enemies":"Slime Boss","floor":16,"turns":5},{"damage":69,"enemies":"3 Byrds","floor":18,"turns":6},{"damage":13,"enemies":"Masked Bandits","floor":19,"turns":2}],"seed_played":"3543529763892166020","potions_obtained":[{"floor":2,"key":"Poison Potion"},{"floor":3,"key":"BloodPotion"},{"floor":12,"key":"PowerPotion"}],"is_trial":false,"path_per_floor":["M","M","M","?","?","R","E","R","T","R","M","E","M","E","R","B",null,"M","?"],"character_chosen":"IRONCLAD","items_purchased":[],"campfire_rested":0,"item_purchase_floors":[],"current_hp_per_floor":[68,68,68,57,57,57,73,73,73,73,59,55,48,46,46,42,69,12,0],"gold":439,"neow_bonus":"THREE_RARE_CARDS","is_prod":false,"is_daily":false,"chose_seed":false,"campfire_upgraded":4,"win_rate":0,"timestamp":1561564667,"path_taken":["M","M","M","?","?","R","E","R","T","R","?","E","M","E","R","BOSS","M","?"],"build_version":"2019-01-23","purchased_purges":0,"victory":false,"max_hp_per_floor":[68,68,68,68,68,68,78,78,78,78,78,78,78,78,78,78,78,78,78],"card_choices":[{"not_picked":["Impervious","Double Tap"],"picked":"Bludgeon","floor":0},{"not_picked":["Perfected Strike","Thunderclap"],"picked":"Clash","floor":1},{"not_picked":["Sword Boomerang","Shrug It Off"],"picked":"Reaper","floor":2},{"not_picked":["Sever Soul","Armaments"],"picked":"Clothesline","floor":3},{"not_picked":["Fire Breathing","Twin Strike","Armaments"],"picked":"SKIP","floor":7},{"not_picked":["Entrench","Heavy Blade"],"picked":"Havoc","floor":11},{"not_picked":["Body Slam","Cleave","Infernal Blade"],"picked":"SKIP","floor":12},{"not_picked":["Body Slam","Infernal Blade"],"picked":"Cleave","floor":12},{"not_picked":["Hemokinesis","Flex"],"picked":"Warcry","floor":13},{"not_picked":["True Grit","Body Slam","Wild Strike"],"picked":"SKIP","floor":14},{"not_picked":["Berserk","Brutality","Limit Break"],"picked":"Immolate","floor":16},{"not_picked":["Headbutt","Clash+1","Bloodletting+1"],"picked":"Second Wind","floor":18}],"player_experience":5502591,"relics_obtained":[{"floor":7,"key":"Pear"},{"floor":12,"key":"Dream Catcher"},{"floor":14,"key":"Question Card"}],"event_choices":[{"damage_healed":0,"gold_gain":75,"player_choice":"Gather Gold","damage_taken":11,"max_hp_gain":0,"max_hp_loss":0,"event_name":"World of Goop","floor":4,"gold_loss":0},{"damage_healed":0,"gold_gain":0,"player_choice":"Trade","damage_taken":0,"relics_obtained":["NlothsMask"],"max_hp_gain":0,"max_hp_loss":0,"event_name":"FaceTrader","floor":5,"gold_loss":0},{"damage_healed":0,"gold_gain":0,"player_choice":"Fought Bandits","damage_taken":0,"max_hp_gain":0,"max_hp_loss":0,"event_name":"Masked Bandits","floor":19,"gold_loss":0}],"is_beta":false,"boss_relics":[{"not_picked":["Calling Bell","Empty Cage"],"picked":"Astrolabe"}],"items_purged_floors":[],"is_endless":false,"potions_floor_spawned":[2,3,12],"killed_by":"Masked Bandits","ascension_level":20}