{"gold_per_floor":[117,117,127,145,155,155,169,196,221,221,246,256,286,286,286,360,360,377,53,69,69,69,69,69,69,69,69,81,81],"floor_reached":29,"playtime":736,"items_purged":["Strike_R"],"score":486,"play_id":"13cf2c86-04c7-43df-9f77-84c1ba70f871","local_time":"20190430021134","is_ascension_mode":true,"campfire_choices":[{"data":"Uppercut","floor":6,"key":"SMITH"},{"data":"Infernal Blade","floor":10,"key":"SMITH"},{"data":"Feel No Pain","floor":15,"key":"SMITH"},{"data":"Limit Break","floor":23,"key":"SMITH"},{"data":"Feel No Pain","floor":25,"key":"SMITH"},{"data":"Infernal Blade","floor":27,"key":"SMITH"}],"neow_cost":"NONE","seed_source_timestamp":774119830068400,"circlet_count":0,"master_deck":["AscendersBane","Strike_R+1","Strike_R+1","Defend_R+1","Defend_R+1","Defend_R+1","Defend_R+1","Bash","Iron Wave","Reckless Charge","Feel No Pain+1","Uppercut+1","Reckless Charge","Infernal Blade+1","Shrug It Off","Spot Weakness","Infernal Blade+1","Limit Break+1","Sword Boomerang","Feel No Pain+1","Whirlwind+1"],"relics":["Black Blood","Bottled Lightning","Bag of Marbles","Happy Flower","Anchor","Strawberry"],"potions_floor_usage":[7,8,29,29],"damage_taken":[{"damage":6,"enemies":"Small Slimes","floor":1,"turns":6},{"damage":6,"enemies":"Jaw Worm","floor":3,"turns":6},{"damage":0,"enemies":"2 Louse","floor":4,"turns":3},{"damage":7,"enemies":"2 Fungi Beasts","floor":5,"turns":6},{"damage":19,"enemies":"Large Slime","floor":7,"turns":9},{"damage":6,"enemies":"Gremlin Nob","floor":8,"turns":3},{"damage":17,"enemies":"Lagavulin","floor":11,"turns":5},{"damage":7,"enemies":"Exordium Thugs","floor":12,"turns":4},{"damage":10,"enemies":"3 Sentries","floor":13,"turns":10},{"damage":33,"enemies":"Slime Boss","floor":16,"turns":12},{"damage":25,"enemies":"3 Byrds","floor":18,"turns":7},{"damage":12,"enemies":"2 Thieves","floor":20,"turns":5},{"damage":15,"enemies":"Snecko","floor":28,"turns":5},{"damage":53,"enemies":"Gremlin Leader","floor":29,"turns":6}],"seed_played":"-3500838438454783600","potions_obtained":[{"floor":3,"key":"EssenceOfSteel"},{"floor":4,"key":"Block Potion"},{"floor":7,"key":"Swift Potion"},{"floor":8,"key":"FearPotion"}],"is_trial":false,"path_per_floor":["M","?","M","M","M","R","M","E","T","R","E","M","E","?","R","B",null,"M","$","M","?","?","R","?","R","T","R","M","E"],"character_chosen":"IRONCLAD","items_purchased":["Feel No Pain","Strawberry"],"campfire_rested":0,"item_purchase_floors":[19,19],"current_hp_per_floor":[68,68,68,74,73,73,60,60,60,60,49,48,44,37,37,10,59,44,51,49,49,49,49,49,49,49,49,44,0],"gold":81,"neow_bonus":"REMOVE_CARD","is_prod":false,"is_daily":false,"chose_seed":false,"campfire_upgraded":6,"win_rate":0,"timestamp":1556557894,"path_taken":["M","?","M","M","M","R","M","E","T","R","E","M","E","?","R","BOSS","M","$","M","?","?","R","?","R","T","R","M","E"],"build_version":"2019-01-23","purchased_purges":1,"victory":false,"max_hp_per_floor":[75,75,75,75,75,75,75,75,75,75,75,75,75,75,75,75,75,75,82,82,82,82,82,82,82,82,82,82,82],"card_choices":[{"not_picked":["Warcry","Sentinel"],"picked":"Iron Wave","floor":1},{"not_picked":["Warcry","Iron Wave"],"picked":"Reckless Charge","floor":3},{"not_picked":["Searing Blow","Pommel Strike"],"picked":"Feel No Pain","floor":4},{"not_picked":["Iron Wave","Thunderclap"],"picked":"Uppercut","floor":5},{"not_picked":["Infernal Blade","Perfected Strike"],"picked":"Reckless Charge","floor":7},{"not_picked":["Rampage","Searing Blow"],"picked":"Infernal Blade","floor":8},{"not_picked":["Wild Strike","True Grit"],"picked":"Shrug It Off","floor":11},{"not_picked":["Wild Strike","True Grit"],"picked":"Spot Weakness","floor":12},{"not_picked":["Heavy Blade","Clothesline"],"picked":"Infernal Blade","floor":13},{"not_picked":["Juggernaut","Demon Form"],"picked":"Limit Break","floor":16},{"not_picked":["Burning Pact","Bloodletting"],"picked":"Sword Boomerang","floor":18},{"not_picked":["Clash","Second Wind"],"picked":"Whirlwind+1","floor":20},{"not_picked":["Combust","Wild Strike","Thunderclap"],"picked":"SKIP","floor":28}],"player_experience":4874286,"relics_obtained":[{"floor":8,"key":"Bottled Lightning"},{"floor":9,"key":"Bag of Marbles"},{"floor":11,"key":"Happy Flower"},{"floor":13,"key":"Anchor"}],"event_choices":[{"damage_healed":0,"gold_gain":0,"player_choice":"Ignored","damage_taken":0,"max_hp_gain":0,"max_hp_loss":0,"event_name":"Liars Game","floor":2,"gold_loss":0},{"cards_removed":["Strike_R"],"damage_healed":0,"gold_gain":0,"player_choice":"Card Removal","damage_taken":7,"max_hp_gain":0,"max_hp_loss":0,"event_name":"Golden Wing","floor":14,"gold_loss":0},{"damage_healed":0,"gold_gain":0,"player_choice":"Ignored","damage_taken":0,"max_hp_gain":0,"max_hp_loss":0,"event_name":"The Mausoleum","floor":21,"gold_loss":0},{"damage_healed":0,"gold_gain":0,"player_choice":"Simplicity","damage_taken":0,"max_hp_gain":0,"max_hp_loss":0,"event_name":"Back to Basics","floor":24,"gold_loss":0,"cards_upgraded":["Strike_R","Strike_R","Defend_R","Defend_R","Defend_R","Defend_R"]}],"is_beta":false,"boss_relics":[{"not_picked":["Eternal Feather","Runic Cube"],"picked":"Black Blood"}],"items_purged_floors":[19],"is_endless":false,"potions_floor_spawned":[3,4,7,8,13,18],"killed_by":"Gremlin Leader","ascension_level":20}