{"gold_per_floor":[112,112,112,112,136,136,154,179,206,206,206,206,241,254,254,345,345,364,96,111,111,111,111],"floor_reached":23,"playtime":554,"items_purged":[],"score":569,"play_id":"175aa0d3-13f9-4d9b-9bc1-8bc97186373d","local_time":"20190717032956","is_ascension_mode":true,"campfire_choices":[{"data":"Apotheosis","floor":6,"key":"SMITH"},{"floor":10,"key":"REST"},{"floor":12,"key":"REST"},{"floor":15,"key":"REST"}],"neow_cost":"","seed_source_timestamp":2208831502541422,"circlet_count":0,"master_deck":["AscendersBane","Strike_R","Strike_R","Strike_R","Strike_R","Strike_R","Defend_R","Defend_R","Defend_R","Defend_R","Bash","Apotheosis+1","Perfected Strike","Shrug It Off","Twin Strike","Demon Form","Perfected Strike","Pommel Strike","Impervious","Thunderclap","Seeing Red","Twin Strike","Perfected Strike","Perfected Strike","Shrug It Off","Wild Strike","Writhe"],"relics":["Burning Blood","Red Skull","Bloody Idol","Lantern","Potion Belt","Odd Mushroom","Orrery","Regal Pillow","Bag of Marbles"],"potions_floor_usage":[16,18,18,23],"damage_taken":[{"damage":6,"enemies":"Jaw Worm","floor":1,"turns":6},{"damage":3,"enemies":"2 Louse","floor":5,"turns":3},{"damage":9,"enemies":"Small Slimes","floor":7,"turns":4},{"damage":44,"enemies":"Gremlin Gang","floor":8,"turns":7},{"damage":21,"enemies":"The Mushroom Lair","floor":13,"turns":4},{"damage":21,"enemies":"Red Slaver","floor":14,"turns":4},{"damage":30,"enemies":"Slime Boss","floor":16,"turns":5},{"damage":14,"enemies":"3 Byrds","floor":18,"turns":5},{"damage":41,"enemies":"2 Thieves","floor":20,"turns":5},{"damage":23,"enemies":"Slavers","floor":23,"turns":2}],"seed_played":"659175732703220494","potions_obtained":[{"floor":8,"key":"Fire Potion"},{"floor":13,"key":"SkillPotion"},{"floor":16,"key":"SkillPotion"},{"floor":18,"key":"Fire Potion"}],"is_trial":false,"path_per_floor":["M","?","?","?","M","R","M","M","T","R","$","R","?","M","R","B",null,"M","$","M","?","?","E"],"character_chosen":"IRONCLAD","items_purchased":["Apotheosis","Red Skull","Regal Pillow","Shrug It Off","Ancient Potion"],"campfire_rested":3,"item_purchase_floors":[0,0,19,19,19],"current_hp_per_floor":[54,54,43,65,68,68,65,27,27,47,47,67,52,37,57,33,59,51,51,16,16,16,0],"gold":111,"neow_bonus":"","is_prod":false,"is_daily":false,"chose_seed":false,"campfire_upgraded":1,"win_rate":0,"timestamp":1563326996,"path_taken":["M","?","?","?","M","R","M","M","T","R","?","R","?","M","R","BOSS","M","$","M","?","?","E"],"build_version":"2019-07-05","purchased_purges":0,"victory":false,"max_hp_per_floor":[75,68,68,68,68,68,68,68,68,68,68,68,68,68,68,68,68,68,68,68,68,68,68],"card_choices":[{"not_picked":["Anger","Fire Breathing"],"picked":"Perfected Strike","floor":1},{"not_picked":["Infernal Blade","Body Slam"],"picked":"Shrug It Off","floor":5},{"not_picked":["Intimidate","Thunderclap"],"picked":"Twin Strike","floor":7},{"not_picked":["Flex","Clothesline"],"picked":"Demon Form","floor":8},{"not_picked":["Spot Weakness","Cleave"],"picked":"Perfected Strike","floor":13},{"not_picked":["True Grit","Body Slam"],"picked":"Pommel Strike","floor":14},{"not_picked":["Fiend Fire","Juggernaut"],"picked":"Impervious","floor":16},{"not_picked":["Iron Wave","Flex"],"picked":"Thunderclap","floor":17},{"not_picked":["Warcry","True Grit"],"picked":"Seeing Red","floor":17},{"not_picked":["True Grit","Armaments"],"picked":"Twin Strike","floor":17},{"not_picked":["Clash","Juggernaut"],"picked":"Perfected Strike","floor":17},{"not_picked":["Flex","Evolve"],"picked":"Perfected Strike","floor":18},{"not_picked":["Combust","Searing Blow"],"picked":"Wild Strike","floor":20}],"player_experience":467468,"relics_obtained":[{"floor":9,"key":"Potion Belt"},{"floor":13,"key":"Odd Mushroom"}],"event_choices":[{"damage_healed":0,"gold_gain":0,"player_choice":"Lose Max HP","damage_taken":0,"relics_obtained":["Golden Idol"],"max_hp_gain":0,"max_hp_loss":7,"event_name":"Golden Idol","floor":2,"gold_loss":0},{"damage_healed":0,"gold_gain":0,"player_choice":"Success","damage_taken":11,"relics_obtained":["Lantern"],"max_hp_gain":0,"max_hp_loss":0,"event_name":"Scrap Ooze","floor":3,"gold_loss":0},{"damage_healed":22,"gold_gain":0,"player_choice":"Banana","damage_taken":0,"max_hp_gain":0,"max_hp_loss":0,"event_name":"Big Fish","floor":4,"gold_loss":0},{"damage_healed":0,"gold_gain":0,"player_choice":"Fought Mushrooms","damage_taken":0,"max_hp_gain":0,"max_hp_loss":0,"event_name":"Mushrooms","floor":13,"gold_loss":0},{"damage_healed":0,"gold_gain":0,"player_choice":"Opened","damage_taken":0,"relics_obtained":["Bag of Marbles"],"max_hp_gain":0,"max_hp_loss":0,"event_name":"The Mausoleum","floor":21,"gold_loss":0,"cards_obtained":["Writhe"]},{"damage_healed":0,"gold_gain":0,"player_choice":"Gave Idol","damage_taken":0,"relics_obtained":["Bloody Idol"],"max_hp_gain":0,"max_hp_loss":0,"event_name":"Forgotten Altar","floor":22,"relics_lost":["Golden Idol"],"gold_loss":0}],"is_beta":false,"boss_relics":[{"not_picked":["Empty Cage","Tiny House"],"picked":"Orrery"}],"items_purged_floors":[],"is_endless":false,"potions_floor_spawned":[8,13,16,18],"killed_by":"Slavers","ascension_level":19}