{"gold_per_floor":[109,127,139,154,172,172,186,186,264,264],"floor_reached":10,"playtime":343,"items_purged":[],"score":124,"play_id":"7992fefb-1d0f-4942-a183-10399ff301f4","local_time":"20190721004218","is_ascension_mode":true,"campfire_choices":[{"data":"Dagger Spray","floor":6,"key":"SMITH"},{"data":"Phantasmal Killer","floor":8,"key":"SMITH"}],"neow_cost":"NONE","seed_source_timestamp":8640204621600,"circlet_count":0,"master_deck":["AscendersBane","Strike_G","Strike_G","Strike_G","Strike_G","Strike_G","Defend_G","Defend_G","Defend_G","Defend_G","Defend_G","Survivor","Neutralize","Poisoned Stab","Dagger Spray+1","Deadly Poison","Dodge and Roll","Deflect","Phantasmal Killer+1"],"relics":["Ring of the Snake","Orichalcum","Toxic Egg 2"],"potions_floor_usage":[4,5],"damage_taken":[{"damage":8,"enemies":"2 Louse","floor":1,"turns":4},{"damage":1,"enemies":"Small Slimes","floor":2,"turns":3},{"damage":0,"enemies":"Cultist","floor":3,"turns":4},{"damage":4,"enemies":"Exordium Thugs","floor":4,"turns":5},{"damage":8,"enemies":"Gremlin Gang","floor":5,"turns":6},{"damage":4,"enemies":"3 Louse","floor":7,"turns":4},{"damage":32,"enemies":"Lagavulin","floor":10,"turns":7}],"seed_played":"8559502544721457347","potions_obtained":[{"floor":1,"key":"Ancient Potion"},{"floor":2,"key":"EssenceOfSteel"},{"floor":4,"key":"Dexterity Potion"}],"is_trial":false,"path_per_floor":["M","M","M","M","M","R","M","R","T","E"],"character_chosen":"THE_SILENT","items_purchased":[],"campfire_rested":0,"item_purchase_floors":[],"current_hp_per_floor":[51,50,50,46,38,38,34,34,34,2],"gold":264,"neow_bonus":"RANDOM_COMMON_RELIC","is_prod":false,"is_daily":false,"chose_seed":false,"campfire_upgraded":2,"win_rate":0,"timestamp":1563637338,"path_taken":["M","M","M","M","M","R","M","R","T","E"],"build_version":"2019-07-17","purchased_purges":0,"victory":false,"max_hp_per_floor":[66,66,66,66,66,66,66,66,66,66],"card_choices":[{"not_picked":["Distraction","Expertise"],"picked":"Poisoned Stab","floor":1},{"not_picked":["Eviscerate","Deadly Poison"],"picked":"Dagger Spray","floor":2},{"not_picked":["Tactician","Slice"],"picked":"Deadly Poison","floor":3},{"not_picked":["Prepared","Accuracy"],"picked":"Dodge and Roll","floor":4},{"not_picked":["Distraction","Slice"],"picked":"Deflect","floor":5},{"not_picked":["Underhanded Strike","Escape Plan"],"picked":"Phantasmal Killer","floor":7}],"player_experience":5760300,"relics_obtained":[{"floor":9,"key":"Toxic Egg 2"}],"event_choices":[],"is_beta":false,"boss_relics":[],"items_purged_floors":[],"is_endless":false,"potions_floor_spawned":[1,2,4],"killed_by":"Lagavulin","ascension_level":20}