{"gold_per_floor":[111,128,128,143,143,143,159,234,311,311,335,335,335,369,369,369],"floor_reached":16,"playtime":516,"items_purged":[],"score":296,"play_id":"3292424f-c77f-411a-b160-d8d78b520397","local_time":"20190723023515","is_ascension_mode":true,"campfire_choices":[{"data":"True Grit","floor":6,"key":"SMITH"},{"floor":13,"key":"REST"},{"floor":15,"key":"REST"}],"neow_cost":"","seed_source_timestamp":2723996768537847,"circlet_count":0,"master_deck":["AscendersBane","Strike_R","Strike_R","Strike_R","Strike_R","Defend_R","Defend_R","Defend_R","Defend_R","Bash","Feel No Pain","Limit Break","Cleave","True Grit+1","Second Wind","Dropkick","Seeing Red"],"relics":["Burning Blood","Medical Kit","Juzu Bracelet","Tiny Chest","Lee\u0027s Waffle","Self Forming Clay","Shuriken","Art of War","Omamori"],"potions_floor_usage":[2],"damage_taken":[{"damage":19,"enemies":"Small Slimes","floor":1,"turns":4},{"damage":9,"enemies":"Jaw Worm","floor":2,"turns":4},{"damage":4,"enemies":"2 Louse","floor":4,"turns":3},{"damage":33,"enemies":"Exordium Thugs","floor":7,"turns":7},{"damage":39,"enemies":"Gremlin Nob","floor":14,"turns":6},{"damage":76,"enemies":"Slime Boss","floor":16,"turns":11}],"seed_played":"-84774422438089294","potions_obtained":[{"floor":1,"key":"Fire Potion"},{"floor":2,"key":"LiquidBronze"}],"is_trial":false,"path_per_floor":["M","M","?","M","$","R","M","T","T","?","T","?","R","E","R","B"],"character_chosen":"IRONCLAD","items_purchased":["Feel No Pain","Limit Break","Medical Kit","Juzu Bracelet","Tiny Chest","Lee\u0027s Waffle"],"campfire_rested":2,"item_purchase_floors":[0,0,0,0,0,0],"current_hp_per_floor":[69,66,71,73,73,73,46,46,46,46,46,46,72,39,65,0],"gold":369,"neow_bonus":"","is_prod":false,"is_daily":false,"chose_seed":false,"campfire_upgraded":1,"win_rate":0,"timestamp":1563842115,"path_taken":["M","M","?","M","$","R","M","?","T","?","?","?","R","E","R","BOSS"],"build_version":"2019-07-17","purchased_purges":0,"victory":false,"max_hp_per_floor":[82,82,87,87,87,87,87,87,87,87,87,87,87,87,87,87],"card_choices":[{"not_picked":["True Grit","Armaments"],"picked":"Cleave","floor":1},{"not_picked":["Twin Strike","Clothesline"],"picked":"True Grit","floor":2},{"not_picked":["Headbutt","Rampage"],"picked":"Second Wind","floor":4},{"not_picked":["Flex","Second Wind","Armaments"],"picked":"SKIP","floor":7},{"not_picked":["Dropkick","Searing Blow"],"picked":"Seeing Red","floor":14}],"player_experience":552600,"relics_obtained":[{"floor":8,"key":"Self Forming Clay"},{"floor":9,"key":"Shuriken"},{"floor":11,"key":"Art of War"},{"floor":14,"key":"Omamori"}],"event_choices":[{"damage_healed":0,"gold_gain":0,"player_choice":"Donut","damage_taken":0,"max_hp_gain":5,"max_hp_loss":0,"event_name":"Big Fish","floor":3,"gold_loss":0},{"damage_healed":0,"gold_gain":0,"player_choice":"Ignored","damage_taken":0,"max_hp_gain":0,"max_hp_loss":0,"event_name":"Golden Wing","floor":10,"gold_loss":0},{"damage_healed":0,"gold_gain":0,"cards_transformed":["Strike_R"],"player_choice":"Transformed","damage_taken":0,"max_hp_gain":0,"max_hp_loss":0,"event_name":"Transmorgrifier","floor":12,"gold_loss":0,"cards_obtained":["Dropkick"]}],"is_beta":false,"boss_relics":[],"items_purged_floors":[],"is_endless":false,"potions_floor_spawned":[1,2],"killed_by":"Slime Boss","ascension_level":20}