{"gold_per_floor":[114,114,124,10,22,22,57,57,82,98,126,139,139,155,155,227,227,242,167,184,214,1,1,541,541,541,541,413,425,425,133,133,133],"floor_reached":33,"playtime":778,"items_purged":["Strike_R","Strike_R","Strike_R"],"score":506,"play_id":"8f854c7f-770d-4b74-ab6e-64c7cf370eff","local_time":"20190504011746","is_ascension_mode":true,"campfire_choices":[{"data":"Combust","floor":6.0,"key":"SMITH"},{"data":"Cleave","floor":8.0,"key":"SMITH"},{"data":"Hemokinesis","floor":13.0,"key":"SMITH"},{"data":"Bash","floor":15.0,"key":"SMITH"},{"data":"True Grit","floor":23.0,"key":"SMITH"},{"floor":25.0,"key":"REST"},{"floor":27.0,"key":"REST"},{"data":"Armaments","floor":32.0,"key":"SMITH"}],"neow_cost":"NONE","seed_source_timestamp":1116313504242300,"circlet_count":0,"master_deck":["AscendersBane","Strike_R","Defend_R","Defend_R","Defend_R","Defend_R","Bash+1","Twin Strike","Shrug It Off","Combust+1","Infernal Blade","Cleave+1","Anger","Hemokinesis+1","Infernal Blade","Offering","True Grit+1","Body Slam","Armaments+1","Barricade"],"special_seed":0,"relics":["Burning Blood","StoneCalendar","Mercury Hourglass","Centennial Puzzle","Strawberry","Runic Pyramid","Red Mask","Medical Kit","Dead Branch","Anchor"],"potions_floor_usage":[33],"damage_taken":[{"damage":2.0,"enemies":"Cultist","floor":1.0,"turns":4.0},{"damage":14.0,"enemies":"Jaw Worm","floor":3.0,"turns":4.0},{"damage":3.0,"enemies":"Small Slimes","floor":5.0,"turns":4.0},{"damage":34.0,"enemies":"Lagavulin","floor":7.0,"turns":5.0},{"damage":11.0,"enemies":"Exordium Thugs","floor":10.0,"turns":2.0},{"damage":4.0,"enemies":"3 Sentries","floor":11.0,"turns":3.0},{"damage":0.0,"enemies":"3 Louse","floor":12.0,"turns":2.0},{"damage":11.0,"enemies":"Large Slime","floor":14.0,"turns":3.0},{"damage":44.0,"enemies":"Hexaghost","floor":16.0,"turns":6.0},{"damage":11.0,"enemies":"2 Thieves","floor":18.0,"turns":4.0},{"damage":9.0,"enemies":"3 Byrds","floor":20.0,"turns":3.0},{"damage":8.0,"enemies":"Masked Bandits","floor":21.0,"turns":2.0},{"damage":11.0,"enemies":"Cultist and Chosen","floor":29.0,"turns":4.0},{"damage":55,"enemies":"Automaton","floor":33,"turns":7}],"seed_played":"744424351304304813","potions_obtained":[{"floor":1.0,"key":"BloodPotion"},{"floor":3.0,"key":"BloodPotion"},{"floor":7.0,"key":"Block Potion"},{"floor":11.0,"key":"Dexterity Potion"},{"floor":14.0,"key":"Strength Potion"},{"floor":18.0,"key":"Strength Potion"},{"floor":29.0,"key":"SpeedPotion"}],"is_trial":false,"path_per_floor":["M","T","M","$","M","R","E","R","T","M","E","M","R","M","R","B",null,"M","?","M","?","$","R","?","R","T","R","$","M","?","$","R","B"],"character_chosen":"IRONCLAD","items_purchased":["Combust","Medical Kit","Armaments","Anchor"],"campfire_rested":2,"item_purchase_floors":[4,22,28,31],"current_hp_per_floor":[79,79,71,71,74,74,62,62,62,57,66,72,72,67,67,29,74,69,69,66,64,64,64,8,34,34,60,60,55,55,55,55,0],"gold":133,"neow_bonus":"TEN_PERCENT_HP_BONUS","is_prod":false,"is_daily":false,"chose_seed":false,"campfire_upgraded":6,"win_rate":0,"timestamp":1556900266,"path_taken":["M","?","M","$","M","R","E","R","T","M","E","M","R","M","R","BOSS","M","?","M","?","$","R","?","R","T","R","$","?","?","$","R","BOSS"],"build_version":"2019-01-23","purchased_purges":3,"victory":false,"max_hp_per_floor":[82,82,82,82,82,82,82,82,82,82,89,89,89,89,89,89,89,89,89,89,89,89,89,89,89,89,89,89,89,89,89,89,89],"card_choices":[{"not_picked":["Sever Soul","Wild Strike"],"picked":"Twin Strike","floor":1.0},{"not_picked":["Heavy Blade","Corruption"],"picked":"Shrug It Off","floor":3.0},{"not_picked":["Seeing Red","Whirlwind"],"picked":"Infernal Blade","floor":5.0},{"not_picked":["Corruption","Sword Boomerang"],"picked":"Cleave","floor":7.0},{"not_picked":["Dropkick","Shockwave"],"picked":"Anger","floor":10.0},{"not_picked":["Impervious","Flex"],"picked":"Hemokinesis","floor":11.0},{"not_picked":["Combust","Searing Blow","Pommel Strike"],"picked":"SKIP","floor":12.0},{"not_picked":["True Grit","Clothesline"],"picked":"Infernal Blade","floor":14.0},{"not_picked":["Fiend Fire","Brutality"],"picked":"Offering","floor":16.0},{"not_picked":["Wild Strike","Thunderclap"],"picked":"True Grit","floor":18.0},{"not_picked":["Pommel Strike","Headbutt","Clash"],"picked":"SKIP","floor":20.0},{"not_picked":["True Grit","Twin Strike+1"],"picked":"Body Slam","floor":21.0},{"not_picked":["Battle Trance","Heavy Blade"],"picked":"Barricade","floor":29.0}],"player_experience":4902767,"relics_obtained":[{"floor":2.0,"key":"StoneCalendar"},{"floor":7.0,"key":"Mercury Hourglass"},{"floor":9.0,"key":"Centennial Puzzle"},{"floor":11.0,"key":"Strawberry"},{"floor":21.0,"key":"Red Mask"},{"floor":26.0,"key":"Dead Branch"}],"event_choices":[{"cards_removed":["Strike_R"],"damage_healed":0.0,"max_hp_gain":0.0,"max_hp_loss":0.0,"gold_gain":0.0,"event_name":"Beggar","player_choice":"Gave Gold","floor":19.0,"gold_loss":75.0,"damage_taken":0.0},{"damage_healed":0.0,"max_hp_gain":0.0,"max_hp_loss":0.0,"gold_gain":0.0,"event_name":"Masked Bandits","player_choice":"Fought Bandits","floor":21.0,"gold_loss":0.0,"damage_taken":0.0},{"damage_healed":0.0,"max_hp_gain":0.0,"max_hp_loss":0.0,"gold_gain":540.0,"event_name":"Knowing Skull","player_choice":"GOLD GOLD GOLD GOLD GOLD GOLD ","floor":24.0,"potions_obtained":[],"gold_loss":0.0,"damage_taken":56.0,"cards_obtained":[]},{"damage_healed":0.0,"max_hp_gain":0.0,"max_hp_loss":0.0,"gold_gain":0.0,"event_name":"The Mausoleum","player_choice":"Ignored","floor":30.0,"gold_loss":0.0,"damage_taken":0.0}],"is_beta":false,"boss_relics":[{"not_picked":["Runic Cube","Runic Dome"],"picked":"Runic Pyramid"}],"items_purged_floors":[4,28,31],"is_endless":false,"potions_floor_spawned":[1,3,7,11,14,18,29],"killed_by":"Automaton","ascension_level":20}