{"gold_per_floor":[119,136,311,311,311,311,342,138,191,223,236,262,262],"floor_reached":13,"playtime":539,"items_purged":[],"score":162,"play_id":"833d13ff-7057-4fac-8bf3-25cd3cedbb01","local_time":"20190711183608","is_ascension_mode":true,"campfire_choices":[{"data":"Bash","floor":6,"key":"SMITH"}],"neow_cost":"NONE","seed_source_timestamp":1748412999693677,"circlet_count":0,"master_deck":["AscendersBane","Strike_R","Strike_R","Strike_R","Strike_R","Strike_R","Defend_R","Defend_R","Defend_R","Defend_R","Bash+1","Cleave","Iron Wave","Perfected Strike","Battle Trance","Wild Strike","Flame Barrier"],"relics":["Sozu","Boot","Sling","Art of War","Strawberry","PreservedInsect"],"potions_floor_usage":[],"damage_taken":[{"damage":4,"enemies":"Jaw Worm","floor":1,"turns":3},{"damage":5,"enemies":"Small Slimes","floor":2,"turns":3},{"damage":27,"enemies":"Gremlin Nob","floor":7,"turns":4},{"damage":25,"enemies":"3 Sentries","floor":10,"turns":9},{"damage":0,"enemies":"Cultist","floor":11,"turns":3},{"damage":15,"enemies":"Lagavulin","floor":12,"turns":5},{"damage":3,"enemies":"3 Louse","floor":13,"turns":1}],"seed_played":"-700673849980799248","potions_obtained":[],"is_trial":false,"path_per_floor":["M","M","?","?","?","R","E","$","T","E","M","E","M"],"character_chosen":"IRONCLAD","items_purchased":["Sling"],"campfire_rested":0,"item_purchase_floors":[8],"current_hp_per_floor":[68,63,63,63,63,63,36,36,36,18,18,3,0],"gold":262,"neow_bonus":"BOSS_RELIC","is_prod":false,"is_daily":false,"chose_seed":false,"campfire_upgraded":1,"win_rate":0,"timestamp":1562866568,"path_taken":["M","M","?","?","?","R","E","$","T","E","M","E","M"],"build_version":"2019-07-05","purchased_purges":0,"victory":false,"max_hp_per_floor":[80,80,80,80,80,80,80,80,80,87,87,87,87],"card_choices":[{"not_picked":["Anger","Carnage"],"picked":"Cleave","floor":1},{"not_picked":["Rampage","Clothesline"],"picked":"Iron Wave","floor":2},{"not_picked":["True Grit","Dark Embrace"],"picked":"Perfected Strike","floor":7},{"not_picked":["Hemokinesis","Clash"],"picked":"Battle Trance","floor":10},{"not_picked":["Rage","Rampage"],"picked":"Wild Strike","floor":11},{"not_picked":["Blood for Blood","Carnage"],"picked":"Flame Barrier","floor":12}],"player_experience":348355,"relics_obtained":[{"floor":7,"key":"Boot"},{"floor":9,"key":"Art of War"},{"floor":10,"key":"Strawberry"},{"floor":12,"key":"PreservedInsect"}],"event_choices":[{"damage_healed":0,"gold_gain":175,"player_choice":"AGREE","damage_taken":0,"max_hp_gain":0,"max_hp_loss":0,"event_name":"Liars Game","floor":3,"gold_loss":0,"cards_obtained":["Doubt"]},{"cards_removed":["Doubt"],"damage_healed":0,"gold_gain":0,"player_choice":"Forget","damage_taken":0,"max_hp_gain":0,"max_hp_loss":0,"event_name":"Living Wall","floor":4,"gold_loss":0},{"damage_healed":0,"gold_gain":0,"player_choice":"Leave","damage_taken":0,"max_hp_gain":0,"max_hp_loss":0,"event_name":"The Cleric","floor":5,"gold_loss":0}],"is_beta":false,"boss_relics":[],"items_purged_floors":[],"is_endless":false,"potions_floor_spawned":[2,7,11,12],"killed_by":"3 Louse","ascension_level":12}