{"gold_per_floor":[111,128,44,62,62,89,89,105,105,30,49,83,96,106,106,211,211,194,209,220,220,30,30,62,62,133,168,187,187,198,9,9,107,107,121,139,151,151],"floor_reached":38,"playtime":6098,"items_purged":["Strike_B","Strike_B"],"score":430,"play_id":"41289b4d-4e98-4328-b79f-6f9004fcb396","local_time":"20190717203332","is_ascension_mode":false,"campfire_choices":[{"data":"Tempest","floor":15,"key":"SMITH"},{"data":"Storm","floor":23,"key":"SMITH"},{"floor":25,"key":"REST"},{"data":"Ball Lightning","floor":29,"key":"SMITH"},{"floor":32,"key":"REST"}],"neow_cost":"TEN_PERCENT_HP_LOSS","seed_source_timestamp":608412440272100,"circlet_count":0,"master_deck":["Strike_B","Strike_B+1","Defend_B","Defend_B","Defend_B","Zap","Dualcast","All For One","Gash","Go for the Eyes","Swift Strike+1","Cold Snap","Thunder Strike+1","Tempest+1","Ball Lightning+1","White Noise+1","Reinforced Body+1","Storm+1","Seek+1","White Noise+1","Genetic Algorithm+1","Gash","Iron Wave","Transmutation+1","Static Discharge+1","Darkness+1","Ball Lightning","Finesse+1","Rainbow+1","Sunder"],"relics":["Cracked Core","Meat on the Bone","Toxic Egg 2","Pear","Lizard Tail","Bag of Preparation","Bottled Lightning","Whetstone","Sozu"],"potions_floor_usage":[11,12,24,24,33,33],"damage_taken":[{"damage":1,"enemies":"Cultist","floor":1,"turns":3},{"damage":2,"enemies":"Small Slimes","floor":2,"turns":3},{"damage":6,"enemies":"Jaw Worm","floor":4,"turns":3},{"damage":22,"enemies":"Gremlin Nob","floor":6,"turns":4},{"damage":5,"enemies":"Exordium Thugs","floor":8,"turns":4},{"damage":0,"enemies":"3 Louse","floor":11,"turns":1},{"damage":17,"enemies":"3 Sentries","floor":12,"turns":3},{"damage":7,"enemies":"Blue Slaver","floor":13,"turns":2},{"damage":4,"enemies":"Red Slaver","floor":14,"turns":3},{"damage":3,"enemies":"Slime Boss","floor":16,"turns":10},{"damage":32,"enemies":"2 Thieves","floor":18,"turns":4},{"damage":10,"enemies":"Spheric Guardian","floor":19,"turns":3},{"damage":15,"enemies":"Chosen and Byrds","floor":20,"turns":4},{"damage":20,"enemies":"Book of Stabbing","floor":24,"turns":5},{"damage":42,"enemies":"Gremlin Leader","floor":27,"turns":6},{"damage":0,"enemies":"Cultist and Chosen","floor":28,"turns":3},{"damage":19,"enemies":"Centurion and Healer","floor":30,"turns":5},{"damage":64,"enemies":"Automaton","floor":33,"turns":8},{"damage":29,"enemies":"Orb Walker","floor":35,"turns":4},{"damage":29,"enemies":"3 Darklings","floor":36,"turns":5},{"damage":19,"enemies":"Maw","floor":37,"turns":6},{"damage":27,"enemies":"Writhing Mass","floor":38,"turns":3}],"seed_played":"609148358617758297","potions_obtained":[{"floor":2,"key":"Explosive Potion"},{"floor":6,"key":"FocusPotion"},{"floor":8,"key":"Strength Potion"},{"floor":11,"key":"AttackPotion"},{"floor":16,"key":"Fire Potion"},{"floor":19,"key":"SkillPotion"},{"floor":28,"key":"Fire Potion"}],"is_trial":false,"path_per_floor":["M","M","$","M","$","E","?","M","T","$","M","E","M","M","R","B",null,"M","M","M","?","$","R","E","R","T","E","M","R","M","$","R","B",null,"M","M","M","M"],"character_chosen":"DEFECT","items_purchased":["Swift Strike","Transmutation+1","Finesse+1"],"campfire_rested":2,"item_purchase_floors":[3,22,31],"current_hp_per_floor":[67,65,65,59,59,37,37,44,44,44,44,49,42,50,50,47,78,46,48,45,45,45,45,37,60,60,30,42,42,35,35,58,51,78,49,32,25,0],"gold":151,"neow_bonus":"THREE_RARE_CARDS","is_prod":false,"is_daily":false,"chose_seed":false,"campfire_upgraded":3,"win_rate":0.0,"timestamp":1563413612,"path_taken":["M","M","?","M","$","E","?","?","T","?","M","E","M","M","R","BOSS","M","M","M","?","?","R","E","R","T","E","M","R","?","$","R","BOSS","M","M","M","M"],"build_version":"2019-07-05","purchased_purges":2,"victory":false,"max_hp_per_floor":[68,68,68,68,68,68,68,68,68,68,68,78,78,78,78,78,78,78,78,78,78,78,78,78,78,78,78,78,78,78,78,78,78,78,78,78,78,78],"card_choices":[{"not_picked":["Multi-Cast","Buffer"],"picked":"All For One","floor":0},{"not_picked":["Streamline","Melter"],"picked":"Gash","floor":1},{"not_picked":["Barrage","Hologram"],"picked":"Go for the Eyes","floor":2},{"not_picked":["Ball Lightning","Consume"],"picked":"Cold Snap","floor":4},{"not_picked":["Streamline","Coolheaded"],"picked":"Thunder Strike","floor":6},{"not_picked":["Glacier","Steam"],"picked":"Tempest","floor":8},{"not_picked":["Beam Cell","Streamline"],"picked":"Ball Lightning","floor":11},{"not_picked":["Blizzard","Multi-Cast+1"],"picked":"White Noise+1","floor":12},{"not_picked":["Leap+1","Darkness+1"],"picked":"Reinforced Body+1","floor":13},{"not_picked":["Melter","Redo+1"],"picked":"Storm","floor":14},{"not_picked":["Machine Learning","Multi-Cast+1"],"picked":"Seek+1","floor":16},{"not_picked":["Doom and Gloom","Streamline"],"picked":"White Noise+1","floor":18},{"not_picked":["Beam Cell+1","Conserve Battery+1"],"picked":"Genetic Algorithm+1","floor":19},{"not_picked":["Turbo+1","Creative AI"],"picked":"Gash","floor":20},{"not_picked":["Tempest+1","Barrage"],"picked":"Static Discharge+1","floor":24},{"not_picked":["Storm","Turbo+1"],"picked":"Darkness+1","floor":27},{"not_picked":["Steam Power+1","Defragment"],"picked":"Ball Lightning","floor":28},{"not_picked":["Sweeping Beam","Streamline","Blizzard"],"picked":"SKIP","floor":30},{"not_picked":["Hyperbeam","Echo Form"],"picked":"Rainbow+1","floor":33},{"not_picked":["Streamline+1","Turbo+1","Static Discharge"],"picked":"SKIP","floor":35},{"not_picked":["Rebound+1","Redo+1"],"picked":"Sunder","floor":36},{"not_picked":["Beam Cell+1","Rip and Tear+1","Doom and Gloom"],"picked":"SKIP","floor":37}],"player_experience":73210,"relics_obtained":[{"floor":6,"key":"Meat on the Bone"},{"floor":9,"key":"Toxic Egg 2"},{"floor":12,"key":"Pear"},{"floor":24,"key":"Bag of Preparation"},{"floor":26,"key":"Bottled Lightning"},{"floor":27,"key":"Whetstone"}],"event_choices":[{"damage_healed":0,"gold_gain":0,"player_choice":"Upgraded","damage_taken":0,"max_hp_gain":0,"max_hp_loss":0,"event_name":"Upgrade Shrine","floor":7,"gold_loss":0,"cards_upgraded":["Thunder Strike"]},{"cards_removed":["Defend_B"],"damage_healed":0,"gold_gain":0,"player_choice":"Took Card","damage_taken":0,"max_hp_gain":0,"max_hp_loss":0,"event_name":"NoteForYourself","floor":21,"gold_loss":0,"cards_obtained":["Iron Wave"]}],"is_beta":false,"boss_relics":[{"not_picked":["FrozenCore","Fusion Hammer"],"picked":"Lizard Tail"},{"not_picked":["Orrery","Cursed Key"],"picked":"Sozu"}],"items_purged_floors":[10,31],"is_endless":false,"potions_floor_spawned":[2,6,8,11,16,19,20,28,36],"killed_by":"Writhing Mass","ascension_level":0}