{"gold_per_floor":[119,119,136,211,224,253,428,447,447,6,6],"floor_reached":11,"playtime":746,"items_purged":[],"score":73,"play_id":"fcc80258-008c-44e2-95d5-48d714eeb13f","local_time":"20190630181427","is_ascension_mode":false,"campfire_choices":[],"neow_cost":"NONE","seed_source_timestamp":115684903875400,"circlet_count":0,"master_deck":["Defend_G","Defend_G","Defend_G","Defend_G","Defend_G","Strike_G","Strike_G","Strike_G","Strike_G","Strike_G","Survivor","Neutralize","Infinite Blades","Pain","Underhanded Strike","Deadly Poison","Bouncing Flask","Leg Sweep","Noxious Fumes","PanicButton"],"relics":["Ring of the Snake","WarpedTongs","Omamori","MawBank","Shovel"],"potions_floor_usage":[],"damage_taken":[{"damage":2,"enemies":"Jaw Worm","floor":1,"turns":5},{"damage":5,"enemies":"Cultist","floor":3,"turns":4},{"damage":4,"enemies":"2 Louse","floor":5,"turns":3},{"damage":24,"enemies":"Gremlin Nob","floor":6,"turns":4},{"damage":11,"enemies":"Looter","floor":8,"turns":3},{"damage":21,"enemies":"2 Fungi Beasts","floor":11,"turns":2}],"seed_played":"3174278192188396493","potions_obtained":[{"floor":1,"key":"Explosive Potion"},{"floor":5,"key":"PowerPotion"}],"is_trial":false,"path_per_floor":["M","?","M","?","M","E","?","M","T","$","M"],"character_chosen":"THE_SILENT","items_purchased":["Noxious Fumes","Shovel","PanicButton"],"campfire_rested":0,"item_purchase_floors":[10,10,10],"current_hp_per_floor":[75,75,70,59,55,31,31,20,20,20,0],"gold":6,"neow_bonus":"TEN_PERCENT_HP_BONUS","is_prod":false,"is_daily":false,"chose_seed":false,"campfire_upgraded":0,"win_rate":0.0,"timestamp":1561936467,"path_taken":["M","?","?","?","M","E","?","M","T","$","M"],"build_version":"2019-01-23","purchased_purges":0,"victory":false,"max_hp_per_floor":[77,77,77,77,77,77,77,77,77,77,77],"card_choices":[{"not_picked":["Backflip","Dodge and Roll"],"picked":"Infinite Blades","floor":1},{"not_picked":["Slice","PiercingWail"],"picked":"Underhanded Strike","floor":3},{"not_picked":["Blur","Finisher"],"picked":"Deadly Poison","floor":5},{"not_picked":["Backflip","Sucker Punch"],"picked":"Bouncing Flask","floor":6},{"not_picked":["Footwork","PiercingWail"],"picked":"Leg Sweep","floor":8}],"player_experience":16279,"relics_obtained":[{"floor":6,"key":"Omamori"},{"floor":9,"key":"MawBank"}],"event_choices":[{"damage_healed":0,"gold_gain":0,"player_choice":"Rummage","damage_taken":0,"relics_obtained":["WarpedTongs"],"max_hp_gain":0,"max_hp_loss":0,"event_name":"Accursed Blacksmith","floor":2,"gold_loss":0,"cards_obtained":["Pain"]},{"damage_healed":0,"gold_gain":75,"player_choice":"Gather Gold","damage_taken":11,"max_hp_gain":0,"max_hp_loss":0,"event_name":"World of Goop","floor":4,"gold_loss":0},{"damage_healed":0,"gold_gain":175,"player_choice":"AGREE","damage_taken":0,"max_hp_gain":0,"max_hp_loss":0,"event_name":"Liars Game","floor":7,"gold_loss":0,"cards_obtained":["Doubt"]}],"is_beta":false,"boss_relics":[],"items_purged_floors":[],"is_endless":false,"potions_floor_spawned":[1,5],"killed_by":"2 Fungi Beasts","ascension_level":0}