{"gold_per_floor":[117,117,130,130,143,143,172,172],"floor_reached":8,"playtime":203,"items_purged":[],"score":112,"play_id":"e5e18dc4-be3f-4d61-b25e-cb604597d7f0","local_time":"20190527002857","is_ascension_mode":true,"campfire_choices":[{"data":"Bash","floor":6,"key":"SMITH"}],"neow_cost":"CURSE","seed_source_timestamp":10588715879500,"circlet_count":0,"master_deck":["AscendersBane","Strike_R","Strike_R","Strike_R","Defend_R","Defend_R","Defend_R","Defend_R","Bash+1","Intimidate","Fire Breathing","Shrug It Off","Twin Strike","Sword Boomerang","Bludgeon"],"relics":["Burning Blood","Regal Pillow"],"potions_floor_usage":[7],"damage_taken":[{"damage":20,"enemies":"Jaw Worm","floor":1,"turns":7},{"damage":11,"enemies":"Cultist","floor":3,"turns":5},{"damage":10,"enemies":"2 Louse","floor":5,"turns":4},{"damage":32,"enemies":"3 Sentries","floor":7,"turns":8},{"damage":18,"enemies":"Large Slime","floor":8,"turns":1}],"seed_played":"-8403970490649129105","potions_obtained":[{"floor":5,"key":"PowerPotion"},{"floor":7,"key":"Dexterity Potion"}],"is_trial":false,"path_per_floor":["M","?","M","?","M","R","E","M"],"character_chosen":"IRONCLAD","items_purchased":[],"campfire_rested":0,"item_purchase_floors":[],"current_hp_per_floor":[54,43,38,38,34,34,8,0],"gold":172,"neow_bonus":"TRANSFORM_TWO_CARDS","is_prod":false,"is_daily":false,"chose_seed":false,"campfire_upgraded":1,"win_rate":0,"timestamp":1558884537,"path_taken":["M","?","?","?","M","R","E","M"],"build_version":"2019-01-23","purchased_purges":0,"victory":false,"max_hp_per_floor":[75,75,75,75,75,75,75,75],"card_choices":[{"not_picked":["Pommel Strike","Ghostly Armor"],"picked":"Shrug It Off","floor":1},{"not_picked":["Armaments","Body Slam"],"picked":"Twin Strike","floor":3},{"not_picked":["Thunderclap","Infernal Blade"],"picked":"Sword Boomerang","floor":5},{"not_picked":["Bloodletting","Intimidate"],"picked":"Bludgeon","floor":7}],"player_experience":5163563,"relics_obtained":[{"floor":7,"key":"Regal Pillow"}],"event_choices":[{"damage_healed":0,"gold_gain":0,"player_choice":"Damaged","damage_taken":11,"max_hp_gain":0,"max_hp_loss":0,"event_name":"Wheel of Change","floor":2,"gold_loss":0},{"cards_removed":["Shame"],"damage_healed":0,"gold_gain":0,"player_choice":"Forget","damage_taken":0,"max_hp_gain":0,"max_hp_loss":0,"event_name":"Living Wall","floor":4,"gold_loss":0}],"is_beta":false,"boss_relics":[],"items_purged_floors":[],"is_endless":false,"potions_floor_spawned":[5,7],"killed_by":"Large Slime","ascension_level":20}