{"gold_per_floor":[110,126,142,160,174,203,220,220,267,267,267,267,285,310,310,386,386,399,409,409,2,2,2,21,56,80,100,112,37,55,86,86,160,160,175,189,89,109,125,125,151,163,163,188,199,199,199,218,218,218,218,218,218,16,42,42],"floor_reached":57,"playtime":2830,"items_purged":["Bite","Defend_G"],"score":2815,"play_id":"7da524fb-2915-42cf-b69c-5e8290e00c77","local_time":"20190619024526","is_ascension_mode":true,"campfire_choices":[{"data":"Deadly Poison","floor":8.0,"key":"SMITH"},{"data":"Terror","floor":10.0,"key":"SMITH"},{"data":"Neutralize","floor":12.0,"key":"SMITH"},{"data":"Unload","floor":15.0,"key":"SMITH"},{"data":"Well Laid Plans","floor":23.0,"key":"SMITH"},{"data":"Footwork","floor":32.0,"key":"SMITH"},{"floor":40.0,"key":"RECALL"},{"data":"Footwork","floor":49,"key":"SMITH"},{"data":"Tools of the Trade","floor":53,"key":"SMITH"}],"neow_cost":"","seed_source_timestamp":25415970301900,"circlet_count":0,"master_deck":["AscendersBane","Defend_G","Defend_G","Defend_G","Defend_G","Survivor","Neutralize+1","Deadly Poison+1","Die Die Die+1","Dash+1","Cloak And Dagger","Terror+1","Backflip","Unload+1","PiercingWail","Corpse Explosion","Well Laid Plans+1","Concentrate+1","Bite","Bite","Bite+1","Bite","Expertise","Footwork+1","Necronomicurse","Backflip","Escape Plan","Deflect+1","Escape Plan","Dash+1","Skewer+1","Adrenaline","Choke+1","Dash+1","Acrobatics+1","Tools of the Trade+1","Sucker Punch+1","Footwork+1","Infinite Blades","Bouncing Flask+1"],"special_seed":0,"relics":["Ring of the Snake","Burning Blood","Thread and Needle","Art of War","Lantern","Cursed Key","Bag of Preparation","Necronomicon","Molten Egg 2","Bag of Marbles","Black Star","Pocketwatch","Orichalcum","Bronze Scales","Whetstone","Pen Nib","The Specimen","Vajra"],"potions_floor_usage":[56,56],"damage_taken":[{"damage":0.0,"enemies":"2 Louse","floor":1.0,"turns":4.0},{"damage":1.0,"enemies":"Cultist","floor":2.0,"turns":5.0},{"damage":2.0,"enemies":"Jaw Worm","floor":3.0,"turns":6.0},{"damage":8.0,"enemies":"2 Fungi Beasts","floor":4.0,"turns":4.0},{"damage":0.0,"enemies":"3 Louse","floor":5.0,"turns":3.0},{"damage":7.0,"enemies":"3 Sentries","floor":6.0,"turns":8.0},{"damage":0.0,"enemies":"Exordium Wildlife","floor":7.0,"turns":4.0},{"damage":0.0,"enemies":"Lots of Slimes","floor":13.0,"turns":2.0},{"damage":2.0,"enemies":"Gremlin Nob","floor":14.0,"turns":3.0},{"damage":6.0,"enemies":"The Guardian","floor":16.0,"turns":11.0},{"damage":8.0,"enemies":"Spheric Guardian","floor":18.0,"turns":6.0},{"damage":0.0,"enemies":"2 Thieves","floor":19.0,"turns":4.0},{"damage":7.0,"enemies":"Snecko","floor":24.0,"turns":5.0},{"damage":7.0,"enemies":"Slavers","floor":25.0,"turns":4.0},{"damage":7.0,"enemies":"Shelled Parasite and Fungi","floor":27.0,"turns":3.0},{"damage":0.0,"enemies":"Cultist and Chosen","floor":28.0,"turns":3.0},{"damage":0.0,"enemies":"Snake Plant","floor":30.0,"turns":3.0},{"damage":13.0,"enemies":"Gremlin Leader","floor":31.0,"turns":7.0},{"damage":10.0,"enemies":"Champ","floor":33.0,"turns":7.0},{"damage":0.0,"enemies":"Orb Walker","floor":35.0,"turns":4.0},{"damage":0.0,"enemies":"3 Darklings","floor":36.0,"turns":1.0},{"damage":0.0,"enemies":"Sphere and 2 Shapes","floor":38.0,"turns":6.0},{"damage":0.0,"enemies":"4 Shapes","floor":39.0,"turns":2.0},{"damage":5.0,"enemies":"Reptomancer","floor":41.0,"turns":6.0},{"damage":0.0,"enemies":"Maw","floor":42.0,"turns":4.0},{"damage":0.0,"enemies":"Giant Head","floor":44.0,"turns":6.0},{"damage":0.0,"enemies":"Jaw Worm Horde","floor":45.0,"turns":2.0},{"damage":0,"enemies":"Transient","floor":48,"turns":6},{"damage":23,"enemies":"Donu and Deca","floor":50,"turns":8},{"damage":7,"enemies":"Time Eater","floor":51,"turns":12},{"damage":2,"enemies":"Shield and Spear","floor":55,"turns":7},{"damage":48,"enemies":"The Heart","floor":56,"turns":9}],"seed_played":"6030741884641888107","potions_obtained":[{"floor":1.0,"key":"AttackPotion"},{"floor":4.0,"key":"GhostInAJar"},{"floor":14.0,"key":"Dexterity Potion"},{"floor":16.0,"key":"SkillPotion"},{"floor":28.0,"key":"PowerPotion"},{"floor":33.0,"key":"SpeedPotion"}],"is_trial":true,"path_per_floor":["M","M","M","M","M","E","M","R","T","R","?","R","M","E","R","B",null,"M","M","?","$","?","R","M","E","T","M","M","?","M","E","R","B",null,"M","M","$","M","M","R","E","M","T","E","M","?","T","M","R","B","B",null,"R","$","E","B",null],"character_chosen":"THE_SILENT","items_purchased":["Expertise","Bag of Preparation","Footwork","Pen Nib","Infinite Blades"],"campfire_rested":0,"item_purchase_floors":[21,21,21,54,54],"current_hp_per_floor":[65,66,66,64,66,65,66,66,66,66,66,66,66,66,66,66,66,64,66,46,46,25,25,38,43,43,46,46,46,46,46,46,44,46,46,46,46,46,46,46,46,46,46,46,46,46,46,46,46,36,39,44,44,44,46,8],"gold":42,"neow_bonus":"","is_prod":false,"is_daily":false,"chose_seed":false,"campfire_upgraded":8,"win_rate":0,"timestamp":1560879926,"path_taken":["M","M","M","M","M","E","M","R","T","R","?","R","?","E","R","BOSS","M","?","?","$","?","R","M","E","T","M","M","?","?","E","R","BOSS","M","M","?","M","?","R","E","M","T","E","M","?","?","M","R","BOSS","BOSS","R","$","E","BOSS"],"build_version":"2019-01-23","purchased_purges":2,"victory":true,"max_hp_per_floor":[66,66,66,66,66,66,66,66,66,66,66,66,66,66,66,66,66,66,66,46,46,46,46,46,46,46,46,46,46,46,46,46,46,46,46,46,46,46,46,46,46,46,46,46,46,46,46,46,46,46,46,46,46,46,46,46],"card_choices":[{"not_picked":["Heel Hook","Outmaneuver"],"picked":"Flechettes","floor":1.0},{"not_picked":["Backflip","Concentrate"],"picked":"Deadly Poison","floor":2.0},{"not_picked":["Slice","Dagger Throw"],"picked":"Die Die Die","floor":3.0},{"not_picked":["Deflect","Sucker Punch"],"picked":"Dash","floor":4.0},{"not_picked":["Outmaneuver","Dagger Spray"],"picked":"Cloak And Dagger","floor":5.0},{"not_picked":["Skewer","Dodge and Roll"],"picked":"Terror","floor":6.0},{"not_picked":["Slice","Underhanded Strike"],"picked":"Backflip","floor":7.0},{"not_picked":["Infinite Blades","Bane"],"picked":"Unload","floor":13.0},{"not_picked":["Dagger Spray","Poisoned Stab"],"picked":"PiercingWail","floor":14.0},{"not_picked":["Bullet Time","Unload"],"picked":"Corpse Explosion","floor":16.0},{"not_picked":["Underhanded Strike+1","Deadly Poison"],"picked":"Well Laid Plans","floor":18.0},{"not_picked":["Outmaneuver","Deflect"],"picked":"Concentrate+1","floor":19.0},{"not_picked":["Finisher","Prepared"],"picked":"Backflip","floor":24.0},{"not_picked":["Bane+1","Acrobatics"],"picked":"Escape Plan","floor":25.0},{"not_picked":["Well Laid Plans","Dagger Throw+1"],"picked":"Deflect+1","floor":27.0},{"not_picked":["Deflect","Slice+1"],"picked":"Escape Plan","floor":28.0},{"not_picked":["Dodge and Roll","Dagger Spray+1"],"picked":"Dash+1","floor":30.0},{"not_picked":["Deflect","Dagger Spray+1"],"picked":"Skewer+1","floor":31.0},{"not_picked":["Glass Knife+1","Die Die Die+1"],"picked":"Adrenaline","floor":33.0},{"not_picked":["PiercingWail","Flechettes+1"],"picked":"Choke+1","floor":35.0},{"not_picked":["Deadly Poison","Bane+1"],"picked":"Dash+1","floor":36.0},{"not_picked":["Underhanded Strike+1","Cloak And Dagger","Tactician"],"picked":"SKIP","floor":38.0},{"not_picked":["Deadly Poison","Calculated Gamble"],"picked":"Acrobatics+1","floor":39.0},{"not_picked":["Heel Hook+1","Leg Sweep","Poisoned Stab+1"],"picked":"SKIP","floor":41.0},{"not_picked":["Tools of the Trade","Deadly Poison","Endless Agony+1"],"picked":"SKIP","floor":42.0},{"not_picked":["Deadly Poison","Endless Agony+1"],"picked":"Tools of the Trade","floor":42.0},{"not_picked":["Heel Hook+1","Blade Dance","Bane+1"],"picked":"SKIP","floor":44.0},{"not_picked":["Riddle With Holes+1","Reflex"],"picked":"Sucker Punch+1","floor":45.0},{"not_picked":["Bane+1","Slice+1"],"picked":"Footwork","floor":48},{"not_picked":["Bane+1","Quick Slash+1"],"picked":"Bouncing Flask+1","floor":55}],"player_experience":5411559,"relics_obtained":[{"floor":6.0,"key":"Thread and Needle"},{"floor":9.0,"key":"Art of War"},{"floor":14.0,"key":"Lantern"},{"floor":22.0,"key":"Necronomicon"},{"floor":25.0,"key":"Molten Egg 2"},{"floor":31.0,"key":"Bag of Marbles"},{"floor":41.0,"key":"Pocketwatch"},{"floor":41.0,"key":"Orichalcum"},{"floor":44.0,"key":"Bronze Scales"},{"floor":44.0,"key":"Whetstone"},{"floor":55,"key":"The Specimen"},{"floor":55,"key":"Vajra"}],"event_choices":[{"damage_healed":0.0,"max_hp_gain":0.0,"max_hp_loss":0.0,"gold_gain":0.0,"event_name":"Upgrade Shrine","player_choice":"Upgraded","floor":11.0,"gold_loss":0.0,"damage_taken":0.0,"cards_upgraded":["Die Die Die"]},{"damage_healed":0.0,"max_hp_gain":0.0,"max_hp_loss":20.0,"gold_gain":0.0,"event_name":"Vampires","player_choice":"Became a vampire","floor":20.0,"gold_loss":0.0,"damage_taken":0.0,"cards_obtained":["Bite","Bite","Bite","Bite","Bite"]},{"damage_healed":0.0,"max_hp_gain":0.0,"max_hp_loss":0.0,"gold_gain":0.0,"event_name":"Cursed Tome","player_choice":"Obtained Book","floor":22.0,"gold_loss":0.0,"damage_taken":21.0},{"cards_removed":["Regret"],"damage_healed":0.0,"max_hp_gain":0.0,"max_hp_loss":0.0,"gold_gain":0.0,"event_name":"Beggar","player_choice":"Gave Gold","floor":29.0,"gold_loss":75.0,"damage_taken":0.0},{"cards_removed":["Flechettes"],"damage_healed":0.0,"max_hp_gain":0.0,"max_hp_loss":0.0,"gold_gain":0.0,"event_name":"Falling","player_choice":"Removed Attack","floor":46.0,"gold_loss":0.0,"damage_taken":0.0}],"is_beta":false,"boss_relics":[{"not_picked":["Lizard Tail","Snecko Eye"],"picked":"Cursed Key"},{"not_picked":["Ring of the Serpent","Tiny House"],"picked":"Black Star"}],"items_purged_floors":[21,37],"is_endless":false,"potions_floor_spawned":[1,4,5,14,16,18,24,28,33,36,39,45,55],"ascension_level":20}