{"gold_per_floor":[119,49,49,60,75,75,91,91,173,173,202,202,234,247,247,350,350,360,387,74,86,102,132,132,132,156,24,36,36,49,83,83,178,178,198,247,647,660,660,685,697,709,721,733],"floor_reached":44,"playtime":1708,"items_purged":["Strike_R"],"score":839,"play_id":"252caa8e-7ca7-4656-a84a-c187d5b71ce8","local_time":"20190710024830","is_ascension_mode":true,"campfire_choices":[{"data":"Iron Wave","floor":6,"key":"SMITH"},{"data":"Cleave","floor":8,"key":"SMITH"},{"data":"Shrug It Off","floor":10,"key":"SMITH"},{"data":"Shockwave","floor":12,"key":"SMITH"},{"data":"Flex","floor":15,"key":"SMITH"},{"floor":32,"key":"REST"},{"data":"Limit Break","floor":42,"key":"SMITH"}],"neow_cost":"NONE","seed_source_timestamp":1603982432998914,"circlet_count":0,"master_deck":["AscendersBane","Strike_R","Defend_R","Defend_R","Defend_R","Defend_R+1","Bash+1","Shockwave+1","Shrug It Off+1","Cleave+1","Iron Wave+1","Flex+1","Flex+1","Dropkick+1","Impervious","Shockwave","Iron Wave+1","Spot Weakness","Necronomicurse","Shockwave","Flex","J.A.X.","Immolate+1","Flame Barrier","Cleave+1","Shrug It Off+1","Limit Break+1"],"relics":["Burning Blood","Molten Egg 2","War Paint","Lantern","Philosopher\u0027s Stone","Red Mask","Gremlin Horn","Frozen Egg 2","Necronomicon","Centennial Puzzle","Art of War","Empty Cage","Bird Faced Urn","Old Coin","MawBank","Toxic Egg 2","The Courier"],"potions_floor_usage":[7,16,19,31,33,44],"damage_taken":[{"damage":18,"enemies":"Jaw Worm","floor":1,"turns":5},{"damage":0,"enemies":"Cultist","floor":4,"turns":4},{"damage":1,"enemies":"2 Louse","floor":5,"turns":3},{"damage":3,"enemies":"Looter","floor":7,"turns":4},{"damage":37,"enemies":"Gremlin Nob","floor":11,"turns":5},{"damage":0,"enemies":"Lagavulin","floor":13,"turns":5},{"damage":2,"enemies":"Large Slime","floor":14,"turns":4},{"damage":16,"enemies":"The Guardian","floor":16,"turns":13},{"damage":0,"enemies":"Shell Parasite","floor":18,"turns":4},{"damage":1,"enemies":"Masked Bandits","floor":19,"turns":3},{"damage":1,"enemies":"Chosen","floor":21,"turns":4},{"damage":13,"enemies":"Centurion and Healer","floor":22,"turns":7},{"damage":24,"enemies":"Book of Stabbing","floor":23,"turns":6},{"damage":1,"enemies":"Snake Plant","floor":28,"turns":2},{"damage":14,"enemies":"Snecko","floor":30,"turns":4},{"damage":25,"enemies":"Slavers","floor":31,"turns":6},{"damage":62,"enemies":"Automaton","floor":33,"turns":8},{"damage":15,"enemies":"Orb Walker","floor":35,"turns":2},{"damage":45,"enemies":"2 Orb Walkers","floor":36,"turns":6},{"damage":3,"enemies":"Mind Bloom Boss Battle","floor":37,"turns":4},{"damage":0,"enemies":"3 Darklings","floor":38,"turns":1},{"damage":31,"enemies":"Nemesis","floor":40,"turns":5},{"damage":60,"enemies":"Writhing Mass","floor":44,"turns":5}],"seed_played":"9007121720613292984","potions_obtained":[{"floor":1,"key":"SkillPotion"},{"floor":11,"key":"Explosive Potion"},{"floor":13,"key":"EssenceOfSteel"},{"floor":21,"key":"Regen Potion"},{"floor":23,"key":"Poison Potion"},{"floor":33,"key":"FearPotion"},{"floor":37,"key":"GamblersBrew"},{"floor":40,"key":"Dexterity Potion"}],"is_trial":false,"path_per_floor":["M","$","?","M","M","R","M","R","T","R","E","R","E","M","R","B",null,"M","?","$","M","M","E","?","?","T","$","M","?","M","E","R","B",null,"M","?","?","M","?","E","T","R","T","M"],"character_chosen":"IRONCLAD","items_purchased":["Shrug It Off","Cleave","Gremlin Horn","Shockwave","Flex"],"campfire_rested":1,"item_purchase_floors":[2,2,20,27,27],"current_hp_per_floor":[60,60,60,66,71,71,74,74,74,74,43,43,49,53,53,43,71,77,80,80,80,73,55,39,65,65,65,70,70,62,58,80,24,66,57,18,21,27,70,45,45,45,45,0],"gold":733,"neow_bonus":"UPGRADE_CARD","is_prod":false,"is_daily":false,"chose_seed":false,"campfire_upgraded":6,"win_rate":0,"timestamp":1562723310,"path_taken":["M","$","?","M","M","R","M","R","T","R","E","R","E","?","R","BOSS","M","?","$","M","M","E","?","?","T","$","M","?","M","E","R","BOSS","M","?","?","M","?","E","?","R","T","M"],"build_version":"2019-07-05","purchased_purges":1,"victory":false,"max_hp_per_floor":[80,80,80,80,80,80,80,80,80,80,80,80,80,80,80,80,80,80,80,80,80,80,80,80,80,80,80,80,80,80,80,80,80,80,80,80,80,80,70,70,70,70,70,70],"card_choices":[{"not_picked":["Wild Strike","Heavy Blade"],"picked":"Shockwave","floor":1},{"not_picked":["Heavy Blade","Cleave"],"picked":"Iron Wave","floor":4},{"not_picked":["Warcry","Pommel Strike"],"picked":"Flex","floor":5},{"not_picked":["Bloodletting","Thunderclap"],"picked":"Flex","floor":7},{"not_picked":["Bloodletting","Power Through"],"picked":"Dropkick+1","floor":11},{"not_picked":["Sentinel","Blood for Blood+1","Armaments"],"picked":"SKIP","floor":13},{"not_picked":["Pummel+1","Armaments","Rampage+1"],"picked":"SKIP","floor":14},{"not_picked":["Dark Embrace","Barricade"],"picked":"Impervious","floor":16},{"not_picked":["Armaments","Headbutt+1"],"picked":"Shockwave","floor":18},{"not_picked":["Wild Strike+1","Perfected Strike+1","Reckless Charge+1"],"picked":"SKIP","floor":21},{"not_picked":["Inflame","Reckless Charge+1"],"picked":"Iron Wave+1","floor":22},{"not_picked":["Burning Pact","Perfected Strike+1"],"picked":"Spot Weakness","floor":23},{"not_picked":["Fire Breathing+1","Carnage+1","Armaments"],"picked":"SKIP","floor":28},{"not_picked":["Sentinel","Power Through","Burning Pact"],"picked":"SKIP","floor":30},{"not_picked":["Sever Soul+1","Corruption+1","Metallicize+1"],"picked":"SKIP","floor":31},{"not_picked":["Juggernaut+1","Dark Embrace+1"],"picked":"Immolate+1","floor":33},{"not_picked":["Havoc","Thunderclap+1"],"picked":"Flame Barrier","floor":35},{"not_picked":["Inflame+1","Battle Trance"],"picked":"Cleave+1","floor":36},{"not_picked":["Cleave+1","Armaments"],"picked":"Shrug It Off+1","floor":38},{"not_picked":["Twin Strike+1","Clash+1"],"picked":"Limit Break","floor":40}],"player_experience":325639,"relics_obtained":[{"floor":9,"key":"Molten Egg 2"},{"floor":11,"key":"War Paint"},{"floor":13,"key":"Lantern"},{"floor":19,"key":"Red Mask"},{"floor":23,"key":"Frozen Egg 2"},{"floor":24,"key":"Necronomicon"},{"floor":26,"key":"Centennial Puzzle"},{"floor":31,"key":"Art of War"},{"floor":36,"key":"Bird Faced Urn"},{"floor":37,"key":"Old Coin"},{"floor":40,"key":"MawBank"},{"floor":41,"key":"Toxic Egg 2"},{"floor":43,"key":"The Courier"}],"event_choices":[{"cards_removed":["Strike_R"],"damage_healed":0,"gold_gain":0,"player_choice":"Card Removal","damage_taken":0,"max_hp_gain":0,"max_hp_loss":0,"event_name":"Wheel of Change","floor":3,"gold_loss":0},{"damage_healed":0,"gold_gain":0,"player_choice":"Fought Bandits","damage_taken":0,"max_hp_gain":0,"max_hp_loss":0,"event_name":"Masked Bandits","floor":19,"gold_loss":0},{"damage_healed":0,"gold_gain":0,"player_choice":"Obtained Book","damage_taken":16,"max_hp_gain":0,"max_hp_loss":0,"event_name":"Cursed Tome","floor":24,"gold_loss":0},{"damage_healed":26,"gold_gain":0,"player_choice":"Heal","damage_taken":0,"max_hp_gain":0,"max_hp_loss":0,"event_name":"The Library","floor":25,"gold_loss":0},{"damage_healed":0,"gold_gain":0,"player_choice":"Obtain J.A.X.","damage_taken":0,"max_hp_gain":0,"max_hp_loss":0,"event_name":"Drug Dealer","floor":29,"gold_loss":0,"cards_obtained":["J.A.X."]},{"damage_healed":0,"gold_gain":0,"player_choice":"Fight","damage_taken":0,"max_hp_gain":0,"max_hp_loss":0,"event_name":"Mysterious Sphere","floor":36,"gold_loss":0},{"damage_healed":0,"gold_gain":0,"player_choice":"Fight","damage_taken":0,"max_hp_gain":0,"max_hp_loss":0,"event_name":"MindBloom","floor":37,"gold_loss":0},{"damage_healed":70,"gold_gain":0,"player_choice":"Heal","damage_taken":0,"max_hp_gain":0,"max_hp_loss":10,"event_name":"The Moai Head","floor":39,"gold_loss":0}],"is_beta":false,"boss_relics":[{"not_picked":["Runic Pyramid","Velvet Choker"],"picked":"Philosopher\u0027s Stone"},{"not_picked":["Lizard Tail","Astrolabe"],"picked":"Empty Cage"}],"items_purged_floors":[20],"is_endless":false,"potions_floor_spawned":[1,11,13,21,23,30,33,37,40],"killed_by":"Writhing Mass","ascension_level":12}