{"gold_per_floor":[19,30,30,45,45,45,75,87,87,98,98,111,126,186,186,265,265,280,330,380,397,397],"floor_reached":22,"playtime":690,"items_purged":[],"score":380,"play_id":"02f7b2ff-d663-4071-a6f8-0c7ca6474774","local_time":"20190726000349","is_ascension_mode":true,"campfire_choices":[{"data":"Apotheosis","floor":6,"key":"SMITH"},{"floor":15,"key":"RECALL"}],"neow_cost":"NO_GOLD","seed_source_timestamp":138746927545799,"circlet_count":0,"master_deck":["AscendersBane","Strike_B","Strike_B","Strike_B","Defend_B","Defend_B","Defend_B","Defend_B","Zap","Dualcast","Discovery","Apotheosis+1","Beam Cell","Recycle","Sweeping Beam","Hologram","FTL","Reboot","Auto Shields","Sweeping Beam","FTL","Electrodynamics+1"],"relics":["Cracked Core","Sundial","Ancient Tea Set","Frozen Egg 2","SsserpentHead","Runic Pyramid"],"potions_floor_usage":[8,16],"damage_taken":[{"damage":4,"enemies":"2 Louse","floor":1,"turns":3},{"damage":8,"enemies":"Jaw Worm","floor":2,"turns":4},{"damage":0,"enemies":"Cultist","floor":4,"turns":4},{"damage":24,"enemies":"Lagavulin","floor":7,"turns":7},{"damage":0,"enemies":"Exordium Wildlife","floor":8,"turns":7},{"damage":7,"enemies":"Red Slaver","floor":10,"turns":4},{"damage":0,"enemies":"3 Louse","floor":12,"turns":5},{"damage":1,"enemies":"Exordium Wildlife","floor":13,"turns":4},{"damage":5,"enemies":"Large Slime","floor":14,"turns":3},{"damage":14,"enemies":"Hexaghost","floor":16,"turns":7},{"damage":17,"enemies":"2 Thieves","floor":18,"turns":2},{"damage":13,"enemies":"Shell Parasite","floor":21,"turns":5},{"damage":0,"enemies":"Snake Plant","floor":22,"turns":1}],"seed_played":"-2189665125126812033","potions_obtained":[{"floor":2,"key":"SkillPotion"},{"floor":7,"key":"Swift Potion"},{"floor":10,"key":"SteroidPotion"},{"floor":14,"key":"SteroidPotion"},{"floor":16,"key":"Ancient Potion"}],"is_trial":false,"path_per_floor":["M","M","?","M","T","R","E","M","T","M","?","M","M","M","R","B",null,"M","?","?","M","M"],"character_chosen":"DEFECT","items_purchased":[],"campfire_rested":0,"item_purchase_floors":[],"current_hp_per_floor":[60,52,52,52,52,52,28,28,28,21,21,21,20,15,15,1,54,37,17,17,4,4],"gold":397,"neow_bonus":"RANDOM_COLORLESS_2","is_prod":false,"is_daily":false,"chose_seed":false,"campfire_upgraded":1,"win_rate":0,"timestamp":1564067029,"path_taken":["M","M","?","M","?","R","E","?","T","M","?","M","M","?","R","BOSS","M","?","?","M","M"],"build_version":"2019-07-17","purchased_purges":0,"victory":false,"max_hp_per_floor":[71,71,71,71,71,71,71,71,71,71,71,71,71,71,71,71,71,71,76,76,76,76],"card_choices":[{"not_picked":["Sweeping Beam","Gash"],"picked":"Beam Cell","floor":1},{"not_picked":["Streamline","Ball Lightning"],"picked":"Recycle","floor":2},{"not_picked":["Streamline","Redo"],"picked":"Sweeping Beam","floor":4},{"not_picked":["Beam Cell","Ball Lightning"],"picked":"Hologram","floor":7},{"not_picked":["Leap","Barrage"],"picked":"FTL","floor":8},{"not_picked":["Barrage","Compile Driver"],"picked":"Reboot","floor":10},{"not_picked":["Rip and Tear","Ball Lightning"],"picked":"Auto Shields","floor":12},{"not_picked":["Streamline","Barrage"],"picked":"Sweeping Beam","floor":13},{"not_picked":["Sweeping Beam","Turbo"],"picked":"FTL","floor":14},{"not_picked":["Thunder Strike","Biased Cognition+1"],"picked":"Electrodynamics+1","floor":16},{"not_picked":["Redo+1","Compile Driver","Ball Lightning"],"picked":"SKIP","floor":18},{"not_picked":["Sweeping Beam","Gash","Compile Driver"],"picked":"SKIP","floor":21}],"player_experience":5815500,"relics_obtained":[{"floor":5,"key":"Sundial"},{"floor":7,"key":"Ancient Tea Set"},{"floor":9,"key":"Frozen Egg 2"}],"event_choices":[{"cards_removed":["Strike_B"],"damage_healed":0,"gold_gain":0,"player_choice":"Forget","damage_taken":0,"max_hp_gain":0,"max_hp_loss":0,"event_name":"Living Wall","floor":3,"gold_loss":0},{"damage_healed":0,"gold_gain":0,"player_choice":"Trade","damage_taken":0,"relics_obtained":["SsserpentHead"],"max_hp_gain":0,"max_hp_loss":0,"event_name":"FaceTrader","floor":11,"gold_loss":0},{"damage_healed":0,"gold_gain":0,"player_choice":"Shed Blood","damage_taken":25,"max_hp_gain":5,"max_hp_loss":0,"event_name":"Forgotten Altar","floor":19,"gold_loss":0},{"damage_healed":0,"gold_gain":0,"player_choice":"Ignored","damage_taken":0,"max_hp_gain":0,"max_hp_loss":0,"event_name":"Cursed Tome","floor":20,"gold_loss":0}],"is_beta":false,"boss_relics":[{"not_picked":["Runic Dome","Astrolabe"],"picked":"Runic Pyramid"}],"items_purged_floors":[],"is_endless":false,"potions_floor_spawned":[2,7,10,14,16],"killed_by":"Snake Plant","ascension_level":20}