{"gold_per_floor":[112,124,124,124,49,81,81,256,279,292,322,397,416,416,416,416],"floor_reached":16,"playtime":367,"items_purged":["Defend_R"],"score":119,"play_id":"3115a37b-8205-4b10-a34a-38735f9c7d69","local_time":"20190724170238","is_ascension_mode":true,"campfire_choices":[{"floor":7,"key":"RECALL"},{"floor":15,"key":"REST"}],"neow_cost":"NONE","seed_source_timestamp":1206299406909500,"circlet_count":0,"master_deck":["Strike_R","Strike_R","Strike_R","Strike_R","Strike_R","Defend_R","Defend_R","Defend_R+1","Bash","Blood for Blood+1","Shrug It Off","Regret","Fiend Fire+1","Doubt","Thunderclap+1","Twin Strike+1","Fire Breathing","Pain"],"relics":["Burning Blood","Molten Egg 2","Ancient Tea Set","Shuriken","WarpedTongs"],"potions_floor_usage":[6,11],"damage_taken":[{"damage":3,"enemies":"2 Louse","floor":1,"turns":3},{"damage":5,"enemies":"Small Slimes","floor":2,"turns":3},{"damage":32,"enemies":"Lagavulin","floor":6,"turns":6},{"damage":3,"enemies":"Cultist","floor":10,"turns":2},{"damage":26,"enemies":"Gremlin Nob","floor":11,"turns":5},{"damage":3,"enemies":"3 Louse","floor":13,"turns":2},{"damage":45,"enemies":"The Guardian","floor":16,"turns":6}],"seed_played":"7570459080825004988","potions_obtained":[{"floor":1,"key":"Swift Potion"},{"floor":2,"key":"Strength Potion"},{"floor":10,"key":"Weak Potion"}],"is_trial":false,"path_per_floor":["M","M","?","?","$","E","R","?","T","M","E","?","M","?","R","B"],"character_chosen":"IRONCLAD","items_purchased":[],"campfire_rested":1,"item_purchase_floors":[],"current_hp_per_floor":[88,88,70,70,70,44,44,44,44,47,27,16,19,19,45,0],"gold":416,"neow_bonus":"TEN_PERCENT_HP_BONUS","is_prod":false,"is_daily":false,"chose_seed":false,"campfire_upgraded":0,"win_rate":0,"timestamp":1564005758,"path_taken":["M","M","?","?","$","E","R","?","T","M","E","?","M","?","R","BOSS"],"build_version":"2019-07-17","purchased_purges":1,"victory":false,"max_hp_per_floor":[88,88,88,88,88,88,88,88,88,88,88,88,88,88,88,88],"card_choices":[{"not_picked":["Hemokinesis","Anger"],"picked":"Blood for Blood","floor":1},{"not_picked":["Headbutt","Pommel Strike"],"picked":"Shrug It Off","floor":2},{"not_picked":["Cleave+1","Armaments"],"picked":"Fiend Fire+1","floor":6},{"not_picked":["Combust","Cleave+1"],"picked":"Thunderclap+1","floor":10},{"not_picked":["Clothesline+1","Pommel Strike+1"],"picked":"Twin Strike+1","floor":11},{"not_picked":["Intimidate","Pommel Strike+1"],"picked":"Fire Breathing","floor":13}],"player_experience":162739,"relics_obtained":[{"floor":6,"key":"Ancient Tea Set"},{"floor":11,"key":"Shuriken"}],"event_choices":[{"damage_healed":0,"gold_gain":0,"player_choice":"Entered Light","damage_taken":18,"max_hp_gain":0,"max_hp_loss":0,"event_name":"Shining Light","floor":3,"gold_loss":0,"cards_upgraded":["Defend_R","Blood for Blood"]},{"damage_healed":0,"gold_gain":0,"player_choice":"Box","damage_taken":0,"relics_obtained":["Molten Egg 2"],"max_hp_gain":0,"max_hp_loss":0,"event_name":"Big Fish","floor":4,"gold_loss":0,"cards_obtained":["Regret"]},{"damage_healed":0,"gold_gain":175,"player_choice":"AGREE","damage_taken":0,"max_hp_gain":0,"max_hp_loss":0,"event_name":"Liars Game","floor":8,"gold_loss":0,"cards_obtained":["Doubt"]},{"damage_healed":0,"gold_gain":75,"player_choice":"Gather Gold","damage_taken":11,"max_hp_gain":0,"max_hp_loss":0,"event_name":"World of Goop","floor":12,"gold_loss":0},{"damage_healed":0,"gold_gain":0,"player_choice":"Rummage","damage_taken":0,"relics_obtained":["WarpedTongs"],"max_hp_gain":0,"max_hp_loss":0,"event_name":"Accursed Blacksmith","floor":14,"gold_loss":0,"cards_obtained":["Pain"]}],"is_beta":false,"boss_relics":[],"items_purged_floors":[5],"is_endless":false,"potions_floor_spawned":[1,2,10],"killed_by":"The Guardian","ascension_level":2}