{"gold_per_floor":[119,135,135,59,59,87,87,107,130,162,181,240,257,257,257,352,352,369,383,383],"floor_reached":20,"playtime":653,"items_purged":[],"score":334,"play_id":"7df39092-edc5-410f-acc9-1e65d835e707","local_time":"20190711014753","is_ascension_mode":true,"campfire_choices":[{"data":"Perfected Strike","floor":7,"key":"SMITH"},{"floor":15,"key":"REST"}],"neow_cost":"NONE","seed_source_timestamp":1687803550216254,"circlet_count":0,"master_deck":["AscendersBane","Strike_R","Strike_R","Strike_R","Strike_R+1","Strike_R","Defend_R","Defend_R","Defend_R","Defend_R+1","Bash+1","Perfected Strike+1","Clothesline","Flame Barrier+1","Shrug It Off","Ghostly Armor","Perfected Strike","Feed","True Grit+1"],"relics":["Burning Blood","NeowsBlessing","War Paint","Bird Faced Urn","Regal Pillow","Ancient Tea Set","Black Star"],"potions_floor_usage":[16,16,20],"damage_taken":[{"damage":0,"enemies":"Small Slimes","floor":1,"turns":1},{"damage":0,"enemies":"2 Louse","floor":2,"turns":1},{"damage":0,"enemies":"3 Sentries","floor":6,"turns":2},{"damage":0,"enemies":"Cultist","floor":8,"turns":3},{"damage":24,"enemies":"Lagavulin","floor":10,"turns":9},{"damage":4,"enemies":"Large Slime","floor":11,"turns":5},{"damage":4,"enemies":"Blue Slaver","floor":13,"turns":3},{"damage":42,"enemies":"Slime Boss","floor":16,"turns":10},{"damage":25,"enemies":"3 Byrds","floor":18,"turns":6},{"damage":28,"enemies":"Shell Parasite","floor":19,"turns":10},{"damage":37,"enemies":"Centurion and Healer","floor":20,"turns":8}],"seed_played":"1339635495850511394","potions_obtained":[{"floor":2,"key":"SkillPotion"},{"floor":8,"key":"GamblersBrew"},{"floor":13,"key":"FearPotion"},{"floor":18,"key":"Block Potion"},{"floor":19,"key":"SpeedPotion"}],"is_trial":false,"path_per_floor":["M","M","?","$","?","E","R","M","T","E","M","?","M","$","R","B",null,"M","M","M"],"character_chosen":"IRONCLAD","items_purchased":["Flame Barrier"],"campfire_rested":1,"item_purchase_floors":[4],"current_hp_per_floor":[78,80,64,64,39,45,45,51,51,33,35,35,37,37,76,40,70,54,35,0],"gold":383,"neow_bonus":"THREE_ENEMY_KILL","is_prod":false,"is_daily":false,"chose_seed":false,"campfire_upgraded":1,"win_rate":0,"timestamp":1562806073,"path_taken":["M","M","?","$","?","E","R","M","T","E","M","?","M","$","R","BOSS","M","M","M"],"build_version":"2019-07-05","purchased_purges":0,"victory":false,"max_hp_per_floor":[80,80,80,80,80,80,80,80,80,80,80,80,80,80,80,80,80,83,86,86],"card_choices":[{"not_picked":["Flex","Intimidate"],"picked":"Perfected Strike","floor":1},{"not_picked":["Anger","Sword Boomerang"],"picked":"Clothesline","floor":2},{"not_picked":["Uppercut","Heavy Blade","Clash"],"picked":"SKIP","floor":6},{"not_picked":["Cleave","Exhume"],"picked":"Shrug It Off","floor":8},{"not_picked":["Berserk","Entrench"],"picked":"Ghostly Armor","floor":10},{"not_picked":["Inflame","Metallicize","Headbutt"],"picked":"SKIP","floor":11},{"not_picked":["Whirlwind","Inflame"],"picked":"Perfected Strike","floor":13},{"not_picked":["Brutality","Bludgeon"],"picked":"Feed","floor":16},{"not_picked":["Clothesline","Thunderclap","Havoc"],"picked":"SKIP","floor":18},{"not_picked":["Burning Pact","Heavy Blade"],"picked":"True Grit+1","floor":19}],"player_experience":342277,"relics_obtained":[{"floor":6,"key":"Bird Faced Urn"},{"floor":9,"key":"Regal Pillow"},{"floor":10,"key":"Ancient Tea Set"}],"event_choices":[{"damage_healed":0,"gold_gain":0,"player_choice":"Entered Light","damage_taken":16,"max_hp_gain":0,"max_hp_loss":0,"event_name":"Shining Light","floor":3,"gold_loss":0,"cards_upgraded":["Bash","Strike_R"]},{"damage_healed":0,"gold_gain":0,"player_choice":"Success","damage_taken":25,"relics_obtained":["War Paint"],"max_hp_gain":0,"max_hp_loss":0,"event_name":"Scrap Ooze","floor":5,"gold_loss":0},{"damage_healed":0,"gold_gain":59,"player_choice":"Gained Gold","damage_taken":0,"max_hp_gain":0,"max_hp_loss":0,"event_name":"Golden Wing","floor":12,"gold_loss":0}],"is_beta":false,"boss_relics":[{"not_picked":["Eternal Feather","Pandora\u0027s Box"],"picked":"Black Star"}],"items_purged_floors":[],"is_endless":false,"potions_floor_spawned":[2,8,13,18,19],"killed_by":"Centurion and Healer","ascension_level":12}