{"gold_per_floor":[113,125,145,164,176,176,190,190,190,202,222,222,251,268,268,268],"floor_reached":16,"playtime":528,"items_purged":[],"score":216,"play_id":"14e27a11-cf5f-4f34-97d0-e4d9b4e65cb9","local_time":"20190620235738","is_ascension_mode":true,"campfire_choices":[{"data":"Inflame","floor":6,"key":"SMITH"},{"floor":12,"key":"REST"},{"data":"Rage","floor":15,"key":"SMITH"}],"neow_cost":"NONE","seed_source_timestamp":191794223512200,"circlet_count":0,"master_deck":["AscendersBane","Strike_R","Strike_R","Strike_R","Strike_R","Strike_R","Defend_R","Defend_R","Defend_R","Defend_R","Bash","Inflame+1","Headbutt","Thunderclap","Twin Strike","Pommel Strike","Perfected Strike","Parasite","Feed","Armaments","Rage+1","Impervious","Heavy Blade+1"],"relics":["Burning Blood","Molten Egg 2","The Courier"],"potions_floor_usage":[16,16],"damage_taken":[{"damage":11,"enemies":"Jaw Worm","floor":1,"turns":6},{"damage":2,"enemies":"Cultist","floor":2,"turns":4},{"damage":1,"enemies":"2 Louse","floor":3,"turns":3},{"damage":43,"enemies":"Gremlin Gang","floor":4,"turns":5},{"damage":7,"enemies":"Looter","floor":5,"turns":4},{"damage":14,"enemies":"Exordium Thugs","floor":7,"turns":4},{"damage":7,"enemies":"Large Slime","floor":10,"turns":5},{"damage":17,"enemies":"Looter","floor":11,"turns":3},{"damage":30,"enemies":"Lagavulin","floor":13,"turns":7},{"damage":9,"enemies":"2 Fungi Beasts","floor":14,"turns":3},{"damage":37,"enemies":"Hexaghost","floor":16,"turns":9}],"seed_played":"-355688637134086612","potions_obtained":[{"floor":1,"key":"Energy Potion"},{"floor":2,"key":"GamblersBrew"}],"is_trial":false,"path_per_floor":["M","M","M","M","M","R","M","?","T","M","M","R","E","M","R","B"],"character_chosen":"IRONCLAD","items_purchased":[],"campfire_rested":1,"item_purchase_floors":[],"current_hp_per_floor":[70,74,79,42,41,41,33,33,33,35,27,53,32,32,32,0],"gold":268,"neow_bonus":"TEN_PERCENT_HP_BONUS","is_prod":false,"is_daily":false,"chose_seed":false,"campfire_upgraded":2,"win_rate":0,"timestamp":1561042658,"path_taken":["M","M","M","M","M","R","M","?","T","?","?","R","E","M","R","BOSS"],"build_version":"2019-01-23","purchased_purges":0,"victory":false,"max_hp_per_floor":[82,82,82,82,82,82,82,82,82,85,88,88,91,94,94,94],"card_choices":[{"not_picked":["True Grit","Metallicize"],"picked":"Inflame","floor":1},{"not_picked":["Warcry","True Grit"],"picked":"Headbutt","floor":2},{"not_picked":["Flex","Warcry"],"picked":"Thunderclap","floor":3},{"not_picked":["Berserk","Clothesline"],"picked":"Twin Strike","floor":4},{"not_picked":["Wild Strike","Iron Wave"],"picked":"Pommel Strike","floor":5},{"not_picked":["Iron Wave","Power Through"],"picked":"Perfected Strike","floor":7},{"not_picked":["Infernal Blade","Intimidate"],"picked":"Armaments","floor":10},{"not_picked":["Second Wind","Sever Soul+1"],"picked":"Rage","floor":11},{"not_picked":["Shockwave","Warcry"],"picked":"Impervious","floor":13},{"not_picked":["Pommel Strike+1","Shrug It Off"],"picked":"Heavy Blade+1","floor":14}],"player_experience":5429146,"relics_obtained":[{"floor":9,"key":"Molten Egg 2"},{"floor":13,"key":"The Courier"}],"event_choices":[{"damage_healed":0,"gold_gain":0,"player_choice":"2 cards matched","damage_taken":0,"max_hp_gain":0,"max_hp_loss":0,"event_name":"Match and Keep!","floor":8,"gold_loss":0,"cards_obtained":["Parasite","Feed"]}],"is_beta":false,"boss_relics":[],"items_purged_floors":[],"is_endless":false,"potions_floor_spawned":[1,2,11],"killed_by":"Hexaghost","ascension_level":20}