{"gold_per_floor":[367,380,393,407,3,3,16,41,41,41,71,71,104,122,122,201,201,214,35,53,70,70,70,125,125,150,69,83,101,128,139,139,217,217,237,249,25,40,40,75,75,105,183,209,221,221,221,241,241,241,241,241,241,83,113,113],"floor_reached":57,"playtime":2343,"items_purged":["Defend_B","Strike_B"],"score":3008,"play_id":"7161f263-e015-4946-9979-b586bb4604d5","local_time":"20190716031334","is_ascension_mode":true,"campfire_choices":[{"data":"Defragment","floor":6,"key":"SMITH"},{"data":"Buffer","floor":12,"key":"SMITH"},{"data":"White Noise","floor":15,"key":"SMITH"},{"floor":23,"key":"REST"},{"data":"Lockon","floor":25,"key":"SMITH"},{"floor":32,"key":"RECALL"},{"data":"Hologram","floor":41,"key":"SMITH"},{"data":"Consume","floor":49,"key":"SMITH"},{"data":"Darkness","floor":53,"key":"SMITH"}],"neow_cost":"TEN_PERCENT_HP_LOSS","seed_source_timestamp":464068776921400,"circlet_count":0,"master_deck":["AscendersBane","Strike_B","Defend_B","Defend_B","Zap","Dualcast","Defragment+1","Cold Snap","Conserve Battery","Glacier+1","Buffer+1","Lockon+1","Ball Lightning","Skim","Chill","Machine Learning+1","White Noise+1","Electrodynamics+1","Go for the Eyes+1","Static Discharge+1","Genetic Algorithm","Conserve Battery+1","Compile Driver","Darkness+1","Buffer+1","Self Repair+1","BootSequence+1","Storm+1","Reboot","Stack+1","Hologram+1","Undo","Force Field","Consume+1","Chill","Blind","Capacitor+1","Stack"],"relics":["Cracked Core","DataDisk","Lantern","Frozen Egg 2","Question Card","Pen Nib","Philosopher\u0027s Stone","Tiny Chest","War Paint","Pantograph","Busted Crown","ClockworkSouvenir","PreservedInsect","Pear","Cables","Sundial"],"potions_floor_usage":[8,11,24,30,35,35,44,44,55,55],"damage_taken":[{"damage":7,"enemies":"Cultist","floor":1,"turns":5},{"damage":0,"enemies":"2 Louse","floor":2,"turns":2},{"damage":7,"enemies":"Small Slimes","floor":3,"turns":3},{"damage":1,"enemies":"Blue Slaver","floor":4,"turns":5},{"damage":0,"enemies":"Large Slime","floor":7,"turns":5},{"damage":0,"enemies":"Gremlin Nob","floor":8,"turns":3},{"damage":3,"enemies":"3 Sentries","floor":11,"turns":12},{"damage":0,"enemies":"Lagavulin","floor":13,"turns":6},{"damage":0,"enemies":"3 Louse","floor":14,"turns":4},{"damage":15,"enemies":"Hexaghost","floor":16,"turns":9},{"damage":14,"enemies":"Shell Parasite","floor":18,"turns":4},{"damage":17,"enemies":"3 Byrds","floor":20,"turns":3},{"damage":1,"enemies":"Snake Plant","floor":21,"turns":6},{"damage":8,"enemies":"Book of Stabbing","floor":24,"turns":4},{"damage":0,"enemies":"Cultist and Chosen","floor":28,"turns":6},{"damage":9,"enemies":"Snecko","floor":29,"turns":3},{"damage":17,"enemies":"Slavers","floor":30,"turns":4},{"damage":0,"enemies":"3 Cultists","floor":31,"turns":4},{"damage":11,"enemies":"Collector","floor":33,"turns":6},{"damage":9,"enemies":"3 Shapes","floor":35,"turns":4},{"damage":0,"enemies":"Orb Walker","floor":36,"turns":3},{"damage":0,"enemies":"Spire Growth","floor":38,"turns":5},{"damage":1,"enemies":"Giant Head","floor":40,"turns":8},{"damage":15,"enemies":"Nemesis","floor":42,"turns":5},{"damage":0,"enemies":"Reptomancer","floor":44,"turns":4},{"damage":7,"enemies":"3 Darklings","floor":45,"turns":4},{"damage":0,"enemies":"Sphere and 2 Shapes","floor":48,"turns":5},{"damage":53,"enemies":"Awakened One","floor":50,"turns":19},{"damage":5,"enemies":"Donu and Deca","floor":51,"turns":11},{"damage":25,"enemies":"Shield and Spear","floor":55,"turns":4},{"damage":63,"enemies":"The Heart","floor":56,"turns":10}],"seed_played":"3562617107524789069","potions_obtained":[{"floor":2,"key":"Block Potion"},{"floor":4,"key":"Fire Potion"},{"floor":8,"key":"Strength Potion"},{"floor":13,"key":"Explosive Potion"},{"floor":20,"key":"Swift Potion"},{"floor":24,"key":"GamblersBrew"},{"floor":31,"key":"EssenceOfSteel"},{"floor":33,"key":"EntropicBrew"},{"floor":36,"key":"SpeedPotion"},{"floor":38,"key":"PowerPotion"},{"floor":45,"key":"PowerPotion"}],"is_trial":false,"path_per_floor":["M","M","M","M","$","R","M","E","T","?","E","R","E","M","R","B",null,"M","$","M","M","?","R","E","R","T","$","M","M","E","M","R","B",null,"M","M","$","M","?","E","R","E","T","E","M","?","?","M","R","B","B",null,"R","$","E","B",null],"character_chosen":"DEFECT","items_purchased":["DataDisk","Buffer","Lockon","Static Discharge+1","Self Repair+1","ClockworkSouvenir","Capacitor+1","PowerPotion","Stack"],"campfire_rested":1,"item_purchase_floors":[5,5,5,19,27,37,54,54,54],"current_hp_per_floor":[57,57,50,49,49,49,49,49,49,42,39,39,39,39,39,24,54,40,40,23,22,22,41,33,33,33,33,43,34,27,37,37,61,63,64,64,64,64,64,64,64,59,59,69,72,62,62,72,72,31,61,71,71,71,46,18],"gold":113,"neow_bonus":"TWO_FIFTY_GOLD","is_prod":false,"is_daily":false,"chose_seed":false,"campfire_upgraded":7,"win_rate":0,"timestamp":1563214414,"path_taken":["M","M","M","M","$","R","?","E","T","?","E","R","E","M","R","BOSS","M","$","M","M","?","R","E","R","T","$","M","M","E","M","R","BOSS","M","M","$","M","?","E","R","E","T","E","?","?","?","M","R","BOSS","BOSS","R","$","E","BOSS"],"build_version":"2019-07-05","purchased_purges":2,"victory":true,"max_hp_per_floor":[64,64,64,64,64,64,64,64,64,64,64,64,64,64,64,64,64,64,64,64,64,64,64,64,64,64,64,64,64,64,64,64,64,64,64,64,64,64,64,64,64,74,74,74,74,74,74,74,74,74,74,74,74,74,74,74],"card_choices":[{"not_picked":["Barrage","Ball Lightning"],"picked":"Defragment","floor":1},{"not_picked":["Stack","Beam Cell"],"picked":"Cold Snap","floor":2},{"not_picked":["Doom and Gloom","Blizzard"],"picked":"Conserve Battery","floor":3},{"not_picked":["Gash","Fusion"],"picked":"Glacier","floor":4},{"not_picked":["Steam","Sunder"],"picked":"Ball Lightning","floor":7},{"not_picked":["Stack","Redo"],"picked":"Skim","floor":8},{"not_picked":["Rip and Tear","Ball Lightning"],"picked":"Chill","floor":11},{"not_picked":["Leap","Recycle","BootSequence"],"picked":"Machine Learning+1","floor":13},{"not_picked":["Scrape","Turbo","Lockon"],"picked":"White Noise","floor":14},{"not_picked":["Amplify","Fission","Creative AI+1"],"picked":"Electrodynamics+1","floor":16},{"not_picked":["White Noise","Cold Snap","Gash"],"picked":"Go for the Eyes+1","floor":18},{"not_picked":["Conserve Battery","Hologram","Rip and Tear"],"picked":"Genetic Algorithm","floor":20},{"not_picked":["Beam Cell","Ball Lightning","Leap"],"picked":"Conserve Battery","floor":21},{"not_picked":["Chill","Lockon+1","Conserve Battery+1"],"picked":"Buffer+1","floor":24},{"not_picked":["Static Discharge+1","Beam Cell","Lockon+1"],"picked":"BootSequence+1","floor":28},{"not_picked":["Rip and Tear","Leap","Compile Driver","Hello World+1"],"picked":"SKIP","floor":29},{"not_picked":["Chill","Coolheaded","Sweeping Beam","Steam"],"picked":"SKIP","floor":30},{"not_picked":["Rebound","Undo","Streamline+1"],"picked":"Storm+1","floor":31},{"not_picked":["Thunder Strike","Rainbow","Hyperbeam"],"picked":"Reboot","floor":33},{"not_picked":["Stack+1","Beam Cell"],"picked":"SKIP","floor":35},{"not_picked":["Beam Cell"],"picked":"Stack+1","floor":35},{"not_picked":["Hologram","Gash"],"picked":"SKIP","floor":36},{"not_picked":["Gash"],"picked":"Hologram","floor":36},{"not_picked":["Beam Cell"],"picked":"Undo","floor":38},{"not_picked":["Melter"],"picked":"Force Field","floor":40},{"not_picked":["Conserve Battery","Leap"],"picked":"SKIP","floor":42},{"not_picked":["Hologram","Consume"],"picked":"SKIP","floor":44},{"not_picked":["Hologram"],"picked":"Consume","floor":44},{"not_picked":["Sweeping Beam+1"],"picked":"Chill","floor":45},{"not_picked":["HandOfGreed"],"picked":"Blind","floor":46},{"not_picked":["Self Repair+1","Rebound"],"picked":"SKIP","floor":48},{"not_picked":["Stack","Sunder+1"],"picked":"SKIP","floor":55},{"not_picked":["Stack","Sunder+1"],"picked":"SKIP","floor":55}],"player_experience":5705501,"relics_obtained":[{"floor":8,"key":"Lantern"},{"floor":9,"key":"Frozen Egg 2"},{"floor":11,"key":"Question Card"},{"floor":13,"key":"Pen Nib"},{"floor":24,"key":"Tiny Chest"},{"floor":26,"key":"War Paint"},{"floor":30,"key":"Pantograph"},{"floor":40,"key":"PreservedInsect"},{"floor":42,"key":"Pear"},{"floor":44,"key":"Cables"},{"floor":55,"key":"Sundial"}],"event_choices":[{"cards_removed":["Strike_B"],"damage_healed":0,"gold_gain":0,"player_choice":"Card Removal","damage_taken":7,"max_hp_gain":0,"max_hp_loss":0,"event_name":"Golden Wing","floor":10,"gold_loss":0},{"damage_healed":0,"gold_gain":0,"cards_transformed":["Strike_B","Defend_B"],"player_choice":"Became Test Subject","damage_taken":0,"max_hp_gain":0,"max_hp_loss":0,"event_name":"Drug Dealer","floor":22,"gold_loss":0,"cards_obtained":["Compile Driver","Darkness"]},{"damage_healed":0,"gold_gain":0,"player_choice":"Full Heal","damage_taken":0,"max_hp_gain":0,"max_hp_loss":0,"event_name":"Wheel of Change","floor":39,"gold_loss":0},{"damage_healed":0,"gold_gain":0,"player_choice":"Memory 3","damage_taken":10,"max_hp_gain":0,"max_hp_loss":0,"event_name":"SensoryStone","floor":46,"gold_loss":0},{"damage_healed":0,"gold_gain":0,"player_choice":"Ignored","damage_taken":0,"max_hp_gain":0,"max_hp_loss":0,"event_name":"Tomb of Lord Red Mask","floor":47,"gold_loss":0}],"is_beta":false,"boss_relics":[{"not_picked":["Cursed Key","Black Star"],"picked":"Philosopher\u0027s Stone"},{"not_picked":["White Beast Statue","Velvet Choker"],"picked":"Busted Crown"}],"items_purged_floors":[5,19],"is_endless":false,"potions_floor_spawned":[2,4,8,13,14,16,18,20,24,31,33,35,36,38,45,55],"ascension_level":20}