{"gold_per_floor":[116,116,116,130,130,155,155,169,169,169,94,94,106,138,138,212,212,229,229,248,248,248,248,29,29,29,55,74,74,109,129,129,206,206,223,272,272,289,85,118,136,151,151,151,176,176,188,214,214,214,214,214,214,64,90,90],"floor_reached":57,"playtime":2206,"items_purged":["Parasite","Defend_R","Clash","Bash+1"],"score":2982,"play_id":"771ae282-b73f-4cd1-be37-448b0f9453ec","local_time":"20190404001947","is_ascension_mode":true,"campfire_choices":[{"data":"Blood for Blood","floor":7,"key":"SMITH"},{"data":"Uppercut","floor":10,"key":"SMITH"},{"data":"Double Tap","floor":12,"key":"SMITH"},{"data":"Hemokinesis","floor":15,"key":"SMITH"},{"data":"Offering","floor":23,"key":"SMITH"},{"data":"Evolve","floor":25,"key":"SMITH"},{"data":"Burning Pact","floor":29,"key":"SMITH"},{"floor":32,"key":"RECALL"},{"data":"Seeing Red","floor":44,"key":"SMITH"},{"data":"Rampage","floor":46,"key":"SMITH"},{"data":"Rage","floor":49,"key":"SMITH"},{"data":"Offering","floor":53,"key":"SMITH"}],"neow_cost":"CURSE","seed_source_timestamp":105881990437700,"circlet_count":0,"master_deck":["AscendersBane","Uppercut+1","Double Tap+1","Combust","Blood for Blood+1","Dropkick","Hemokinesis+1","Dropkick+1","Offering+1","Burning Pact+1","Evolve+1","Seeing Red+1","Rampage+1","Offering+1","Rage+1"],"relics":["Burning Blood","Pantograph","Anchor","Meat on the Bone","Lantern","Empty Cage","Nilry\u0027s Codex","Centennial Puzzle","Blood Vial","Whetstone","Pandora\u0027s Box","Ginger","Paper Frog","Boot","Molten Egg 2","Pen Nib"],"potions_floor_usage":[56,56],"damage_taken":[{"damage":16,"enemies":"Small Slimes","floor":1,"turns":6},{"damage":1,"enemies":"2 Louse","floor":4,"turns":4},{"damage":36,"enemies":"Gremlin Nob","floor":6,"turns":4},{"damage":4,"enemies":"Cultist","floor":8,"turns":3},{"damage":4,"enemies":"Large Slime","floor":13,"turns":5},{"damage":17,"enemies":"3 Sentries","floor":14,"turns":4},{"damage":41,"enemies":"Slime Boss","floor":16,"turns":9},{"damage":9,"enemies":"2 Thieves","floor":18,"turns":2},{"damage":6,"enemies":"Chosen","floor":20,"turns":2},{"damage":18,"enemies":"3 Cultists","floor":28,"turns":4},{"damage":26,"enemies":"Slavers","floor":30,"turns":3},{"damage":12,"enemies":"Centurion and Healer","floor":31,"turns":3},{"damage":19,"enemies":"Champ","floor":33,"turns":4},{"damage":6,"enemies":"Orb Walker","floor":35,"turns":1},{"damage":10,"enemies":"2 Orb Walkers","floor":36,"turns":1},{"damage":8,"enemies":"3 Darklings","floor":38,"turns":2},{"damage":6,"enemies":"Giant Head","floor":40,"turns":1},{"damage":14,"enemies":"Jaw Worm Horde","floor":41,"turns":2},{"damage":42,"enemies":"Sphere and 2 Shapes","floor":42,"turns":6},{"damage":6,"enemies":"Nemesis","floor":45,"turns":1},{"damage":8,"enemies":"Writhing Mass","floor":47,"turns":1},{"damage":8,"enemies":"Giant Head","floor":48,"turns":1},{"damage":10,"enemies":"Donu and Deca","floor":50,"turns":2},{"damage":51,"enemies":"Awakened One","floor":51,"turns":3},{"damage":6,"enemies":"Shield and Spear","floor":55,"turns":1},{"damage":23,"enemies":"The Heart","floor":56,"turns":4}],"seed_played":"6154890245029378376","potions_obtained":[{"floor":6,"key":"SpeedPotion"},{"floor":8,"key":"Dexterity Potion"},{"floor":13,"key":"BloodPotion"},{"floor":42,"key":"GamblersBrew"},{"floor":55,"key":"Swift Potion"}],"is_trial":false,"path_per_floor":["M","?","?","M","?","E","R","M","T","R","$","R","M","E","R","B",null,"M","?","M","?","?","R","$","R","T","T","M","R","E","M","R","B",null,"M","?","?","M","$","E","M","M","T","R","E","R","M","E","R","B","B",null,"R","$","E","B",null],"character_chosen":"IRONCLAD","items_purchased":["Burning Pact","Evolve","Offering"],"campfire_rested":0,"item_purchase_floors":[24,24,39],"current_hp_per_floor":[58,63,58,63,63,33,33,35,35,35,35,35,49,50,50,52,71,68,68,68,68,47,47,47,47,47,47,49,49,43,51,51,64,74,76,73,73,73,73,75,69,47,47,47,49,49,49,49,49,72,44,69,69,69,71,60],"gold":90,"neow_bonus":"TRANSFORM_TWO_CARDS","is_prod":false,"is_daily":false,"chose_seed":false,"campfire_upgraded":11,"win_rate":0,"timestamp":1554304787,"path_taken":["M","?","?","M","?","E","R","M","T","R","$","R","M","E","R","BOSS","M","?","?","?","?","R","$","R","T","?","?","R","E","M","R","BOSS","M","?","?","M","$","E","M","M","T","R","E","R","M","E","R","BOSS","BOSS","R","$","E","BOSS"],"build_version":"2019-01-23","purchased_purges":4,"victory":true,"max_hp_per_floor":[75,80,80,80,80,80,80,80,80,80,77,77,77,77,77,77,77,77,77,77,77,77,77,77,77,77,77,77,77,77,77,77,77,77,77,77,77,77,77,77,77,77,77,77,77,77,77,77,77,77,77,77,77,77,77,77],"card_choices":[{"not_picked":["Perfected Strike","Anger"],"picked":"Combust","floor":1},{"not_picked":["Power Through","Heavy Blade"],"picked":"Blood for Blood","floor":4},{"not_picked":["Iron Wave","Heavy Blade","Wild Strike"],"picked":"SKIP","floor":6},{"not_picked":["True Grit","Perfected Strike"],"picked":"Dropkick","floor":8},{"not_picked":["Twin Strike","Cleave"],"picked":"Hemokinesis","floor":13},{"not_picked":["Perfected Strike","Shockwave"],"picked":"Dropkick","floor":14},{"not_picked":["Demon Form","Double Tap"],"picked":"Offering","floor":16},{"not_picked":["Seeing Red","Perfected Strike","Shrug It Off"],"picked":"SKIP","floor":18},{"not_picked":["Sever Soul","Heavy Blade","Corruption"],"picked":"SKIP","floor":20},{"not_picked":["Inflame","Iron Wave","Anger"],"picked":"SKIP","floor":28},{"not_picked":["Twin Strike","Shrug It Off","Battle Trance"],"picked":"SKIP","floor":30},{"not_picked":["Heavy Blade","Twin Strike","Entrench"],"picked":"SKIP","floor":31},{"not_picked":["Pommel Strike","Corruption","Flex+1"],"picked":"SKIP","floor":35},{"not_picked":["Dual Wield+1","Pummel","Clash+1"],"picked":"SKIP","floor":38},{"not_picked":["Body Slam+1","Heavy Blade","Bludgeon"],"picked":"SKIP","floor":40},{"not_picked":["Flame Barrier+1","Anger","Entrench"],"picked":"SKIP","floor":41},{"not_picked":["Iron Wave","Clash","Sword Boomerang"],"picked":"SKIP","floor":42},{"not_picked":["Dual Wield+1","Burning Pact","Blood for Blood"],"picked":"SKIP","floor":45},{"not_picked":["Impervious","Thunderclap"],"picked":"Rage","floor":47},{"not_picked":["Clash","Perfected Strike","Anger"],"picked":"SKIP","floor":48},{"not_picked":["Immolate+1","Heavy Blade+1","Dual Wield"],"picked":"SKIP","floor":55}],"player_experience":4695550,"relics_obtained":[{"floor":6,"key":"Anchor"},{"floor":9,"key":"Meat on the Bone"},{"floor":14,"key":"Lantern"},{"floor":22,"key":"Nilry\u0027s Codex"},{"floor":26,"key":"Centennial Puzzle"},{"floor":27,"key":"Blood Vial"},{"floor":30,"key":"Whetstone"},{"floor":36,"key":"Ginger"},{"floor":40,"key":"Paper Frog"},{"floor":45,"key":"Boot"},{"floor":48,"key":"Molten Egg 2"},{"floor":55,"key":"Pen Nib"}],"event_choices":[{"damage_healed":0,"gold_gain":0,"player_choice":"Donut","damage_taken":0,"max_hp_gain":5,"max_hp_loss":0,"event_name":"Big Fish","floor":2,"gold_loss":0},{"damage_healed":0,"gold_gain":0,"player_choice":"Success","damage_taken":5,"relics_obtained":["Pantograph"],"max_hp_gain":0,"max_hp_loss":0,"event_name":"Scrap Ooze","floor":3,"gold_loss":0},{"damage_healed":0,"gold_gain":0,"player_choice":"Ignored","damage_taken":0,"max_hp_gain":0,"max_hp_loss":0,"event_name":"Liars Game","floor":5,"gold_loss":0},{"cards_removed":["Strike_R"],"damage_healed":0,"gold_gain":0,"player_choice":"Offered Basic","damage_taken":0,"max_hp_gain":0,"max_hp_loss":0,"event_name":"Bonfire Elementals","floor":19,"gold_loss":0},{"damage_healed":0,"gold_gain":0,"player_choice":"Ignored","damage_taken":0,"max_hp_gain":0,"max_hp_loss":0,"event_name":"Vampires","floor":21,"gold_loss":0},{"damage_healed":0,"gold_gain":0,"player_choice":"Obtained Book","damage_taken":21,"max_hp_gain":0,"max_hp_loss":0,"event_name":"Cursed Tome","floor":22,"gold_loss":0},{"damage_healed":0,"gold_gain":0,"player_choice":"Fight","damage_taken":0,"max_hp_gain":0,"max_hp_loss":0,"event_name":"Mysterious Sphere","floor":36,"gold_loss":0},{"damage_healed":0,"gold_gain":0,"player_choice":"Ignored","damage_taken":0,"max_hp_gain":0,"max_hp_loss":0,"event_name":"Tomb of Lord Red Mask","floor":37,"gold_loss":0}],"is_beta":false,"boss_relics":[{"not_picked":["Philosopher\u0027s Stone","Runic Pyramid"],"picked":"Empty Cage"},{"not_picked":["Black Blood","Velvet Choker"],"picked":"Pandora\u0027s Box"}],"items_purged_floors":[11,24,39,54],"is_endless":false,"potions_floor_spawned":[6,8,13,30,33,38,41,42,48,55],"ascension_level":20}