{"gold_per_floor":[113,125,225,236,250,278,278,294,294,294,294,294,294,314,314,314],"floor_reached":16,"playtime":510,"items_purged":[],"score":102,"play_id":"7beb206e-4d94-47df-aa9d-ddbcf4b4837b","local_time":"20190704025912","is_ascension_mode":false,"campfire_choices":[{"floor":7,"key":"REST"},{"data":"Accuracy","floor":10,"key":"SMITH"},{"data":"Setup","floor":12,"key":"PURGE"},{"data":"Crippling Poison","floor":15,"key":"SMITH"}],"neow_cost":"TEN_PERCENT_HP_LOSS","seed_source_timestamp":101156872764600,"circlet_count":0,"master_deck":["Strike_G","Strike_G","Strike_G","Strike_G","Strike_G","Defend_G","Defend_G","Defend_G","Defend_G","Defend_G","Survivor","Neutralize","Accuracy+1","Wraith Form v2","Outmaneuver","Crippling Poison+1"],"relics":["Ring of the Snake","Peace Pipe","Ninja Scroll","Pen Nib","Golden Idol","FaceOfCleric"],"potions_floor_usage":[5,6,16],"damage_taken":[{"damage":0,"enemies":"2 Louse","floor":1,"turns":3},{"damage":6,"enemies":"Cultist","floor":2,"turns":4},{"damage":6,"enemies":"Jaw Worm","floor":4,"turns":6},{"damage":0,"enemies":"Lots of Slimes","floor":5,"turns":5},{"damage":35,"enemies":"3 Sentries","floor":6,"turns":12},{"damage":2,"enemies":"Looter","floor":8,"turns":3},{"damage":0,"enemies":"2 Fungi Beasts","floor":14,"turns":5},{"damage":33,"enemies":"The Guardian","floor":16,"turns":9}],"seed_played":"8712889786700931546","potions_obtained":[{"floor":1,"key":"SteroidPotion"},{"floor":4,"key":"Strength Potion"},{"floor":8,"key":"Energy Potion"}],"is_trial":false,"path_per_floor":["M","M","?","M","M","E","R","M","T","R","?","R","?","M","R","B"],"character_chosen":"THE_SILENT","items_purchased":[],"campfire_rested":1,"item_purchase_floors":[],"current_hp_per_floor":[63,57,57,51,51,16,34,32,32,32,32,32,32,33,33,0],"gold":314,"neow_bonus":"ONE_RARE_RELIC","is_prod":false,"is_daily":false,"chose_seed":false,"campfire_upgraded":2,"win_rate":0,"timestamp":1562176752,"path_taken":["M","M","?","?","M","E","R","M","T","R","?","R","?","?","R","BOSS"],"build_version":"2019-07-01","purchased_purges":0,"victory":false,"max_hp_per_floor":[63,63,63,63,63,63,63,63,63,63,58,58,58,59,59,59],"card_choices":[{"not_picked":["Dagger Spray","Expertise"],"picked":"Accuracy","floor":1},{"not_picked":["Heel Hook","Bane"],"picked":"Setup","floor":4},{"not_picked":["Dagger Spray","Masterful Stab"],"picked":"Wraith Form v2","floor":5},{"not_picked":["Dagger Spray","Dagger Throw"],"picked":"Outmaneuver","floor":6},{"not_picked":["Poisoned Stab","Slice"],"picked":"Crippling Poison","floor":14}],"player_experience":5581524,"relics_obtained":[{"floor":6,"key":"Ninja Scroll"},{"floor":9,"key":"Pen Nib"}],"event_choices":[{"damage_healed":0,"gold_gain":100,"player_choice":"Pray","damage_taken":0,"max_hp_gain":0,"max_hp_loss":0,"event_name":"Golden Shrine","floor":3,"gold_loss":0},{"damage_healed":0,"gold_gain":0,"player_choice":"Lose Max HP","damage_taken":0,"relics_obtained":["Golden Idol"],"max_hp_gain":0,"max_hp_loss":5,"event_name":"Golden Idol","floor":11,"gold_loss":0},{"damage_healed":0,"gold_gain":0,"player_choice":"Trade","damage_taken":0,"relics_obtained":["FaceOfCleric"],"max_hp_gain":0,"max_hp_loss":0,"event_name":"FaceTrader","floor":13,"gold_loss":0}],"is_beta":false,"boss_relics":[],"items_purged_floors":[],"is_endless":false,"potions_floor_spawned":[1,4,8],"killed_by":"The Guardian","ascension_level":0}