{"gold_per_floor":[114,114,64,64,79,79,92,92,119,119,137,37,49,67,67,165,165,178,212,212,225,21,21,50,50,50,50],"floor_reached":27,"playtime":884,"items_purged":["Strike_R"],"score":265,"play_id":"5db93f9b-f3d4-4158-8149-3a4ad7ead0cf","local_time":"20190702220041","is_ascension_mode":true,"campfire_choices":[{"data":"Cleave","floor":6,"key":"SMITH"},{"data":"Heavy Blade","floor":8,"key":"SMITH"},{"data":"Defend_R","floor":10,"key":"SMITH"},{"data":"Shrug It Off","floor":15,"key":"SMITH"},{"floor":23,"key":"REST"},{"floor":25,"key":"REST"}],"neow_cost":"NONE","seed_source_timestamp":982729175144171,"circlet_count":0,"master_deck":["Strike_R","Strike_R","Defend_R+1","Defend_R","Defend_R","Defend_R","Bash+1","Cleave+1","Heavy Blade+1","Whirlwind","Clothesline","Shrug It Off+1","Feed","Shrug It Off","Thunderclap+1"],"relics":["Burning Blood","Dream Catcher","Strawberry","Busted Crown","Red Mask","Question Card","Membership Card","Omamori","Du-Vu Doll"],"potions_floor_usage":[16,16,16,19,24],"damage_taken":[{"damage":0,"enemies":"Small Slimes","floor":1,"turns":3},{"damage":0,"enemies":"2 Louse","floor":5,"turns":3},{"damage":6,"enemies":"Jaw Worm","floor":7,"turns":5},{"damage":5,"enemies":"Exordium Thugs","floor":11,"turns":4},{"damage":4,"enemies":"2 Fungi Beasts","floor":13,"turns":2},{"damage":12,"enemies":"Red Slaver","floor":14,"turns":4},{"damage":34,"enemies":"Hexaghost","floor":16,"turns":13},{"damage":11,"enemies":"Spheric Guardian","floor":18,"turns":4},{"damage":51,"enemies":"Masked Bandits","floor":19,"turns":5},{"damage":12,"enemies":"3 Byrds","floor":21,"turns":5},{"damage":50,"enemies":"Gremlin Leader","floor":24,"turns":10},{"damage":52,"enemies":"Book of Stabbing","floor":27,"turns":5}],"seed_played":"-7578386108527505016","potions_obtained":[{"floor":7,"key":"AttackPotion"},{"floor":13,"key":"EssenceOfSteel"},{"floor":14,"key":"LiquidBronze"},{"floor":16,"key":"Swift Potion"},{"floor":19,"key":"Explosive Potion"},{"floor":21,"key":"PowerPotion"}],"is_trial":false,"path_per_floor":["M","?","?","?","M","R","M","R","T","R","M","$","M","M","R","B",null,"M","?","?","M","$","R","E","R","T","E"],"character_chosen":"IRONCLAD","items_purchased":["Clothesline","Membership Card"],"campfire_rested":2,"item_purchase_floors":[12,22],"current_hp_per_floor":[80,73,73,73,79,79,79,79,86,86,87,87,87,81,81,53,87,82,40,40,37,37,64,20,47,47,0],"gold":50,"neow_bonus":"RANDOM_COMMON_RELIC","is_prod":false,"is_daily":false,"chose_seed":false,"campfire_upgraded":4,"win_rate":0,"timestamp":1562101241,"path_taken":["M","?","?","?","M","R","M","R","T","R","M","$","?","M","R","BOSS","M","?","?","M","$","R","E","R","T","E"],"build_version":"2019-07-01","purchased_purges":1,"victory":false,"max_hp_per_floor":[80,80,80,80,80,80,80,80,87,87,87,87,87,87,87,87,87,87,90,90,93,93,93,93,93,93,93],"card_choices":[{"not_picked":["Reckless Charge","Combust"],"picked":"Cleave","floor":1},{"not_picked":["Twin Strike","True Grit"],"picked":"Heavy Blade","floor":5},{"not_picked":["Body Slam","Anger","Clash"],"picked":"SKIP","floor":7},{"not_picked":["Perfected Strike","Feel No Pain"],"picked":"Whirlwind","floor":11},{"not_picked":["Pummel","Dark Embrace"],"picked":"Shrug It Off","floor":13},{"not_picked":["Armaments","Clothesline","Headbutt"],"picked":"SKIP","floor":14},{"not_picked":["Fiend Fire","Bludgeon"],"picked":"Feed","floor":16},{"not_picked":[],"picked":"Shrug It Off","floor":18},{"not_picked":["Feel No Pain","Perfected Strike+1"],"picked":"SKIP","floor":21},{"not_picked":["Barricade"],"picked":"Thunderclap+1","floor":24}],"player_experience":75735,"relics_obtained":[{"floor":9,"key":"Strawberry"},{"floor":19,"key":"Red Mask"},{"floor":24,"key":"Omamori"},{"floor":26,"key":"Du-Vu Doll"}],"event_choices":[{"cards_removed":["Strike_R"],"damage_healed":0,"gold_gain":0,"player_choice":"Card Removal","damage_taken":7,"max_hp_gain":0,"max_hp_loss":0,"event_name":"Golden Wing","floor":2,"gold_loss":0},{"cards_removed":["Strike_R"],"damage_healed":0,"gold_gain":0,"player_choice":"Card Removal","damage_taken":0,"max_hp_gain":0,"max_hp_loss":0,"event_name":"The Cleric","floor":3,"gold_loss":50},{"damage_healed":0,"gold_gain":0,"player_choice":"Grow","damage_taken":0,"max_hp_gain":0,"max_hp_loss":0,"event_name":"Living Wall","floor":4,"gold_loss":0,"cards_upgraded":["Bash"]},{"damage_healed":0,"gold_gain":0,"player_choice":"Fought Bandits","damage_taken":0,"max_hp_gain":0,"max_hp_loss":0,"event_name":"Masked Bandits","floor":19,"gold_loss":0},{"damage_healed":0,"gold_gain":0,"player_choice":"Gave Potion","damage_taken":0,"relics_obtained":["Question Card"],"max_hp_gain":0,"max_hp_loss":0,"event_name":"WeMeetAgain","floor":20,"gold_loss":0}],"is_beta":false,"boss_relics":[{"not_picked":["Ectoplasm","Eternal Feather"],"picked":"Busted Crown"}],"items_purged_floors":[12],"is_endless":false,"potions_floor_spawned":[7,13,14,16,19,21],"killed_by":"Book of Stabbing","ascension_level":4}