{"gold_per_floor":[109,124,139,139,149,149,149,149,149,181,198,229,249,269,269,343,343,354,114,114,14,30,30,45,45,45,62,6,20,20,45,45,117,117,127,1126,1140,1140,1156,1156],"floor_reached":40,"playtime":1313,"items_purged":["Strike_B","Strike_B"],"score":865,"play_id":"e66d8c93-a853-48a8-acd9-9996a3ea0d1e","local_time":"20190708002041","is_ascension_mode":true,"campfire_choices":[{"data":"Sunder","floor":6.0,"key":"SMITH"},{"data":"Hyperbeam","floor":8.0,"key":"SMITH"},{"data":"Beam Cell","floor":15.0,"key":"SMITH"},{"data":"Conserve Battery","floor":23.0,"key":"SMITH"},{"data":"Go for the Eyes","floor":25.0,"key":"SMITH"},{"data":"Hologram","floor":30.0,"key":"SMITH"},{"floor":32.0,"key":"REST"}],"neow_cost":"","seed_source_timestamp":435595288529600,"circlet_count":0,"master_deck":["AscendersBane","Strike_B","Strike_B","Defend_B","Defend_B","Defend_B","Defend_B","Zap","Dualcast","Go for the Eyes+1","Sweeping Beam","FTL","Sunder+1","Hyperbeam+1","Ball Lightning","Beam Cell+1","Doom and Gloom","Machine Learning","Glacier","Self Repair","Core Surge","Gash+1","Conserve Battery+1","Rebound","Fusion+1","Conserve Battery","Hologram+1","Reprogram+1","Electrodynamics","Normality","Normality","Hologram+1","Amplify","Leap+1"],"special_seed":0,"relics":["Cracked Core","Ginger","Turnip","Paper Crane","Paper Frog","Pantograph","Lantern","Ancient Tea Set","Runic Pyramid","Happy Flower","Bird Faced Urn","Emotion Chip","Fusion Hammer"],"potions_floor_usage":[40,40],"damage_taken":[{"damage":1.0,"enemies":"Cultist","floor":1.0,"turns":3.0},{"damage":5.0,"enemies":"2 Louse","floor":2.0,"turns":3.0},{"damage":7.0,"enemies":"Jaw Worm","floor":3.0,"turns":5.0},{"damage":6.0,"enemies":"Looter","floor":5.0,"turns":3.0},{"damage":6.0,"enemies":"Gremlin Nob","floor":10.0,"turns":3.0},{"damage":0.0,"enemies":"Blue Slaver","floor":11.0,"turns":1.0},{"damage":12.0,"enemies":"Lagavulin","floor":12.0,"turns":4.0},{"damage":6.0,"enemies":"2 Fungi Beasts","floor":13.0,"turns":2.0},{"damage":6.0,"enemies":"Looter","floor":14.0,"turns":2.0},{"damage":18.0,"enemies":"Hexaghost","floor":16.0,"turns":8.0},{"damage":23.0,"enemies":"Chosen","floor":18.0,"turns":4.0},{"damage":13.0,"enemies":"3 Byrds","floor":22.0,"turns":3.0},{"damage":12.0,"enemies":"Cultist and Chosen","floor":24.0,"turns":5.0},{"damage":0.0,"enemies":"Centurion and Healer","floor":27.0,"turns":4.0},{"damage":21.0,"enemies":"Shelled Parasite and Fungi","floor":29.0,"turns":5.0},{"damage":16.0,"enemies":"Book of Stabbing","floor":31.0,"turns":4.0},{"damage":6.0,"enemies":"Champ","floor":33.0,"turns":12.0},{"damage":1.0,"enemies":"Orb Walker","floor":35.0,"turns":2.0},{"damage":24.0,"enemies":"3 Darklings","floor":37.0,"turns":4.0},{"damage":46,"enemies":"Sphere and 2 Shapes","floor":39,"turns":7},{"damage":3,"enemies":"Giant Head","floor":40,"turns":1}],"seed_played":"8394222191687840969","potions_obtained":[{"floor":3.0,"key":"Swift Potion"},{"floor":10.0,"key":"AttackPotion"},{"floor":13.0,"key":"GamblersBrew"},{"floor":22.0,"key":"FairyPotion"},{"floor":24.0,"key":"Explosive Potion"},{"floor":27.0,"key":"Swift Potion"},{"floor":33.0,"key":"FocusPotion"},{"floor":37.0,"key":"Swift Potion"}],"is_trial":true,"path_per_floor":["M","M","M","?","M","R","?","R","T","E","M","E","M","M","R","B",null,"M","$","?","$","M","R","M","R","T","M","$","M","R","E","R","B",null,"M","?","M","?","M","E"],"character_chosen":"DEFECT","items_purchased":["Happy Flower","Conserve Battery"],"campfire_rested":1,"item_purchase_floors":[19,28],"current_hp_per_floor":[63,58,51,46,40,40,40,40,40,34,34,22,16,10,10,24,59,43,43,43,43,37,37,32,32,32,43,43,33,33,17,38,68,70,69,69,49,49,7,4],"gold":1156,"neow_bonus":"","is_prod":false,"is_daily":false,"chose_seed":false,"campfire_upgraded":6,"win_rate":0,"timestamp":1562512841,"path_taken":["M","M","M","?","M","R","?","R","T","E","?","E","M","M","R","BOSS","M","$","?","$","?","R","M","R","T","M","?","M","R","E","R","BOSS","M","?","M","?","?","E"],"build_version":"2019-07-05","purchased_purges":2,"victory":false,"max_hp_per_floor":[71,71,71,71,71,71,71,71,71,71,71,71,71,71,71,71,71,71,71,71,71,71,71,71,71,71,71,71,71,71,71,71,71,71,71,71,71,71,71,71],"card_choices":[{"not_picked":["Conserve Battery","Gash"],"picked":"Go for the Eyes","floor":1.0},{"not_picked":["Chill","Reprogram"],"picked":"Sweeping Beam","floor":2.0},{"not_picked":["Doom and Gloom","Undo"],"picked":"FTL","floor":3.0},{"not_picked":["Go for the Eyes","Defragment"],"picked":"Sunder","floor":5.0},{"not_picked":["Hologram","Storm"],"picked":"Beam Cell","floor":10.0},{"not_picked":["Chaos","Static Discharge"],"picked":"Doom and Gloom","floor":11.0},{"not_picked":["Cold Snap","Aggregate"],"picked":"Machine Learning","floor":12.0},{"not_picked":["Tempest","FTL"],"picked":"Glacier","floor":13.0},{"not_picked":["Gash","Doom and Gloom"],"picked":"Self Repair","floor":14.0},{"not_picked":["Buffer","Fission"],"picked":"Core Surge","floor":16.0},{"not_picked":["Barrage","Steam"],"picked":"Gash+1","floor":18.0},{"not_picked":["Tempest+1","Force Field"],"picked":"Conserve Battery","floor":22.0},{"not_picked":["Doom and Gloom","Heatsinks"],"picked":"Rebound","floor":24.0},{"not_picked":["Redo","Glacier+1"],"picked":"Fusion+1","floor":27.0},{"not_picked":["Hello World","Rebound"],"picked":"Hologram","floor":29.0},{"not_picked":["Conserve Battery","Skim"],"picked":"Reprogram+1","floor":31.0},{"not_picked":["Machine Learning","Seek"],"picked":"Electrodynamics","floor":33.0},{"not_picked":["Go for the Eyes","Cold Snap","Chill"],"picked":"SKIP","floor":35.0},{"not_picked":["Fusion","Conserve Battery"],"picked":"Hologram+1","floor":37.0},{"not_picked":["Steam+1","Streamline+1"],"picked":"Leap+1","floor":39}],"player_experience":5609138,"relics_obtained":[{"floor":10.0,"key":"Lantern"},{"floor":12.0,"key":"Ancient Tea Set"},{"floor":26.0,"key":"Bird Faced Urn"},{"floor":31.0,"key":"Emotion Chip"}],"event_choices":[{"damage_healed":0.0,"max_hp_gain":0.0,"max_hp_loss":0.0,"gold_gain":0.0,"event_name":"Scrap Ooze","player_choice":"Success","floor":4.0,"gold_loss":0.0,"damage_taken":5.0,"relics_obtained":["Pantograph"]},{"damage_healed":0.0,"max_hp_gain":0.0,"max_hp_loss":0.0,"gold_gain":0.0,"event_name":"Match and Keep!","player_choice":"2 cards matched","floor":7.0,"gold_loss":0.0,"damage_taken":0.0,"cards_obtained":["Hyperbeam","Ball Lightning"]},{"damage_healed":0.0,"max_hp_gain":0.0,"max_hp_loss":0.0,"gold_gain":0.0,"event_name":"Match and Keep!","player_choice":"0 cards matched","floor":20.0,"gold_loss":0.0,"damage_taken":0.0,"cards_obtained":[]},{"damage_healed":0.0,"max_hp_gain":0.0,"max_hp_loss":0.0,"gold_gain":999.0,"event_name":"MindBloom","player_choice":"Gold","floor":36.0,"gold_loss":0.0,"damage_taken":0.0,"cards_obtained":["Normality","Normality"]},{"damage_healed":0,"gold_gain":0,"player_choice":"1 cards matched","damage_taken":0,"max_hp_gain":0,"max_hp_loss":0,"event_name":"Match and Keep!","floor":38,"gold_loss":0,"cards_obtained":["Amplify"]}],"is_beta":false,"boss_relics":[{"not_picked":["Coffee Dripper","Empty Cage"],"picked":"Runic Pyramid"},{"not_picked":["Tiny House","Black Star"],"picked":"Fusion Hammer"}],"items_purged_floors":[19,21],"is_endless":false,"potions_floor_spawned":[3,10,13,22,24,27,33,37,39],"killed_by":"Giant Head","ascension_level":20}