{"gold_per_floor":[112,125,125,138,138,138,171,171,197,218,256,256,256,287,299,437,449,474,486,523,558,570,582],"floor_reached":23,"playtime":1134,"items_purged":[],"score":219,"play_id":"14642f9a-35af-4da7-bfed-49384062921f","local_time":"20190720140122","is_ascension_mode":true,"campfire_choices":[{"floor":6,"key":"RECALL"},{"data":"Dualcast","floor":8,"key":"SMITH"},{"floor":12,"key":"REST"},{"floor":15,"key":"REST"}],"neow_cost":"NONE","seed_source_timestamp":849052816566100,"circlet_count":0,"master_deck":["Strike_B","Strike_B","Strike_B","Strike_B","Defend_B","Defend_B","Defend_B","Zap","Dualcast+1","Force Field","Redo","Injury","Tempest","Steam","Reprogram","Darkness","Conserve Battery","Hello World","Reboot","White Noise","Genetic Algorithm","Hologram","FTL+1","Coolheaded","Rainbow"],"relics":["Cracked Core","Ancient Tea Set","Golden Idol","Potion Belt","Lantern","Pantograph","Regal Pillow","MawBank","Nuclear Battery"],"potions_floor_usage":[7,7,14,23],"damage_taken":[{"damage":2,"enemies":"Small Slimes","floor":1,"turns":3},{"damage":0,"enemies":"2 Louse","floor":2,"turns":3},{"damage":6,"enemies":"Cultist","floor":4,"turns":3},{"damage":32,"enemies":"Gremlin Nob","floor":7,"turns":4},{"damage":6,"enemies":"2 Fungi Beasts","floor":10,"turns":3},{"damage":26,"enemies":"Lagavulin","floor":11,"turns":6},{"damage":16,"enemies":"3 Sentries","floor":14,"turns":6},{"damage":63,"enemies":"Hexaghost","floor":16,"turns":11},{"damage":3,"enemies":"Spheric Guardian","floor":18,"turns":3},{"damage":18,"enemies":"2 Thieves","floor":20,"turns":4},{"damage":31,"enemies":"3 Cultists","floor":21,"turns":5},{"damage":33,"enemies":"Book of Stabbing","floor":23,"turns":5}],"seed_played":"-3416959379150528314","potions_obtained":[{"floor":1,"key":"Fruit Juice"},{"floor":4,"key":"GamblersBrew"},{"floor":11,"key":"Poison Potion"},{"floor":21,"key":"LiquidBronze"}],"is_trial":false,"path_per_floor":["M","M","?","M","?","R","E","R","T","M","E","R","?","E","R","B",null,"M","?","M","M","?","E"],"character_chosen":"DEFECT","items_purchased":[],"campfire_rested":2,"item_purchase_floors":[],"current_hp_per_floor":[73,73,73,67,67,67,40,40,40,34,8,32,25,9,48,10,80,77,77,59,28,28,0],"gold":582,"neow_bonus":"RANDOM_COMMON_RELIC","is_prod":false,"is_daily":false,"chose_seed":false,"campfire_upgraded":1,"win_rate":0,"timestamp":1563649282,"path_taken":["M","M","?","M","?","R","E","R","T","M","E","R","?","E","R","BOSS","M","?","M","?","?","E"],"build_version":"2019-07-17","purchased_purges":0,"victory":false,"max_hp_per_floor":[75,75,75,75,75,75,80,80,80,80,80,80,80,80,80,80,80,80,80,80,80,80,80],"card_choices":[{"not_picked":["Coolheaded","Self Repair"],"picked":"Force Field","floor":1},{"not_picked":["Beam Cell","Barrage"],"picked":"Redo","floor":2},{"not_picked":["Barrage","Doom and Gloom"],"picked":"Tempest","floor":4},{"not_picked":["Rip and Tear","Coolheaded"],"picked":"Reprogram","floor":7},{"not_picked":["Undo","Streamline"],"picked":"Darkness","floor":10},{"not_picked":["Beam Cell","Hologram"],"picked":"Conserve Battery","floor":11},{"not_picked":["BootSequence","Cold Snap"],"picked":"Hello World","floor":14},{"not_picked":["Amplify","Machine Learning"],"picked":"Reboot","floor":16},{"not_picked":["Leap","Skim+1"],"picked":"White Noise","floor":18},{"not_picked":["Gash+1","Redo"],"picked":"FTL+1","floor":20},{"not_picked":["Compile Driver+1","Barrage"],"picked":"Coolheaded","floor":21}],"player_experience":113941,"relics_obtained":[{"floor":7,"key":"Potion Belt"},{"floor":9,"key":"Lantern"},{"floor":11,"key":"Pantograph"},{"floor":14,"key":"MawBank"}],"event_choices":[{"damage_healed":0,"gold_gain":0,"player_choice":"Take Wound","damage_taken":0,"relics_obtained":["Golden Idol"],"max_hp_gain":0,"max_hp_loss":0,"event_name":"Golden Idol","floor":3,"gold_loss":0,"cards_obtained":["Injury"]},{"damage_healed":0,"gold_gain":0,"cards_transformed":["Defend_B"],"player_choice":"Change","damage_taken":0,"max_hp_gain":0,"max_hp_loss":0,"event_name":"Living Wall","floor":5,"gold_loss":0,"cards_obtained":["Steam"]},{"damage_healed":0,"gold_gain":0,"player_choice":"Success","damage_taken":7,"relics_obtained":["Regal Pillow"],"max_hp_gain":0,"max_hp_loss":0,"event_name":"Scrap Ooze","floor":13,"gold_loss":0},{"damage_healed":0,"gold_gain":0,"player_choice":"2 cards matched","damage_taken":0,"max_hp_gain":0,"max_hp_loss":0,"event_name":"Match and Keep!","floor":19,"gold_loss":0,"cards_obtained":["Genetic Algorithm","Hologram"]},{"damage_healed":0,"gold_gain":0,"player_choice":"Read","damage_taken":0,"max_hp_gain":0,"max_hp_loss":0,"event_name":"The Library","floor":22,"gold_loss":0,"cards_obtained":["Rainbow"]}],"is_beta":false,"boss_relics":[{"not_picked":["Fusion Hammer","Ectoplasm"],"picked":"Nuclear Battery"}],"items_purged_floors":[],"is_endless":false,"potions_floor_spawned":[1,4,11,21],"killed_by":"Book of Stabbing","ascension_level":1}