{"gold_per_floor":[109,125,125,144,164,164,183,183,207,237,250,250,266,278,278,383,383,397,397,41,56,69,96,96,96],"floor_reached":25,"playtime":2938,"items_purged":[],"score":227,"play_id":"e8b96b1d-9cac-4601-9d1c-f08dd55e17ae","local_time":"20190630145636","is_ascension_mode":false,"campfire_choices":[{"data":"Flame Barrier","floor":6.0,"key":"SMITH"},{"floor":12.0,"key":"REST"},{"floor":15.0,"key":"REST"},{"floor":24,"key":"REST"}],"neow_cost":"NONE","seed_source_timestamp":0,"circlet_count":0,"master_deck":["Strike_R","Strike_R","Strike_R","Strike_R","Strike_R","Defend_R","Defend_R","Defend_R","Defend_R","Bash","Anger","Whirlwind","Flame Barrier+1","Shrug It Off","Rage","Combust","Armaments","Anger","Body Slam+1","Reaper+1","Fire Breathing","Headbutt","Flame Barrier","Secret Technique","Burning Pact","True Grit","Corruption"],"special_seed":0,"relics":["Mark of Pain","Orichalcum","Potion Belt","Velvet Choker","Whetstone","Bag of Marbles"],"potions_floor_usage":[25,25],"damage_taken":[{"damage":0.0,"enemies":"2 Louse","floor":1.0,"turns":3.0},{"damage":6.0,"enemies":"Cultist","floor":2.0,"turns":3.0},{"damage":8.0,"enemies":"Small Slimes","floor":4.0,"turns":2.0},{"damage":5.0,"enemies":"Looter","floor":5.0,"turns":3.0},{"damage":20.0,"enemies":"Gremlin Gang","floor":7.0,"turns":4.0},{"damage":39.0,"enemies":"Gremlin Nob","floor":10.0,"turns":6.0},{"damage":0.0,"enemies":"Exordium Wildlife","floor":11.0,"turns":3.0},{"damage":2.0,"enemies":"3 Louse","floor":13.0,"turns":3.0},{"damage":11.0,"enemies":"Red Slaver","floor":14.0,"turns":3.0},{"damage":36.0,"enemies":"Hexaghost","floor":16.0,"turns":10.0},{"damage":25.0,"enemies":"Spheric Guardian","floor":18.0,"turns":5.0},{"damage":0.0,"enemies":"3 Byrds","floor":21.0,"turns":3.0},{"damage":15,"enemies":"Snake Plant","floor":22,"turns":3},{"damage":60,"enemies":"Gremlin Leader","floor":23,"turns":7},{"damage":52,"enemies":"Slavers","floor":25,"turns":4}],"seed_played":"-3644581626421858449","potions_obtained":[{"floor":5.0,"key":"FearPotion"},{"floor":7.0,"key":"Swift Potion"},{"floor":8.0,"key":"EssenceOfSteel"},{"floor":10.0,"key":"PowerPotion"},{"floor":13.0,"key":"Dexterity Potion"},{"floor":16.0,"key":"BloodPotion"},{"floor":18.0,"key":"LiquidBronze"}],"is_trial":false,"path_per_floor":["M","M","?","M","M","R","M","?","T","E","M","R","M","M","R","B",null,"M","?","$","M","M","E","R","E"],"character_chosen":"IRONCLAD","items_purchased":["Flame Barrier","Secret Technique","Whetstone"],"campfire_rested":3,"item_purchase_floors":[20,20,20],"current_hp_per_floor":[80,74,74,66,61,61,41,41,41,2,2,26,24,13,37,1,80,55,55,55,63,48,3,27,0],"gold":96,"neow_bonus":"BOSS_RELIC","is_prod":false,"is_daily":false,"chose_seed":false,"campfire_upgraded":1,"win_rate":0.0,"timestamp":1561924596,"path_taken":["M","M","?","M","M","R","M","?","T","E","M","R","M","?","R","BOSS","M","?","$","M","M","E","R","E"],"build_version":"2019-01-23","purchased_purges":0,"victory":false,"max_hp_per_floor":[80,80,80,80,80,80,80,80,80,80,80,80,80,80,80,80,80,80,80,80,80,80,80,80,80],"card_choices":[{"not_picked":["Clothesline","Hemokinesis"],"picked":"Anger","floor":1.0},{"not_picked":["Shrug It Off","Sever Soul"],"picked":"Whirlwind","floor":2.0},{"not_picked":["Sever Soul","Thunderclap"],"picked":"Flame Barrier","floor":4.0},{"not_picked":["Pummel","Thunderclap"],"picked":"Shrug It Off","floor":5.0},{"not_picked":["Shrug It Off","Pommel Strike"],"picked":"Rage","floor":7.0},{"not_picked":["Carnage","Sever Soul"],"picked":"Combust","floor":10.0},{"not_picked":["Flex","Clash"],"picked":"Armaments","floor":11.0},{"not_picked":["Pommel Strike","Warcry"],"picked":"Anger","floor":13.0},{"not_picked":["Rage","Berserk"],"picked":"Body Slam","floor":14.0},{"not_picked":["Demon Form","Juggernaut"],"picked":"Reaper","floor":16.0},{"not_picked":["Armaments+1","Anger+1"],"picked":"Fire Breathing","floor":18.0},{"not_picked":["Clash","Flex"],"picked":"Burning Pact","floor":21},{"not_picked":["Shockwave","Warcry+1"],"picked":"True Grit","floor":22},{"not_picked":["Shrug It Off","Warcry"],"picked":"Corruption","floor":23}],"player_experience":6133,"relics_obtained":[{"floor":9.0,"key":"Orichalcum"},{"floor":10.0,"key":"Potion Belt"},{"floor":23,"key":"Bag of Marbles"}],"event_choices":[{"damage_healed":0.0,"max_hp_gain":0.0,"max_hp_loss":0.0,"gold_gain":0.0,"event_name":"Liars Game","player_choice":"Ignored","floor":3.0,"gold_loss":0.0,"damage_taken":0.0},{"damage_healed":0.0,"max_hp_gain":0.0,"max_hp_loss":0.0,"gold_gain":0.0,"event_name":"Lab","player_choice":"Got Potions","floor":8.0,"gold_loss":0.0,"damage_taken":0.0},{"damage_healed":0.0,"max_hp_gain":0.0,"max_hp_loss":0.0,"gold_gain":0.0,"event_name":"The Library","player_choice":"Read","floor":19.0,"gold_loss":0.0,"damage_taken":0.0,"cards_obtained":["Headbutt"]}],"is_beta":false,"boss_relics":[{"not_picked":["Eternal Feather","Astrolabe"],"picked":"Velvet Choker"}],"items_purged_floors":[],"is_endless":false,"potions_floor_spawned":[5,7,10,13,16,18,21],"killed_by":"Slavers","ascension_level":0}