{"gold_per_floor":[109,109,15,15,27,27,77,77,77,87,102,135,151,162,162,240,240,191,191,208,226,151,151,164,164,211,228,128,140,151,170,170,247,247,266,282,61,81,93,93,107,107,107,132,151,183,183,215,227,239,251,263,275,2,27,27],"floor_reached":57,"playtime":2471,"items_purged":["Strike_R","Strike_R","Strike_R"],"score":3150,"play_id":"e71a2447-1fd1-441a-83e9-4079e2cca689","local_time":"20190628023038","is_ascension_mode":true,"campfire_choices":[{"data":"Entrench","floor":6,"key":"SMITH"},{"data":"PanicButton","floor":8,"key":"SMITH"},{"data":"Second Wind","floor":15,"key":"SMITH"},{"data":"Anger","floor":23,"key":"SMITH"},{"data":"Bash","floor":25,"key":"SMITH"},{"floor":32,"key":"RECALL"},{"data":"Deep Breath","floor":40,"key":"SMITH"},{"data":"Entrench","floor":42,"key":"SMITH"},{"floor":49,"key":"REST"},{"data":"Impervious","floor":53,"key":"SMITH"}],"neow_cost":"","seed_source_timestamp":803069148270500,"circlet_count":0,"master_deck":["Barricade+1","Entrench+1","Defend_R","Defend_R","Defend_R","Defend_R","Bash+1","Strike_R","Strike_R","Second Wind+1","PanicButton+1","Impervious+1","Anger+1","Battle Trance+1","Warcry+1","Deep Breath+1","Entrench+1","Impervious+1"],"relics":["Burning Blood","Lantern","Art of War","Runic Pyramid","Omamori","Philosopher\u0027s Stone","Mummified Hand","PreservedInsect","MawBank","ClockworkSouvenir","Kunai"],"potions_floor_usage":[12,13,16,20,24,39,44,48,56,56],"damage_taken":[{"damage":4,"enemies":"Small Slimes","floor":1,"turns":4},{"damage":13,"enemies":"2 Louse","floor":5,"turns":4},{"damage":23,"enemies":"Cultist","floor":10,"turns":6},{"damage":0,"enemies":"Exordium Wildlife","floor":11,"turns":16},{"damage":47,"enemies":"Gremlin Nob","floor":12,"turns":7},{"damage":20,"enemies":"Gremlin Gang","floor":13,"turns":8},{"damage":0,"enemies":"Exordium Thugs","floor":14,"turns":8},{"damage":0,"enemies":"Hexaghost","floor":16,"turns":32},{"damage":7,"enemies":"2 Thieves","floor":18,"turns":5},{"damage":0,"enemies":"Chosen","floor":20,"turns":7},{"damage":0,"enemies":"Sentry and Sphere","floor":21,"turns":13},{"damage":23,"enemies":"Centurion and Healer","floor":24,"turns":7},{"damage":0,"enemies":"Snecko","floor":27,"turns":12},{"damage":0,"enemies":"Cultist and Chosen","floor":29,"turns":8},{"damage":9,"enemies":"Snake Plant","floor":30,"turns":6},{"damage":0,"enemies":"Shelled Parasite and Fungi","floor":31,"turns":4},{"damage":30,"enemies":"Collector","floor":33,"turns":9},{"damage":7,"enemies":"3 Shapes","floor":35,"turns":8},{"damage":7,"enemies":"3 Darklings","floor":36,"turns":6},{"damage":0,"enemies":"Sphere and 2 Shapes","floor":38,"turns":7},{"damage":27,"enemies":"4 Shapes","floor":39,"turns":5},{"damage":0,"enemies":"Transient","floor":41,"turns":6},{"damage":32,"enemies":"Reptomancer","floor":44,"turns":11},{"damage":0,"enemies":"Sphere and 2 Shapes","floor":45,"turns":6},{"damage":0,"enemies":"Giant Head","floor":46,"turns":9},{"damage":22,"enemies":"Reptomancer","floor":48,"turns":8},{"damage":0,"enemies":"Awakened One","floor":50,"turns":24},{"damage":0,"enemies":"Time Eater","floor":51,"turns":20},{"damage":0,"enemies":"Shield and Spear","floor":55,"turns":17},{"damage":0,"enemies":"The Heart","floor":56,"turns":15}],"seed_played":"-8848689368382191331","potions_obtained":[{"floor":5,"key":"Swift Potion"},{"floor":11,"key":"Regen Potion"},{"floor":14,"key":"GamblersBrew"},{"floor":16,"key":"Poison Potion"},{"floor":20,"key":"Regen Potion"},{"floor":21,"key":"SteroidPotion"},{"floor":27,"key":"FearPotion"},{"floor":33,"key":"SpeedPotion"},{"floor":41,"key":"Poison Potion"},{"floor":46,"key":"Weak Potion"},{"floor":47,"key":"Swift Potion"},{"floor":48,"key":"Poison Potion"}],"is_trial":true,"path_per_floor":["M","?","$","?","M","R","?","R","T","M","M","E","M","M","R","B",null,"M","?","M","M","$","R","M","R","T","M","$","M","M","M","R","B",null,"M","M","$","M","M","R","M","R","T","E","M","E","?","E","R","B","B",null,"R","$","E","B",null],"character_chosen":"IRONCLAD","items_purchased":["PanicButton","Deep Breath","Strength Potion","ClockworkSouvenir"],"campfire_rested":1,"item_purchase_floors":[3,37,54,54],"current_hp_per_floor":[70,70,70,70,63,63,63,63,63,46,52,11,12,18,18,24,62,61,61,67,73,73,73,71,71,71,75,75,75,72,75,75,51,69,68,67,67,73,52,52,58,58,58,32,38,44,44,28,50,56,62,72,72,72,75,75],"gold":27,"neow_bonus":"","is_prod":false,"is_daily":false,"chose_seed":false,"campfire_upgraded":8,"win_rate":0,"timestamp":1561656638,"path_taken":["M","?","$","?","?","R","?","R","T","M","M","E","?","M","R","BOSS","M","?","?","M","$","R","M","R","T","M","$","M","M","M","R","BOSS","M","M","$","M","M","R","M","R","T","E","M","E","?","E","R","BOSS","BOSS","R","$","E","BOSS"],"build_version":"2019-01-23","purchased_purges":3,"victory":true,"max_hp_per_floor":[75,75,75,75,75,75,75,75,75,75,75,75,75,75,75,75,75,75,75,75,75,75,75,75,75,75,75,75,75,75,75,75,75,75,75,75,75,75,75,75,75,75,75,75,75,75,75,75,75,75,75,75,75,75,75,75],"card_choices":[{"not_picked":["Iron Wave","Inflame"],"picked":"Second Wind","floor":1},{"not_picked":["Thunderclap","Dropkick","Flex"],"picked":"SKIP","floor":5},{"not_picked":["Cleave","Perfected Strike"],"picked":"Impervious","floor":10},{"not_picked":["Bloodletting","Flame Barrier","Rage"],"picked":"SKIP","floor":11},{"not_picked":["Blood for Blood","Pummel"],"picked":"Anger","floor":12},{"not_picked":["Cleave","Uppercut","Havoc"],"picked":"SKIP","floor":13},{"not_picked":["Headbutt","Cleave","Blood for Blood"],"picked":"SKIP","floor":14},{"not_picked":["Headbutt","Cleave","Blood for Blood"],"picked":"SKIP","floor":14},{"not_picked":["Sword Boomerang","Headbutt","Cleave"],"picked":"SKIP","floor":18},{"not_picked":["Dropkick","Body Slam"],"picked":"Battle Trance+1","floor":20},{"not_picked":["Thunderclap","Pommel Strike","Flame Barrier"],"picked":"SKIP","floor":21},{"not_picked":["Dual Wield","Perfected Strike","Pommel Strike"],"picked":"SKIP","floor":24},{"not_picked":["Twin Strike","Armaments","Dropkick"],"picked":"SKIP","floor":27},{"not_picked":["Wild Strike","Shrug It Off","Twin Strike"],"picked":"SKIP","floor":29},{"not_picked":["Cleave","Limit Break","Anger"],"picked":"SKIP","floor":30},{"not_picked":["Shrug It Off","Thunderclap","Wild Strike"],"picked":"SKIP","floor":31},{"not_picked":["Shrug It Off","Pommel Strike","Feel No Pain"],"picked":"SKIP","floor":35},{"not_picked":["Carnage","Pommel Strike","Warcry+1"],"picked":"SKIP","floor":36},{"not_picked":["Carnage","Pommel Strike"],"picked":"Warcry+1","floor":36},{"not_picked":["Iron Wave","Anger+1","Metallicize"],"picked":"SKIP","floor":38},{"not_picked":["Cleave+1","Metallicize","Havoc"],"picked":"SKIP","floor":39},{"not_picked":["Shrug It Off","Spot Weakness"],"picked":"Entrench","floor":41},{"not_picked":["Whirlwind+1","Burning Pact","Impervious"],"picked":"SKIP","floor":44},{"not_picked":["Whirlwind+1","Burning Pact"],"picked":"Impervious","floor":44},{"not_picked":["Intimidate","Power Through","Pummel"],"picked":"SKIP","floor":45},{"not_picked":["Pummel","Fire Breathing","Iron Wave"],"picked":"SKIP","floor":46},{"not_picked":["Uppercut","Ghostly Armor","Corruption"],"picked":"SKIP","floor":48},{"not_picked":["Exhume","Burning Pact","Blood for Blood"],"picked":"SKIP","floor":55}],"player_experience":5514322,"relics_obtained":[{"floor":9,"key":"Lantern"},{"floor":12,"key":"Art of War"},{"floor":26,"key":"Omamori"},{"floor":44,"key":"Mummified Hand"},{"floor":46,"key":"PreservedInsect"},{"floor":48,"key":"MawBank"},{"floor":55,"key":"Kunai"}],"event_choices":[{"damage_healed":0,"gold_gain":0,"player_choice":"Ignored","damage_taken":0,"max_hp_gain":0,"max_hp_loss":0,"event_name":"Liars Game","floor":2,"gold_loss":0},{"damage_healed":0,"gold_gain":0,"player_choice":"Forge","damage_taken":0,"max_hp_gain":0,"max_hp_loss":0,"event_name":"Accursed Blacksmith","floor":4,"gold_loss":0,"cards_upgraded":["Barricade"]},{"damage_healed":0,"gold_gain":50,"player_choice":"Pray","damage_taken":0,"max_hp_gain":0,"max_hp_loss":0,"event_name":"Golden Shrine","floor":7,"gold_loss":0},{"damage_healed":0,"gold_gain":0,"player_choice":"Upgraded","damage_taken":0,"max_hp_gain":0,"max_hp_loss":0,"event_name":"Upgrade Shrine","floor":19,"gold_loss":0,"cards_upgraded":["Impervious"]},{"damage_healed":0,"gold_gain":0,"player_choice":"Got Potions","damage_taken":0,"max_hp_gain":0,"max_hp_loss":0,"event_name":"Lab","floor":47,"gold_loss":0}],"is_beta":false,"boss_relics":[{"not_picked":["Cursed Key","White Beast Statue"],"picked":"Runic Pyramid"},{"not_picked":["Mark of Pain","Black Blood"],"picked":"Philosopher\u0027s Stone"}],"items_purged_floors":[22,28,37],"is_endless":false,"potions_floor_spawned":[5,11,14,16,20,21,27,33,35,38,41,46,48,55],"ascension_level":20}