{"gold_per_floor":[119,136,136,151,163,163,58,58,58,58,88,88,88,117,117,117],"floor_reached":16,"playtime":262,"items_purged":["Strike_B"],"score":216,"play_id":"b639bf59-9386-4c47-a179-1c635bdbc131","local_time":"20190626013602","is_ascension_mode":true,"campfire_choices":[{"data":"Beam Cell","floor":6,"key":"SMITH"},{"data":"Sunder","floor":8,"key":"SMITH"},{"data":"Defragment","floor":13,"key":"SMITH"},{"data":"Coolheaded","floor":15,"key":"SMITH"}],"neow_cost":"NONE","seed_source_timestamp":629972050813800,"circlet_count":0,"master_deck":["AscendersBane","Strike_B","Strike_B","Strike_B","Defend_B","Defend_B+1","Defend_B","Defend_B","Zap+1","Dualcast","Cold Snap","Beam Cell+1","Coolheaded+1","Sunder+1","Sweeping Beam","Defragment+1"],"relics":["Cracked Core","NeowsBlessing","Letter Opener","Matryoshka","Singing Bowl"],"potions_floor_usage":[2,14],"damage_taken":[{"damage":0,"enemies":"Small Slimes","floor":1,"turns":1},{"damage":0,"enemies":"Jaw Worm","floor":2,"turns":1},{"damage":0,"enemies":"2 Louse","floor":4,"turns":1},{"damage":13,"enemies":"Blue Slaver","floor":5,"turns":3},{"damage":4,"enemies":"Lagavulin","floor":11,"turns":8},{"damage":2,"enemies":"Gremlin Nob","floor":14,"turns":3},{"damage":34,"enemies":"Hexaghost","floor":16,"turns":11}],"seed_played":"-148079667028118768","potions_obtained":[{"floor":2,"key":"Fruit Juice"},{"floor":11,"key":"SkillPotion"},{"floor":14,"key":"Explosive Potion"}],"is_trial":false,"path_per_floor":["M","M","?","M","M","R","$","R","T","?","E","?","R","E","R","B"],"character_chosen":"DEFECT","items_purchased":["Sweeping Beam"],"campfire_rested":0,"item_purchase_floors":[7],"current_hp_per_floor":[64,69,46,46,33,33,33,33,33,33,29,34,34,34,34,0],"gold":117,"neow_bonus":"THREE_ENEMY_KILL","is_prod":false,"is_daily":false,"chose_seed":false,"campfire_upgraded":4,"win_rate":0,"timestamp":1561480562,"path_taken":["M","M","?","M","M","R","$","R","T","?","E","?","R","E","R","BOSS"],"build_version":"2019-01-23","purchased_purges":1,"victory":false,"max_hp_per_floor":[71,76,76,76,76,76,76,76,76,76,76,81,81,83,83,83],"card_choices":[{"not_picked":["Hologram","Gash"],"picked":"Cold Snap","floor":1},{"not_picked":["Hologram","Loop"],"picked":"Beam Cell","floor":2},{"not_picked":["Rebound","Steam"],"picked":"Coolheaded","floor":4},{"not_picked":["Sweeping Beam","Coolheaded"],"picked":"Sunder","floor":5},{"not_picked":["Leap","Steam"],"picked":"Defragment","floor":11},{"not_picked":["Go for the Eyes","Rip and Tear","Hyperbeam"],"picked":"Singing Bowl","floor":14}],"player_experience":5491579,"relics_obtained":[{"floor":9,"key":"Letter Opener"},{"floor":11,"key":"Matryoshka"},{"floor":14,"key":"Singing Bowl"}],"event_choices":[{"damage_healed":0,"gold_gain":0,"player_choice":"Entered Light","damage_taken":23,"max_hp_gain":0,"max_hp_loss":0,"event_name":"Shining Light","floor":3,"gold_loss":0,"cards_upgraded":["Zap","Defend_B"]},{"damage_healed":0,"gold_gain":0,"player_choice":"Ignored","damage_taken":0,"max_hp_gain":0,"max_hp_loss":0,"event_name":"Liars Game","floor":10,"gold_loss":0},{"damage_healed":0,"gold_gain":0,"player_choice":"Donut","damage_taken":0,"max_hp_gain":5,"max_hp_loss":0,"event_name":"Big Fish","floor":12,"gold_loss":0}],"is_beta":false,"boss_relics":[],"items_purged_floors":[7],"is_endless":false,"potions_floor_spawned":[2,11,14],"killed_by":"Hexaghost","ascension_level":20}