{"gold_per_floor":[18,32,44,60,73,73,103,103,130,165,165,197,259,184,184,262,262,279,299,299,348,308,333,333,351,378,411,423,423,473,53,53,126,126,145,145,158,158,28,28,63,74,148,162,172,204,204,79,79,79,79,79,79,25,53,53],"floor_reached":57,"playtime":1973,"items_purged":["Strike_R","Strike_R","Strike_R"],"score":2761,"play_id":"73d792cf-7cc9-4217-b328-1548aa9bb10c","local_time":"20190328014818","is_ascension_mode":true,"campfire_choices":[{"data":"Perfected Strike","floor":6,"key":"SMITH"},{"floor":8,"key":"REST"},{"data":"Bash","floor":11,"key":"SMITH"},{"data":"Demon Form","floor":15,"key":"SMITH"},{"data":"Corruption","floor":24,"key":"SMITH"},{"floor":29,"key":"REST"},{"data":"Evolve","floor":32,"key":"SMITH"},{"floor":40,"key":"RECALL"},{"floor":49,"key":"REST"},{"floor":53,"key":"REST"}],"neow_cost":"NO_GOLD","seed_source_timestamp":1215186174663600,"circlet_count":0,"master_deck":["AscendersBane","Strike_R","Defend_R","Defend_R","Defend_R","Defend_R","Bash+1","Perfected Strike+1","Cleave","Sword Boomerang","Double Tap","Seeing Red","Evolve+1","Demon Form+1","Shrug It Off","Shrug It Off","Corruption+1","Shrug It Off","Power Through","Reaper","Barricade","Pummel","Violence","Chrysalis","Shrug It Off","Demon Form+1","Armaments","Shockwave","Shockwave"],"relics":["Burning Blood","Bronze Scales","Art of War","Centennial Puzzle","Ancient Tea Set","Boot","Velvet Choker","Oddly Smooth Stone","Ornamental Fan","Bag of Marbles","Blood Vial","Pantograph","Fusion Hammer","Dead Branch","Letter Opener","Self Forming Clay"],"potions_floor_usage":[7,16,18,25,33,42,50,56,56],"damage_taken":[{"damage":12,"enemies":"Cultist","floor":1,"turns":4},{"damage":4,"enemies":"Small Slimes","floor":2,"turns":4},{"damage":7,"enemies":"Jaw Worm","floor":3,"turns":3},{"damage":16,"enemies":"2 Fungi Beasts","floor":4,"turns":3},{"damage":24,"enemies":"Gremlin Gang","floor":5,"turns":4},{"damage":30,"enemies":"3 Sentries","floor":7,"turns":6},{"damage":25,"enemies":"Lagavulin","floor":10,"turns":7},{"damage":8,"enemies":"Gremlin Nob","floor":12,"turns":3},{"damage":8,"enemies":"Gremlin Nob","floor":13,"turns":3},{"damage":20,"enemies":"Hexaghost","floor":16,"turns":6},{"damage":28,"enemies":"3 Byrds","floor":18,"turns":3},{"damage":29,"enemies":"2 Thieves","floor":19,"turns":4},{"damage":12,"enemies":"Gremlin Leader","floor":23,"turns":5},{"damage":20,"enemies":"Cultist and Chosen","floor":25,"turns":3},{"damage":19,"enemies":"Book of Stabbing","floor":27,"turns":4},{"damage":17,"enemies":"Centurion and Healer","floor":28,"turns":3},{"damage":3,"enemies":"Collector","floor":33,"turns":6},{"damage":13,"enemies":"3 Darklings","floor":35,"turns":2},{"damage":7,"enemies":"Orb Walker","floor":37,"turns":2},{"damage":4,"enemies":"Giant Head","floor":41,"turns":6},{"damage":64,"enemies":"Transient","floor":42,"turns":6},{"damage":17,"enemies":"3 Darklings","floor":44,"turns":2},{"damage":4,"enemies":"4 Shapes","floor":45,"turns":9},{"damage":24,"enemies":"Nemesis","floor":46,"turns":5},{"damage":79,"enemies":"Awakened One","floor":50,"turns":9},{"damage":81,"enemies":"Donu and Deca","floor":51,"turns":10},{"damage":22,"enemies":"Shield and Spear","floor":55,"turns":7},{"damage":65,"enemies":"The Heart","floor":56,"turns":8}],"seed_played":"2007951303444119771","potions_obtained":[{"floor":2,"key":"FairyPotion"},{"floor":3,"key":"Weak Potion"},{"floor":5,"key":"AttackPotion"},{"floor":10,"key":"PowerPotion"},{"floor":16,"key":"BloodPotion"},{"floor":22,"key":"FairyPotion"},{"floor":23,"key":"Regen Potion"},{"floor":27,"key":"GamblersBrew"},{"floor":28,"key":"Fire Potion"},{"floor":33,"key":"Swift Potion"},{"floor":44,"key":"LiquidBronze"},{"floor":45,"key":"SpeedPotion"},{"floor":55,"key":"Swift Potion"}],"is_trial":false,"path_per_floor":["M","M","M","M","M","R","E","R","T","E","R","E","?","?","R","B",null,"M","M","?","T","?","E","R","M","T","E","M","R","?","$","R","B",null,"M","?","M","?","$","R","E","M","T","M","M","E","?","$","R","B","B",null,"R","$","E","B",null],"character_chosen":"IRONCLAD","items_purchased":["Reaper","Pantograph","Armaments","SpeedPotion"],"campfire_rested":4,"item_purchase_floors":[31,31,39,54],"current_hp_per_floor":[76,78,77,67,49,49,25,51,51,32,32,30,28,28,28,14,70,56,33,33,33,33,27,27,22,22,9,14,40,40,40,40,70,84,89,79,85,85,85,85,89,85,85,76,89,71,71,71,89,89,79,87,89,89,89,89],"gold":53,"neow_bonus":"TWENTY_PERCENT_HP_BONUS","is_prod":false,"is_daily":false,"chose_seed":false,"campfire_upgraded":5,"win_rate":0,"timestamp":1553705298,"path_taken":["M","M","M","M","M","R","E","R","T","E","R","E","?","?","R","BOSS","M","M","?","?","?","E","R","?","T","E","M","R","?","?","R","BOSS","M","?","M","?","$","R","E","M","T","M","?","E","?","?","R","BOSS","BOSS","R","$","E","BOSS"],"build_version":"2019-01-23","purchased_purges":3,"victory":true,"max_hp_per_floor":[89,89,89,89,89,89,89,89,89,89,89,89,89,89,89,89,89,89,89,89,89,89,89,89,89,89,89,89,89,89,89,89,89,89,89,89,89,89,89,89,89,89,89,89,89,89,89,89,89,89,89,89,89,89,89,89],"card_choices":[{"not_picked":["Anger","Cleave"],"picked":"Perfected Strike","floor":1},{"not_picked":["Clothesline","Sword Boomerang"],"picked":"Cleave","floor":2},{"not_picked":["Rampage","Pommel Strike"],"picked":"Sword Boomerang","floor":3},{"not_picked":["Warcry","Clothesline","Headbutt"],"picked":"SKIP","floor":4},{"not_picked":["Twin Strike","Clash"],"picked":"Double Tap","floor":5},{"not_picked":["Entrench","Sword Boomerang"],"picked":"Seeing Red","floor":7},{"not_picked":["Cleave","Reckless Charge","Iron Wave"],"picked":"SKIP","floor":10},{"not_picked":["Burning Pact","Combust"],"picked":"Evolve","floor":12},{"not_picked":["Body Slam","Cleave"],"picked":"Demon Form","floor":13},{"not_picked":["Limit Break","Barricade"],"picked":"Immolate","floor":16},{"not_picked":["Second Wind","Fire Breathing"],"picked":"Shrug It Off","floor":18},{"not_picked":["Body Slam","Sentinel"],"picked":"Shrug It Off","floor":19},{"not_picked":["True Grit","Blood for Blood","Rage"],"picked":"SKIP","floor":23},{"not_picked":["Rupture","Seeing Red","Cleave"],"picked":"SKIP","floor":25},{"not_picked":["Burning Pact","Havoc"],"picked":"Shrug It Off","floor":27},{"not_picked":["Clash","Brutality"],"picked":"Power Through","floor":28},{"not_picked":["Impervious","Juggernaut"],"picked":"Barricade","floor":33},{"not_picked":["Iron Wave+1","Anger"],"picked":"Pummel","floor":35},{"not_picked":["Discovery","Mind Blast"],"picked":"Violence","floor":36},{"not_picked":["Magnetism","Purity"],"picked":"Chrysalis","floor":36},{"not_picked":["Body Slam","Sword Boomerang"],"picked":"Shrug It Off","floor":37},{"not_picked":["Combust","Metallicize","Reckless Charge"],"picked":"SKIP","floor":41},{"not_picked":["Armaments","Heavy Blade"],"picked":"Shockwave","floor":42},{"not_picked":["Shrug It Off","Cleave","Clothesline"],"picked":"SKIP","floor":44},{"not_picked":["Entrench","Armaments","Demon Form"],"picked":"SKIP","floor":45},{"not_picked":["Warcry","Heavy Blade","Rampage+1"],"picked":"SKIP","floor":46},{"not_picked":["Headbutt+1","Fire Breathing"],"picked":"Shockwave","floor":55}],"player_experience":4643242,"relics_obtained":[{"floor":7,"key":"Bronze Scales"},{"floor":9,"key":"Art of War"},{"floor":10,"key":"Centennial Puzzle"},{"floor":12,"key":"Ancient Tea Set"},{"floor":13,"key":"Boot"},{"floor":21,"key":"Oddly Smooth Stone"},{"floor":23,"key":"Ornamental Fan"},{"floor":26,"key":"Bag of Marbles"},{"floor":27,"key":"Blood Vial"},{"floor":41,"key":"Dead Branch"},{"floor":46,"key":"Letter Opener"},{"floor":55,"key":"Self Forming Clay"}],"event_choices":[{"damage_healed":0,"gold_gain":30,"player_choice":"Searched \u00272\u0027 times","damage_taken":0,"max_hp_gain":0,"max_hp_loss":0,"event_name":"Dead Adventurer","floor":13,"gold_loss":0},{"cards_removed":["Strike_R"],"damage_healed":0,"gold_gain":0,"player_choice":"Card Removal","damage_taken":0,"max_hp_gain":0,"max_hp_loss":0,"event_name":"The Cleric","floor":14,"gold_loss":75},{"damage_healed":0,"gold_gain":0,"player_choice":"Read","damage_taken":0,"max_hp_gain":0,"max_hp_loss":0,"event_name":"The Library","floor":20,"gold_loss":0,"cards_obtained":["Corruption"]},{"damage_healed":0,"gold_gain":0,"player_choice":"Bought 3 Potions","damage_taken":0,"max_hp_gain":0,"max_hp_loss":0,"event_name":"The Woman in Blue","floor":22,"gold_loss":0},{"damage_healed":0,"gold_gain":50,"player_choice":"Stole From Cult","damage_taken":0,"max_hp_gain":0,"max_hp_loss":0,"event_name":"Nest","floor":30,"gold_loss":0},{"damage_healed":0,"gold_gain":0,"player_choice":"Memory 3","damage_taken":10,"max_hp_gain":0,"max_hp_loss":0,"event_name":"SensoryStone","floor":36,"gold_loss":0},{"damage_healed":0,"gold_gain":0,"player_choice":"Copied","damage_taken":0,"max_hp_gain":0,"max_hp_loss":0,"event_name":"Duplicator","floor":38,"gold_loss":0,"cards_obtained":["Demon Form"]},{"cards_removed":["Immolate"],"damage_healed":0,"gold_gain":0,"player_choice":"Removed Attack","damage_taken":0,"max_hp_gain":0,"max_hp_loss":0,"event_name":"Falling","floor":47,"gold_loss":0}],"is_beta":false,"boss_relics":[{"not_picked":["Empty Cage","Tiny House"],"picked":"Velvet Choker"},{"not_picked":["Calling Bell","Busted Crown"],"picked":"Fusion Hammer"}],"items_purged_floors":[31,39,48],"is_endless":false,"potions_floor_spawned":[2,3,4,5,10,16,23,27,28,33,35,44,45,55],"ascension_level":20}