{"gold_per_floor":[117,117,292,292,292,292,306,344,367,367,6,25,69,84,84,205,205,230,155,7,7,26,64,64,108,108,108,108,121,142,173,173,299,299,320,100,158,158,7,7,45,57,69,81,0,12,58,70,82,94],"floor_reached":51,"playtime":3009,"items_purged":["Doubt","Strike_B","Zap"],"score":1143,"play_id":"6f2f2322-e71f-480c-b069-b599fcdb1d9f","local_time":"20190721152924","is_ascension_mode":true,"campfire_choices":[{"data":"Chaos","floor":6,"key":"SMITH"},{"floor":10,"key":"REST"},{"data":"Capacitor","floor":15,"key":"SMITH"},{"floor":24,"key":"REST"},{"floor":27,"key":"REST"},{"floor":32,"key":"REST"},{"floor":40,"key":"REST"},{"data":"Defragment","floor":42,"key":"SMITH"},{"data":"Defragment","floor":44,"key":"SMITH"},{"data":"Capacitor","floor":49,"key":"SMITH"}],"neow_cost":"TEN_PERCENT_HP_LOSS","seed_source_timestamp":2962589252500,"circlet_count":0,"master_deck":["Dualcast","Chaos+1","Lockon","Glacier","Sweeping Beam+1","Go for the Eyes+1","Panacea","Genetic Algorithm","Capacitor+1","Barrage+1","Electrodynamics","Reinforced Body","Steam","Necronomicurse","Ball Lightning+1","Defragment+1","Bite+1","Bite+1","Bite+1","Bite+1","Bite+1","Compile Driver+1","Blizzard+1","Glacier","Core Surge+1","Defragment+1","Steam","Static Discharge","Scrape+1","Glacier+1","Capacitor+1","Self Repair","Barrage+1","Ball Lightning+1"],"relics":["Cracked Core","Molten Egg 2","Golden Idol","Pantograph","PreservedInsect","ClockworkSouvenir","Juzu Bracelet","Nuclear Battery","Necronomicon","Omamori","Dream Catcher","Incense Burner","Meat on the Bone","Pandora\u0027s Box","DataDisk","Prayer Wheel","MawBank","Gremlin Horn","Red Mask","Frozen Egg 2"],"potions_floor_usage":[22,25,41,50],"damage_taken":[{"damage":0,"enemies":"2 Louse","floor":1,"turns":4},{"damage":7,"enemies":"Jaw Worm","floor":7,"turns":2},{"damage":11,"enemies":"Lagavulin","floor":8,"turns":8},{"damage":2,"enemies":"Small Slimes","floor":12,"turns":3},{"damage":0,"enemies":"Gremlin Nob","floor":13,"turns":2},{"damage":6,"enemies":"Red Slaver","floor":14,"turns":2},{"damage":6,"enemies":"The Guardian","floor":16,"turns":9},{"damage":31,"enemies":"2 Thieves","floor":18,"turns":4},{"damage":2,"enemies":"Shell Parasite","floor":22,"turns":5},{"damage":6,"enemies":"Book of Stabbing","floor":23,"turns":5},{"damage":20,"enemies":"Slavers","floor":25,"turns":5},{"damage":3,"enemies":"Cultist and Chosen","floor":29,"turns":7},{"damage":12,"enemies":"Centurion and Healer","floor":30,"turns":9},{"damage":46,"enemies":"Book of Stabbing","floor":31,"turns":6},{"damage":63,"enemies":"Champ","floor":33,"turns":17},{"damage":8,"enemies":"Orb Walker","floor":35,"turns":4},{"damage":22,"enemies":"2 Orb Walkers","floor":37,"turns":7},{"damage":16,"enemies":"Reptomancer","floor":41,"turns":7},{"damage":29,"enemies":"Nemesis","floor":47,"turns":13},{"damage":28,"enemies":"Time Eater","floor":50,"turns":15}],"seed_played":"3365572767179910771","potions_obtained":[{"floor":8,"key":"SkillPotion"},{"floor":13,"key":"SmokeBomb"},{"floor":14,"key":"Explosive Potion"},{"floor":16,"key":"Regen Potion"},{"floor":25,"key":"SpeedPotion"},{"floor":33,"key":"Explosive Potion"},{"floor":47,"key":"Dexterity Potion"}],"is_trial":false,"path_per_floor":["M","?","?","?","?","R","M","E","T","R","$","M","E","M","R","B",null,"M","?","$","?","M","E","R","E","T","R","?","M","M","E","R","B",null,"M","$","?","?","$","R","E","R","T","R","?","?","E","?","R","B",null],"character_chosen":"DEFECT","items_purchased":["ClockworkSouvenir","Panacea","Steam","DataDisk","Capacitor","Barrage+1"],"campfire_rested":5,"item_purchase_floors":[11,11,20,36,36,39],"current_hp_per_floor":[68,50,50,50,50,50,43,32,32,50,50,48,48,42,42,57,62,31,31,31,15,27,21,39,19,19,37,37,44,44,1,14,24,39,40,40,27,27,27,39,42,42,42,42,42,42,42,42,42,41],"gold":106,"neow_bonus":"TRANSFORM_TWO_CARDS","is_prod":false,"is_daily":false,"chose_seed":false,"campfire_upgraded":5,"win_rate":0,"timestamp":1563737364,"path_taken":["M","?","?","?","?","R","M","E","T","R","$","?","E","M","R","BOSS","M","?","$","?","M","E","R","E","T","R","?","M","M","E","R","BOSS","M","$","?","?","?","R","E","R","T","R","?","?","E","?","R","BOSS"],"build_version":"2019-07-17","purchased_purges":3,"victory":true,"max_hp_per_floor":[68,68,68,63,63,63,63,63,63,63,63,63,63,63,63,63,63,63,63,63,63,63,63,63,63,63,63,44,44,44,44,44,44,44,44,44,44,42,42,42,42,42,42,42,42,42,42,42,42,42],"card_choices":[{"not_picked":["Barrage","Hologram"],"picked":"Glacier","floor":1},{"not_picked":["Recycle","Aggregate"],"picked":"Sweeping Beam+1","floor":7},{"not_picked":["Rebound+1","Chaos"],"picked":"Go for the Eyes+1","floor":8},{"not_picked":["Barrage+1","Gash+1"],"picked":"Genetic Algorithm","floor":12},{"not_picked":["Compile Driver+1","Tempest"],"picked":"Capacitor","floor":13},{"not_picked":["Leap","Compile Driver+1"],"picked":"Barrage+1","floor":14},{"not_picked":["Creative AI","Buffer"],"picked":"Electrodynamics","floor":16},{"not_picked":["Steam Power+1","Gash+1"],"picked":"Reinforced Body","floor":18},{"not_picked":["Redo","Rip and Tear+1"],"picked":"Ball Lightning+1","floor":22},{"not_picked":["Storm","Streamline+1","Redo"],"picked":"SKIP","floor":23},{"not_picked":["Go for the Eyes+1","Darkness"],"picked":"Defragment","floor":25},{"not_picked":["Leap","Redo","Rebound+1"],"picked":"SKIP","floor":29},{"not_picked":["Rainbow","Cold Snap+1"],"picked":"Compile Driver+1","floor":30},{"not_picked":["Sweeping Beam+1","Storm"],"picked":"Blizzard+1","floor":31},{"not_picked":["Leap","Static Discharge+1"],"picked":"Glacier","floor":32},{"not_picked":["Multi-Cast","Meteor Strike+1"],"picked":"Core Surge+1","floor":33},{"not_picked":["Compile Driver+1","Steam+1"],"picked":"Glacier+1","floor":35},{"not_picked":["Defragment+1","Barrage+1"],"picked":"Self Repair","floor":37},{"not_picked":["Gash+1","Heatsinks","Redo+1"],"picked":"SKIP","floor":41},{"not_picked":["Hyperbeam+1","Melter+1"],"picked":"Ball Lightning+1","floor":47}],"player_experience":281222,"relics_obtained":[{"floor":8,"key":"Pantograph"},{"floor":9,"key":"PreservedInsect"},{"floor":13,"key":"Juzu Bracelet"},{"floor":21,"key":"Necronomicon"},{"floor":23,"key":"Omamori"},{"floor":25,"key":"Dream Catcher"},{"floor":26,"key":"Incense Burner"},{"floor":31,"key":"Meat on the Bone"},{"floor":37,"key":"Prayer Wheel"},{"floor":41,"key":"MawBank"},{"floor":43,"key":"Gremlin Horn"},{"floor":47,"key":"Frozen Egg 2"}],"event_choices":[{"damage_healed":0,"gold_gain":0,"player_choice":"Success","damage_taken":18,"relics_obtained":["Molten Egg 2"],"max_hp_gain":0,"max_hp_loss":0,"event_name":"Scrap Ooze","floor":2,"gold_loss":0},{"damage_healed":0,"gold_gain":175,"player_choice":"AGREE","damage_taken":0,"max_hp_gain":0,"max_hp_loss":0,"event_name":"Liars Game","floor":3,"gold_loss":0,"cards_obtained":["Doubt"]},{"damage_healed":0,"gold_gain":0,"player_choice":"Lose Max HP","damage_taken":0,"relics_obtained":["Golden Idol"],"max_hp_gain":0,"max_hp_loss":5,"event_name":"Golden Idol","floor":4,"gold_loss":0},{"damage_healed":0,"gold_gain":0,"player_choice":"Ignored","damage_taken":0,"max_hp_gain":0,"max_hp_loss":0,"event_name":"WeMeetAgain","floor":5,"gold_loss":0},{"cards_removed":["Strike_B"],"damage_healed":0,"gold_gain":0,"player_choice":"Gave Gold","damage_taken":0,"max_hp_gain":0,"max_hp_loss":0,"event_name":"Beggar","floor":19,"gold_loss":75},{"damage_healed":0,"gold_gain":0,"player_choice":"Obtained Book","damage_taken":16,"max_hp_gain":0,"max_hp_loss":0,"event_name":"Cursed Tome","floor":21,"gold_loss":0},{"damage_healed":0,"gold_gain":0,"player_choice":"Became a vampire","damage_taken":0,"max_hp_gain":0,"max_hp_loss":19,"event_name":"Vampires","floor":28,"gold_loss":0,"cards_obtained":["Bite","Bite","Bite","Bite","Bite"]},{"damage_healed":0,"gold_gain":0,"player_choice":"Fight","damage_taken":0,"max_hp_gain":0,"max_hp_loss":0,"event_name":"Mysterious Sphere","floor":37,"gold_loss":0},{"damage_healed":0,"gold_gain":0,"player_choice":"Max HP","damage_taken":0,"max_hp_gain":0,"max_hp_loss":2,"event_name":"Winding Halls","floor":38,"gold_loss":0},{"damage_healed":0,"gold_gain":0,"player_choice":"Paid","damage_taken":0,"relics_obtained":["Red Mask"],"max_hp_gain":0,"max_hp_loss":0,"event_name":"Tomb of Lord Red Mask","floor":45,"gold_loss":93},{"damage_healed":0,"gold_gain":0,"player_choice":"Ignored","damage_taken":0,"max_hp_gain":0,"max_hp_loss":0,"event_name":"SecretPortal","floor":46,"gold_loss":0},{"damage_healed":0,"gold_gain":0,"player_choice":"Ignored","damage_taken":0,"max_hp_gain":0,"max_hp_loss":0,"event_name":"The Moai Head","floor":48,"gold_loss":0}],"is_beta":false,"boss_relics":[{"not_picked":["Lizard Tail","Orrery"],"picked":"Nuclear Battery"},{"not_picked":["Tiny House","Runic Dome"],"picked":"Pandora\u0027s Box"}],"items_purged_floors":[11,20,39],"is_endless":false,"potions_floor_spawned":[8,13,14,16,18,25,33,47],"ascension_level":8}