{"gold_per_floor":[111,124,142,217,228,228,242,242,242,242,260,260,278,308,308,380,380,397,425,425,437,449,449,484,484,507,542,554,55,69,79,79,153,153,167,167,87,105,327,655,655,680,680,184,196,225,225,241,241,241,241,241,241,4,37,37],"floor_reached":57,"playtime":2563,"items_purged":["Dodge and Roll","Poisoned Stab","Poisoned Stab"],"score":3043,"play_id":"25a86f0d-d686-4628-ae27-c3600ace48a6","local_time":"20190629012100","is_ascension_mode":true,"campfire_choices":[{"data":"Neutralize","floor":6,"key":"SMITH"},{"data":"Flechettes","floor":8,"key":"SMITH"},{"data":"Cloak And Dagger","floor":10,"key":"SMITH"},{"data":"Dagger Spray","floor":12,"key":"SMITH"},{"data":"Catalyst","floor":15,"key":"SMITH"},{"data":"Cloak And Dagger","floor":23,"key":"SMITH"},{"data":"Cloak And Dagger","floor":25,"key":"SMITH"},{"data":"1","floor":32,"key":"LIFT"},{"data":"Wraith Form v2","floor":47,"key":"SMITH"},{"floor":49,"key":"RECALL"},{"data":"2","floor":53,"key":"LIFT"}],"neow_cost":"","seed_source_timestamp":884323145693000,"circlet_count":0,"master_deck":["Envenom+1","Survivor","Dodge and Roll","Dodge and Roll","Dodge and Roll","Poisoned Stab+1","Poisoned Stab+1","Neutralize+1","Cloak And Dagger+1","Backflip","Dagger Spray+1","Flechettes+1","Catalyst+1","After Image","Cloak And Dagger+1","Cloak And Dagger+1","PiercingWail+1","After Image","Infinite Blades","Blade Dance+1","Escape Plan","Backflip+1","Well Laid Plans","Well Laid Plans","Master of Strategy","Wraith Form v2+1","PiercingWail+1"],"relics":["Ring of the Snake","Kunai","Matryoshka","Ninja Scroll","Coffee Dripper","Red Mask","The Courier","Paper Crane","Girya","Mango","Medical Kit","Orrery","Old Coin","Centennial Puzzle","Happy Flower","Sundial","Whetstone","Ancient Tea Set","Oddly Smooth Stone","Blood Vial"],"potions_floor_usage":[19,30,33,40,42,46,56,56],"damage_taken":[{"damage":0,"enemies":"2 Louse","floor":1,"turns":3},{"damage":1,"enemies":"Jaw Worm","floor":2,"turns":3},{"damage":0,"enemies":"Small Slimes","floor":3,"turns":2},{"damage":0,"enemies":"Looter","floor":5,"turns":4},{"damage":1,"enemies":"2 Fungi Beasts","floor":7,"turns":3},{"damage":2,"enemies":"Blue Slaver","floor":11,"turns":3},{"damage":0,"enemies":"3 Louse","floor":13,"turns":2},{"damage":0,"enemies":"3 Sentries","floor":14,"turns":7},{"damage":4,"enemies":"Hexaghost","floor":16,"turns":5},{"damage":7,"enemies":"2 Thieves","floor":18,"turns":4},{"damage":12,"enemies":"Masked Bandits","floor":19,"turns":5},{"damage":0,"enemies":"Spheric Guardian","floor":21,"turns":5},{"damage":0,"enemies":"Shelled Parasite and Fungi","floor":22,"turns":5},{"damage":8,"enemies":"Book of Stabbing","floor":24,"turns":6},{"damage":0,"enemies":"Gremlin Leader","floor":27,"turns":6},{"damage":0,"enemies":"Snake Plant","floor":28,"turns":5},{"damage":0,"enemies":"3 Cultists","floor":30,"turns":5},{"damage":0,"enemies":"Centurion and Healer","floor":31,"turns":5},{"damage":20,"enemies":"Collector","floor":33,"turns":12},{"damage":0,"enemies":"Orb Walker","floor":35,"turns":3},{"damage":0,"enemies":"3 Shapes","floor":38,"turns":7},{"damage":0,"enemies":"Giant Head","floor":40,"turns":6},{"damage":0,"enemies":"Nemesis","floor":42,"turns":5},{"damage":0,"enemies":"Maw","floor":45,"turns":6},{"damage":0,"enemies":"Reptomancer","floor":46,"turns":6},{"damage":0,"enemies":"Spire Growth","floor":48,"turns":4},{"damage":8,"enemies":"Donu and Deca","floor":50,"turns":9},{"damage":31,"enemies":"Time Eater","floor":51,"turns":16},{"damage":38,"enemies":"Shield and Spear","floor":55,"turns":10},{"damage":12,"enemies":"The Heart","floor":56,"turns":10}],"seed_played":"809631176251081018","potions_obtained":[{"floor":1,"key":"Regen Potion"},{"floor":7,"key":"EssenceOfSteel"},{"floor":18,"key":"Dexterity Potion"},{"floor":19,"key":"Poison Potion"},{"floor":31,"key":"Explosive Potion"},{"floor":33,"key":"FearPotion"},{"floor":40,"key":"Swift Potion"},{"floor":42,"key":"Energy Potion"},{"floor":46,"key":"Fire Potion"}],"is_trial":true,"path_per_floor":["M","M","M","?","M","R","M","R","T","R","M","R","M","E","R","B",null,"M","?","?","M","M","R","E","R","T","E","M","$","M","M","R","B",null,"M","?","$","M","?","E","?","E","T","$","M","E","R","M","R","B","B",null,"R","$","E","B",null],"character_chosen":"THE_SILENT","items_purchased":["Mango","Medical Kit","Well Laid Plans","Well Laid Plans","Master of Strategy","Whetstone","Oddly Smooth Stone","Energy Potion","Ancient Potion"],"campfire_rested":0,"item_purchase_floors":[29,29,44,44,44,44,54,54,54],"current_hp_per_floor":[59,58,58,47,47,47,46,46,46,46,44,44,44,44,44,40,60,53,56,56,56,56,56,48,48,48,48,48,62,62,62,62,42,71,71,71,71,71,71,71,71,71,71,71,71,71,71,71,71,63,32,65,65,65,27,17],"gold":37,"neow_bonus":"","is_prod":false,"is_daily":false,"chose_seed":false,"campfire_upgraded":8,"win_rate":0,"timestamp":1561738860,"path_taken":["M","M","M","?","M","R","M","R","T","R","M","R","M","E","R","BOSS","M","?","?","M","M","R","E","R","T","E","M","$","M","M","R","BOSS","M","?","$","M","?","E","?","E","T","?","M","E","R","M","R","BOSS","BOSS","R","$","E","BOSS"],"build_version":"2019-01-23","purchased_purges":3,"victory":true,"max_hp_per_floor":[66,66,66,66,66,66,66,66,66,66,66,66,66,66,66,66,66,66,66,66,66,66,66,66,66,66,66,66,80,80,80,80,80,80,80,80,80,80,80,80,76,76,76,76,76,76,76,76,76,76,76,76,76,76,76,76],"card_choices":[{"not_picked":["Tactician","Skewer"],"picked":"Cloak And Dagger","floor":1},{"not_picked":["Bouncing Flask","Predator","Distraction"],"picked":"SKIP","floor":2},{"not_picked":["Concentrate","Calculated Gamble"],"picked":"Backflip","floor":3},{"not_picked":["Quick Slash","Dagger Spray","Slice"],"picked":"SKIP","floor":5},{"not_picked":["Quick Slash","Slice"],"picked":"Dagger Spray","floor":5},{"not_picked":["Finisher","Dash"],"picked":"Flechettes","floor":7},{"not_picked":["Riddle With Holes","Deadly Poison","Dagger Throw"],"picked":"SKIP","floor":11},{"not_picked":["Sucker Punch","Eviscerate"],"picked":"Catalyst","floor":13},{"not_picked":["Flechettes","Setup","Expertise"],"picked":"SKIP","floor":14},{"not_picked":["Malaise","Phantasmal Killer"],"picked":"After Image","floor":16},{"not_picked":["Prepared","Outmaneuver","Setup"],"picked":"SKIP","floor":18},{"not_picked":["Dagger Throw","Underhanded Strike"],"picked":"Cloak And Dagger","floor":19},{"not_picked":["Bane","PiercingWail"],"picked":"Cloak And Dagger","floor":21},{"not_picked":["Deadly Poison","Slice"],"picked":"PiercingWail+1","floor":22},{"not_picked":["Bouncing Flask","Envenom"],"picked":"After Image","floor":24},{"not_picked":["Cloak And Dagger","Eviscerate","Poisoned Stab"],"picked":"SKIP","floor":27},{"not_picked":["Concentrate","Deflect","Sucker Punch"],"picked":"SKIP","floor":28},{"not_picked":["Quick Slash","Caltrops","Bouncing Flask"],"picked":"SKIP","floor":30},{"not_picked":["Setup","Dagger Throw","PiercingWail"],"picked":"SKIP","floor":31},{"not_picked":["Noxious Fumes","Eviscerate"],"picked":"Infinite Blades","floor":34},{"not_picked":["Poisoned Stab","Choke"],"picked":"Blade Dance+1","floor":35},{"not_picked":["Sucker Punch+1","PiercingWail"],"picked":"Escape Plan","floor":38},{"not_picked":["Quick Slash","Cloak And Dagger","Distraction+1"],"picked":"SKIP","floor":40},{"not_picked":["Sucker Punch","Glass Knife"],"picked":"Backflip+1","floor":42},{"not_picked":["Blade Dance","Caltrops","Predator"],"picked":"SKIP","floor":45},{"not_picked":["Blade Dance","PiercingWail"],"picked":"Wraith Form v2","floor":46},{"not_picked":["Noxious Fumes","Slice"],"picked":"PiercingWail+1","floor":48},{"not_picked":["Bouncing Flask","Backstab","Heel Hook"],"picked":"SKIP","floor":55}],"player_experience":5520501,"relics_obtained":[{"floor":9,"key":"Matryoshka"},{"floor":14,"key":"Ninja Scroll"},{"floor":19,"key":"Red Mask"},{"floor":24,"key":"The Courier"},{"floor":26,"key":"Paper Crane"},{"floor":27,"key":"Girya"},{"floor":40,"key":"Old Coin"},{"floor":42,"key":"Centennial Puzzle"},{"floor":43,"key":"Happy Flower"},{"floor":43,"key":"Sundial"},{"floor":46,"key":"Ancient Tea Set"},{"floor":55,"key":"Blood Vial"}],"event_choices":[{"damage_healed":0,"gold_gain":75,"player_choice":"Gather Gold","damage_taken":11,"max_hp_gain":0,"max_hp_loss":0,"event_name":"World of Goop","floor":4,"gold_loss":0},{"damage_healed":0,"gold_gain":0,"player_choice":"Fought Bandits","damage_taken":0,"max_hp_gain":0,"max_hp_loss":0,"event_name":"Masked Bandits","floor":19,"gold_loss":0},{"cards_removed":["Poisoned Stab"],"damage_healed":0,"gold_gain":0,"player_choice":"Elegance","damage_taken":0,"max_hp_gain":0,"max_hp_loss":0,"event_name":"Back to Basics","floor":20,"gold_loss":0},{"cards_removed":["Dodge and Roll"],"damage_healed":0,"gold_gain":0,"player_choice":"Removed Skill","damage_taken":0,"max_hp_gain":0,"max_hp_loss":0,"event_name":"Falling","floor":36,"gold_loss":0},{"damage_healed":0,"gold_gain":222,"player_choice":"Wore Mask","damage_taken":0,"max_hp_gain":0,"max_hp_loss":0,"event_name":"Tomb of Lord Red Mask","floor":39,"gold_loss":0},{"damage_healed":0,"gold_gain":0,"player_choice":"Max HP","damage_taken":0,"max_hp_gain":0,"max_hp_loss":4,"event_name":"Winding Halls","floor":41,"gold_loss":0}],"is_beta":false,"boss_relics":[{"not_picked":["White Beast Statue","Sozu"],"picked":"Coffee Dripper"},{"not_picked":["HoveringKite","Runic Dome"],"picked":"Orrery"}],"items_purged_floors":[29,37,44],"is_endless":false,"potions_floor_spawned":[1,7,11,16,18,19,22,28,31,33,38,40,42,46],"ascension_level":20}