{"gold_per_floor":[20,20,33,43,58,58,86,106,156,182,201,234,234,234,234,313,313,330,430,345,360,360,392,392,410,410,22,22,52,66,93,93,164,164,175,187,187,234,334,363,363,398,474,434,449,479,492,506,506,506,506,506,506,102,130,130],"floor_reached":57,"playtime":2751,"items_purged":["Strike_G","Dagger Spray"],"score":3390,"play_id":"ae408a9c-280c-4d83-b609-2669fd659ec2","local_time":"20190508032654","is_ascension_mode":true,"campfire_choices":[{"data":"Bouncing Flask","floor":6,"key":"SMITH"},{"data":"Noxious Fumes","floor":13,"key":"SMITH"},{"data":"Flechettes","floor":15,"key":"SMITH"},{"data":"Wraith Form v2","floor":24,"key":"SMITH"},{"data":"Night Terror","floor":28,"key":"SMITH"},{"data":"Catalyst","floor":32,"key":"SMITH"},{"data":"Well Laid Plans","floor":41,"key":"SMITH"},{"floor":49,"key":"RECALL"},{"data":"Bullet Time","floor":53,"key":"SMITH"}],"neow_cost":"NO_GOLD","seed_source_timestamp":204307754555200,"circlet_count":0,"master_deck":["AscendersBane","Survivor","Neutralize","Finisher","Quick Slash","Flechettes+1","Bouncing Flask+1","Wraith Form v2+1","Deadly Poison+1","Noxious Fumes+1","Dodge and Roll","Die Die Die","Bane+1","PiercingWail","Ghostly","Ghostly","Ghostly","Backflip+1","Night Terror+1","Catalyst+1","Concentrate","Storm of Steel","Storm of Steel","Well Laid Plans+1","Crippling Poison","Bullet Time+1","Skewer","Dash","Reflex","Corpse Explosion","Backflip","Setup","Concentrate"],"special_seed":0,"relics":["Ring of the Snake","Pocketwatch","Lantern","Orichalcum","Bottled Flame","Anchor","Eternal Feather","Dead Branch","Matryoshka","Pantograph","Bottled Lightning","The Courier","StoneCalendar","Snake Skull","Potion Belt","Bag of Preparation","Pandora\u0027s Box","Ginger","FossilizedHelix","Torii","Regal Pillow","Happy Flower","Tough Bandages","Strawberry","Turnip"],"potions_floor_usage":[12,16,19,33,54,56,56],"damage_taken":[{"damage":1.0,"enemies":"Small Slimes","floor":1.0,"turns":5.0},{"damage":0,"enemies":"Cultist","floor":3,"turns":3},{"damage":0,"enemies":"2 Louse","floor":4,"turns":3},{"damage":6,"enemies":"Red Slaver","floor":5,"turns":4},{"damage":8,"enemies":"Gremlin Nob","floor":7,"turns":3},{"damage":0,"enemies":"3 Louse","floor":8,"turns":3},{"damage":14,"enemies":"Lagavulin","floor":10,"turns":6},{"damage":0,"enemies":"Exordium Thugs","floor":11,"turns":3},{"damage":5,"enemies":"Gremlin Nob","floor":12,"turns":4},{"damage":7,"enemies":"The Guardian","floor":16,"turns":7},{"damage":4,"enemies":"2 Thieves","floor":18,"turns":4},{"damage":10,"enemies":"Colosseum Slavers","floor":19,"turns":5},{"damage":9,"enemies":"Colosseum Nobs","floor":19,"turns":5},{"damage":3,"enemies":"3 Byrds","floor":21,"turns":4},{"damage":10,"enemies":"Slavers","floor":23,"turns":7},{"damage":0,"enemies":"Cultist and Chosen","floor":25,"turns":6},{"damage":1,"enemies":"Book of Stabbing","floor":29,"turns":6},{"damage":0,"enemies":"Snake Plant","floor":30,"turns":5},{"damage":0,"enemies":"Slavers","floor":31,"turns":5},{"damage":28,"enemies":"Automaton","floor":33,"turns":5},{"damage":0,"enemies":"Orb Walker","floor":35,"turns":3},{"damage":0,"enemies":"3 Darklings","floor":36,"turns":3},{"damage":0,"enemies":"2 Orb Walkers","floor":38,"turns":4},{"damage":0,"enemies":"Mind Bloom Boss Battle","floor":39,"turns":4},{"damage":0,"enemies":"Giant Head","floor":40,"turns":8},{"damage":0,"enemies":"Reptomancer","floor":42,"turns":8},{"damage":0,"enemies":"4 Shapes","floor":45,"turns":1},{"damage":0,"enemies":"Nemesis","floor":46,"turns":7},{"damage":0,"enemies":"Transient","floor":47,"turns":4},{"damage":0,"enemies":"Jaw Worm Horde","floor":48,"turns":3},{"damage":0,"enemies":"Awakened One","floor":50,"turns":13},{"damage":0,"enemies":"Time Eater","floor":51,"turns":5},{"damage":0,"enemies":"Shield and Spear","floor":55,"turns":6},{"damage":4,"enemies":"The Heart","floor":56,"turns":7}],"seed_played":"8157723627215905936","potions_obtained":[{"floor":1.0,"key":"SpeedPotion"},{"floor":5,"key":"GhostInAJar"},{"floor":10,"key":"Block Potion"},{"floor":11,"key":"GhostInAJar"},{"floor":12,"key":"Regen Potion"},{"floor":23,"key":"Weak Potion"},{"floor":29,"key":"Weak Potion"},{"floor":33,"key":"SkillPotion"},{"floor":36,"key":"GhostInAJar"},{"floor":40,"key":"Dexterity Potion"},{"floor":44,"key":"Swift Potion"},{"floor":44,"key":"SkillPotion"}],"is_trial":false,"path_per_floor":["M","?","M","M","M","R","E","M","T","E","M","E","R","?","R","B",null,"M","?","?","M","?","E","R","M","T","$","R","E","M","E","R","B",null,"M","M","?","?","?","E","R","E","T","?","M","E","M","M","R","B","B",null,"R","$","E","B",null],"character_chosen":"THE_SILENT","items_purchased":["Night Terror","Catalyst","Snake Skull","Strawberry","Fruit Juice","Swift Potion","GamblersBrew"],"campfire_rested":0,"item_purchase_floors":[27,27,27,54,54,54,54],"current_hp_per_floor":[58,58,58,58,52,52,44,44,44,30,30,25,25,25,25,18,54,50,46,46,43,33,23,33,33,33,33,33,32,32,32,33,5,26,26,26,26,26,33,33,33,33,33,33,33,33,33,33,33,33,33,33,33,45,45,41],"gold":130,"neow_bonus":"ONE_RARE_RELIC","is_prod":false,"is_daily":false,"chose_seed":false,"campfire_upgraded":8,"win_rate":0,"timestamp":1557253614,"path_taken":["M","?","M","M","M","R","E","M","T","E","?","E","R","?","R","BOSS","M","?","?","M","?","E","R","?","T","$","R","E","M","E","R","BOSS","M","?","?","?","?","E","R","E","T","?","M","E","M","M","R","BOSS","BOSS","R","$","E","BOSS"],"build_version":"2019-01-23","purchased_purges":2,"victory":true,"max_hp_per_floor":[66,66,66,66,66,66,66,66,66,66,66,66,66,66,66,66,66,66,66,66,66,33,33,33,33,33,33,33,33,33,33,33,33,33,33,33,33,33,33,33,33,33,33,33,33,33,33,33,33,33,33,33,33,45,45,45],"card_choices":[{"not_picked":["Deflect","Cloak And Dagger"],"picked":"Finisher","floor":1.0},{"not_picked":["Infinite Blades","Sucker Punch"],"picked":"Flechettes","floor":3},{"not_picked":["Slice","Sucker Punch"],"picked":"Dagger Spray","floor":4},{"not_picked":["Quick Slash","Backflip"],"picked":"Bouncing Flask","floor":5},{"not_picked":["Backflip","Cloak And Dagger"],"picked":"Wraith Form v2","floor":7},{"not_picked":["Poisoned Stab","Predator"],"picked":"Deadly Poison","floor":8},{"not_picked":["Storm of Steel","Poisoned Stab"],"picked":"Noxious Fumes","floor":10},{"not_picked":["Noxious Fumes","Bane"],"picked":"Dodge and Roll","floor":11},{"not_picked":["Finisher","Glass Knife","Deflect"],"picked":"SKIP","floor":12},{"not_picked":["Glass Knife","Storm of Steel"],"picked":"Die Die Die","floor":16},{"not_picked":["Dodge and Roll","Flechettes+1"],"picked":"Bane+1","floor":18},{"not_picked":["Dagger Spray","Reflex"],"picked":"PiercingWail","floor":19},{"not_picked":["Dodge and Roll","A Thousand Cuts","Quick Slash"],"picked":"SKIP","floor":21},{"not_picked":["Escape Plan","Sucker Punch+1"],"picked":"Backflip+1","floor":23},{"not_picked":["Bane","Deadly Poison","Setup"],"picked":"SKIP","floor":25},{"not_picked":["Tactician","Heel Hook+1"],"picked":"Concentrate","floor":30},{"not_picked":["Blade Dance","Blur","Slice"],"picked":"SKIP","floor":31},{"not_picked":["Phantasmal Killer","Glass Knife"],"picked":"Storm of Steel","floor":33},{"not_picked":["Sucker Punch","Predator","Bane"],"picked":"SKIP","floor":35},{"not_picked":["Slice+1","Prepared","Quick Slash"],"picked":"SKIP","floor":36},{"not_picked":["Underhanded Strike","A Thousand Cuts","Crippling Poison"],"picked":"SKIP","floor":40},{"not_picked":["Concentrate","Predator"],"picked":"Setup","floor":42},{"not_picked":["Concentrate","Leg Sweep","Outmaneuver"],"picked":"SKIP","floor":45},{"not_picked":["Leg Sweep","Outmaneuver"],"picked":"Concentrate","floor":45},{"not_picked":["Accuracy","Blur","Deadly Poison+1"],"picked":"SKIP","floor":46},{"not_picked":["Sucker Punch","Flying Knee","Setup"],"picked":"SKIP","floor":47},{"not_picked":["Outmaneuver","Quick Slash","Backflip"],"picked":"SKIP","floor":48},{"not_picked":["Glass Knife","Caltrops","Bane"],"picked":"SKIP","floor":55}],"player_experience":4946841,"relics_obtained":[{"floor":7,"key":"Lantern"},{"floor":9,"key":"Orichalcum"},{"floor":10,"key":"Bottled Flame"},{"floor":12,"key":"Anchor"},{"floor":19,"key":"Dead Branch"},{"floor":19,"key":"Matryoshka"},{"floor":23,"key":"Bottled Lightning"},{"floor":26,"key":"The Courier"},{"floor":26,"key":"StoneCalendar"},{"floor":29,"key":"Potion Belt"},{"floor":31,"key":"Bag of Preparation"},{"floor":38,"key":"Ginger"},{"floor":39,"key":"FossilizedHelix"},{"floor":40,"key":"Torii"},{"floor":42,"key":"Regal Pillow"},{"floor":43,"key":"Happy Flower"},{"floor":46,"key":"Tough Bandages"},{"floor":55,"key":"Turnip"}],"event_choices":[{"damage_healed":0,"gold_gain":0,"player_choice":"1 cards matched","damage_taken":0,"max_hp_gain":0,"max_hp_loss":0,"event_name":"Match and Keep!","floor":2,"gold_loss":0,"cards_obtained":["Quick Slash"]},{"damage_healed":0,"gold_gain":0,"player_choice":"Upgraded","damage_taken":0,"max_hp_gain":0,"max_hp_loss":0,"event_name":"Upgrade Shrine","floor":14,"gold_loss":0,"cards_upgraded":["Deadly Poison"]},{"damage_healed":0,"gold_gain":0,"player_choice":"Fight","damage_taken":0,"max_hp_gain":0,"max_hp_loss":0,"event_name":"Colosseum","floor":19,"gold_loss":0},{"damage_healed":0,"gold_gain":0,"player_choice":"Fought Nobs","damage_taken":0,"max_hp_gain":0,"max_hp_loss":0,"event_name":"Colosseum","floor":19,"gold_loss":0},{"damage_healed":0,"gold_gain":0,"player_choice":"Obtained Relic","damage_taken":0,"relics_obtained":["Pantograph"],"max_hp_gain":0,"max_hp_loss":0,"event_name":"Addict","floor":20,"gold_loss":85},{"damage_healed":0,"gold_gain":0,"player_choice":"Became a Ghost","damage_taken":0,"max_hp_gain":0,"max_hp_loss":33,"event_name":"Ghosts","floor":22,"gold_loss":0,"cards_obtained":["Ghostly","Ghostly","Ghostly"]},{"damage_healed":0,"gold_gain":0,"player_choice":"Memory 1","damage_taken":0,"max_hp_gain":0,"max_hp_loss":0,"event_name":"SensoryStone","floor":37,"gold_loss":0},{"damage_healed":0,"gold_gain":0,"player_choice":"Fight","damage_taken":0,"max_hp_gain":0,"max_hp_loss":0,"event_name":"Mysterious Sphere","floor":38,"gold_loss":0},{"damage_healed":0,"gold_gain":0,"player_choice":"Fight","damage_taken":0,"max_hp_gain":0,"max_hp_loss":0,"event_name":"MindBloom","floor":39,"gold_loss":0},{"damage_healed":0,"gold_gain":0,"player_choice":"Bought 3 Potions","damage_taken":0,"max_hp_gain":0,"max_hp_loss":0,"event_name":"The Woman in Blue","floor":44,"gold_loss":0}],"is_beta":false,"boss_relics":[{"not_picked":["Busted Crown","Philosopher\u0027s Stone"],"picked":"Eternal Feather"},{"not_picked":["Ring of the Serpent","Sozu"],"picked":"Pandora\u0027s Box"}],"items_purged_floors":[27,54],"is_endless":false,"potions_floor_spawned":[1,5,10,11,12,19,23,29,33,36,40,42,45,48],"ascension_level":20}