{"gold_per_floor":[111,36,54,54,71,71,89,89,89,89,89,102,102,114,114,210,210,220,220,238,253,263,263,293,293,293,54,54,54,54,64,64,161,161,171,171,171,185,202,231,231,107,107,56,56,56,56,71,71,176,176,191,202,302,156,156,156,186,196,196,228,228,254,254,265,265,358,358,368,321,331,24,35,35,85,93,93,143,163,62,93,92,92,177,177,187,197,48,45,53,53,85,85,85,135,154,68,118,126,126,107],"floor_reached":101,"playtime":2643,"items_purged":["Strike_R","Clumsy"],"score":2229,"play_id":"09f09397-4611-46a8-9131-0d421795c4a8","local_time":"20190704144143","is_ascension_mode":true,"campfire_choices":[{"data":"Perfected Strike","floor":8.0,"key":"SMITH"},{"data":"Armaments","floor":23.0,"key":"SMITH"},{"data":"Whirlwind","floor":29,"key":"SMITH"},{"data":"Inflame","floor":32,"key":"SMITH"},{"floor":45,"key":"REST"},{"data":"Panacea","floor":49,"key":"SMITH"},{"data":"Double Tap","floor":57,"key":"SMITH"},{"data":"infinitespire:FinalStrike","floor":62,"key":"SMITH"},{"data":"infinitespire:FinalStrike","floor":64,"key":"SMITH"},{"data":"infinitespire:FinalStrike","floor":66,"key":"SMITH"},{"data":"infinitespire:FinalStrike","floor":74,"key":"SMITH"},{"data":"strawberrySpire:DebrisPile","floor":83,"key":"SMITH"},{"floor":91,"key":"REST"},{"floor":100,"key":"REST"}],"neow_cost":"BASIC_CARDS","seed_source_timestamp":1127416645082588,"circlet_count":0,"master_deck":["Strike_R","Strike_R","Strike_R","Strike_R","Defend_R","Defend_R","Defend_R","Bash","Strike_R","Strike_R","strawberrySpire:ZonePlayer","Wild Strike","conspire:HitWhereItHurts","Perfected Strike+1","hubris:StunningStrike+1","Warcry","strawberrySpire:DebrisPile+1","conspire:HitWhereItHurts","Sever Soul","infinitespire:FinalStrike+1","Abandon","Wild Strike+1","Armaments+1","Whirlwind+1","Necronomicurse","Sword Boomerang","Sword Boomerang","Inflame+1","Double Tap+1","Pommel Strike+1","infinitespire:FinalStrike+1","Flex+1","infinitespire:FinalStrike+1","infinitespire:FinalStrike+1","Twin Strike","strawberrySpire:DebrisPile+1","Sadistic Nature","strawberrySpire:Dropbox","Panacea+1","Offering","strawberrySpire:DraftPunk","Twin Strike","ReplayTheSpireMod:Limb From Limb+1","infinitespire:FinalStrike+1","Feed+1","vexMod:TrainingStrike","Perfected Strike+1","Wild Strike","Twin Strike+1","True Grit+1","Pommel Strike","Dark Embrace+1","infinitespire:FinalStrike","vexMod:TrainingStrike+1","infinitespire:Punishment"],"special_seed":0,"relics":["Burning Blood","Unceasing Top","strawberrySpire:Firefruit","conspire:GiftBox","Mark of Pain","Replay:Mystery Machine","Necronomicon","Gremlin Horn","Lee\u0027s Waffle","strawberrySpire:SolarisEssence","Omamori","conspire:TopHat","Pantograph","hubris:Backtick","Shuriken","Oddly Smooth Stone","Pear","vexMod:BetterTron","Nunchaku","Centennial Puzzle","vexMod:MallPass","Chemical X","ReplayFunnel","strawberrySpire:ShipInABottle","vexMod:RandomRelic","PreservedInsect","Replay:WaspNest","hubris:HollowSoul","ClockworkSouvenir","infinitespire:Broken Mirror","Sundial","MawBank","vexMod:HappyDrink","hubris:EmptyBottle","hubris:KleinBottle"],"potions_floor_usage":[33,33,38,39,39,67,67,69,71,71,76,76,79,79,84,84,87,89,89,99,101,101,101,101,101,101,101],"damage_taken":[{"damage":0.0,"enemies":"2 Louse","floor":1.0,"turns":3.0},{"damage":5.0,"enemies":"Small Slimes","floor":3.0,"turns":4.0},{"damage":9.0,"enemies":"Jaw Worm","floor":5.0,"turns":3.0},{"damage":13.0,"enemies":"Exordium Wildlife","floor":7.0,"turns":2.0},{"damage":0.0,"enemies":"Lots of Slimes","floor":12.0,"turns":1.0},{"damage":0.0,"enemies":"Looter","floor":14.0,"turns":1.0},{"damage":51.0,"enemies":"Hexaghost","floor":16.0,"turns":12.0},{"damage":0.0,"enemies":"Spheric Guardian","floor":18.0,"turns":1.0},{"damage":14.0,"enemies":"Shell Parasite","floor":20.0,"turns":2.0},{"damage":24.0,"enemies":"Snake Plant","floor":21.0,"turns":3.0},{"damage":0.0,"enemies":"Chosen and Byrds","floor":22.0,"turns":4.0},{"damage":24.0,"enemies":"Nightmare","floor":24.0,"turns":7.0},{"damage":0,"enemies":"Sentry and Sphere","floor":31,"turns":2},{"damage":28,"enemies":"Collector","floor":33,"turns":5},{"damage":20,"enemies":"3 Shapes","floor":35,"turns":1},{"damage":0,"enemies":"3 Darklings","floor":38,"turns":2},{"damage":0,"enemies":"Transient","floor":39,"turns":5},{"damage":15,"enemies":"Giant Head","floor":40,"turns":5},{"damage":0,"enemies":"Sphere and 2 Shapes","floor":48,"turns":1},{"damage":42,"enemies":"hubris:GrandSnecko","floor":50,"turns":4},{"damage":0,"enemies":"2 Louse","floor":52,"turns":1},{"damage":0,"enemies":"Small Slimes","floor":53,"turns":1},{"damage":0,"enemies":"Gremlin Nob","floor":58,"turns":1},{"damage":0,"enemies":"Cultist","floor":59,"turns":1},{"damage":0,"enemies":"Lagavulin","floor":61,"turns":1},{"damage":0,"enemies":"Gremlin Nob","floor":63,"turns":1},{"damage":0,"enemies":"Looter","floor":65,"turns":1},{"damage":0,"enemies":"Hexaghost","floor":67,"turns":2},{"damage":16,"enemies":"3 Byrds","floor":69,"turns":2},{"damage":0,"enemies":"Chosen","floor":71,"turns":3},{"damage":0,"enemies":"Snake Plant","floor":73,"turns":1},{"damage":10,"enemies":"Centurion and Healer","floor":76,"turns":2},{"damage":20,"enemies":"Slavers","floor":79,"turns":2},{"damage":0,"enemies":"Gremlin Leader","floor":81,"turns":1},{"damage":15,"enemies":"conspire:MysteriousRune","floor":84,"turns":2},{"damage":32,"enemies":"3 Shapes","floor":86,"turns":1},{"damage":8,"enemies":"Orb Walker","floor":87,"turns":2},{"damage":0,"enemies":"3 Darklings","floor":89,"turns":2},{"damage":38,"enemies":"4 Shapes","floor":90,"turns":2},{"damage":0,"enemies":"Reptomancer","floor":92,"turns":1},{"damage":36,"enemies":"Giant Head","floor":96,"turns":2},{"damage":6,"enemies":"Jaw Worm Horde","floor":99,"turns":1},{"damage":38,"enemies":"conspire:OrnateMirror","floor":101,"turns":3}],"seed_played":"-4537594212263358904","potions_obtained":[{"floor":1.0,"key":"Adrenaline Potion"},{"floor":5.0,"key":"Languid Potion"},{"floor":12.0,"key":"Dexterity Potion"},{"floor":14.0,"key":"PowerPotion"},{"floor":21.0,"key":"LiquidBronze"},{"floor":31,"key":"Adrenaline Potion"},{"floor":33,"key":"SkillPotion"},{"floor":35,"key":"SteroidPotion"},{"floor":38,"key":"Fire Potion"},{"floor":50,"key":"Explosive Potion"},{"floor":53,"key":"Block Potion"},{"floor":67,"key":"SteroidPotion"},{"floor":73,"key":"Weak Potion"},{"floor":84,"key":"Fire Potion"},{"floor":86,"key":"SkillPotion"},{"floor":87,"key":"Strength Potion"},{"floor":96,"key":"conspire:EchoDraught"}],"is_trial":false,"path_per_floor":["M","$","M","?","M","R","M","R","T","?","$","M","?","M","R_BF","B",null,"M","AVR","M","M","M","R","NM","?","T","$","?","R","?","M","R","B",null,"M","AVR","?","M","M","E","?","$","T","$","R","?","T","M","R","B",null,"M","M","?","$","?","R","E","M","T","E","R","E","R","M","R","B",null,"M","$","M","$","M","R","$","M","T","$","E","$","E","$","R","B",null,"M","M","$","M","M","R","E","AVR","T","$","E","$","$","M","R","B"],"character_chosen":"IRONCLAD","items_purchased":["Lee\u0027s Waffle","Sword Boomerang","Twin Strike","strawberrySpire:DebrisPile","Oddly Smooth Stone","vexMod:TrainingStrike","vexMod:BlazePotion","Chemical X","ReplayFunnel","PreservedInsect","Wild Strike","ClockworkSouvenir","vexMod:HappyDrink","hubris:EmptyBottle","hubris:KleinBottle"],"campfire_rested":3,"item_purchase_floors":[27,27,42,44,55,70,70,72,72,80,82,88,97,98,98],"current_hp_per_floor":[80,80,80,80,77,77,70,70,70,70,70,76,80,80,80,35,80,80,80,72,54,60,60,42,26,26,87,87,87,87,87,87,65,87,73,73,73,79,85,76,47,47,47,47,73,63,63,69,69,51,87,87,87,87,87,87,87,97,97,97,97,97,97,97,97,97,97,97,87,87,97,97,97,97,97,93,93,93,83,83,89,89,89,80,97,71,69,69,79,47,77,83,83,83,83,53,55,25,29,61,0],"gold":107,"neow_bonus":"ONE_RARE_RELIC","is_prod":false,"is_daily":false,"chose_seed":false,"campfire_upgraded":11,"win_rate":0,"timestamp":1562247703,"path_taken":["M","$","M","?","M","R","M","R","T","?","$","?","?","M","R_BF","BOSS","M","AVR","M","M","M","R","NM","?","T","?","?","R","?","?","R","BOSS","M","AVR","?","M","M","E","?","$","T","$","R","?","?","M","R","BOSS","M","M","?","$","?","R","E","M","T","E","R","E","R","M","R","BOSS","M","?","M","$","M","R","?","M","T","?","E","?","E","?","R","BOSS","M","M","$","M","M","R","E","AVR","T","?","E","?","?","M","R","BOSS"],"build_version":"2019-07-01","purchased_purges":2,"victory":false,"max_hp_per_floor":[80,80,80,80,80,80,80,80,80,80,80,80,80,80,80,80,80,80,80,80,80,80,80,80,80,80,87,87,87,87,87,87,87,87,87,87,87,87,87,87,87,87,87,87,87,87,87,87,87,87,87,87,87,87,87,87,87,97,97,97,97,97,97,97,97,97,97,97,97,97,97,97,97,97,97,97,97,97,97,97,97,97,97,97,97,97,97,97,101,101,101,101,101,101,101,101,103,105,109,109,109],"card_choices":[{"not_picked":["Havoc","strawberrySpire:DebrisPile"],"picked":"strawberrySpire:ZonePlayer","floor":1.0},{"not_picked":["Infernal Blade","Headbutt"],"picked":"Wild Strike","floor":3.0},{"not_picked":["hubris:ReadiedAction","vexMod:CleverClash"],"picked":"conspire:HitWhereItHurts","floor":5.0},{"not_picked":["Seeing Red","strawberrySpire:Endurance"],"picked":"Perfected Strike","floor":7.0},{"not_picked":["Offering","vexMod:Elimination"],"picked":"hubris:StunningStrike","floor":9.0},{"not_picked":["Havoc","Sword Boomerang"],"picked":"Warcry","floor":12.0},{"not_picked":["Massacre","Evolve"],"picked":"strawberrySpire:DebrisPile","floor":14.0},{"not_picked":["Barricade","Dark Embrace"],"picked":"conspire:HitWhereItHurts","floor":16.0},{"not_picked":["Iron Wave","Entrench"],"picked":"Sever Soul","floor":18.0},{"not_picked":["Disarm","Havoc+1"],"picked":"Abandon","floor":20.0},{"not_picked":["ReplayTheSpireMod:Corrosion Curse+1","Power Through"],"picked":"Wild Strike+1","floor":21.0},{"not_picked":["Anger","Heavy Blade"],"picked":"Armaments","floor":22.0},{"not_picked":["Warcry","Headbutt"],"picked":"Whirlwind","floor":24.0},{"not_picked":["Seeing Red","Cleave"],"picked":"Inflame","floor":31},{"not_picked":["strawberrySpire:Harvest","Demonic Infusion"],"picked":"Double Tap","floor":33},{"not_picked":["strawberrySpire:Taunt+1","Run Through"],"picked":"Pommel Strike+1","floor":35},{"not_picked":["Reckless Charge","infinitespire:OneForAll","Flame Barrier"],"picked":"SKIP","floor":38},{"not_picked":["Warcry+1","strawberrySpire:Endurance","vexMod:CursedStrike+1"],"picked":"SKIP","floor":39},{"not_picked":["Brutality","Thunderclap"],"picked":"Flex+1","floor":40},{"not_picked":["Madness","The Bomb"],"picked":"Sadistic Nature","floor":46},{"not_picked":["Impatience","ReplayTheSpireMod:Trickstab"],"picked":"strawberrySpire:Dropbox","floor":46},{"not_picked":["vexMod:VolumeVengeance","Madness"],"picked":"Panacea","floor":46},{"not_picked":["strawberrySpire:Taunt","Burning Pact","Thunderclap"],"picked":"SKIP","floor":48},{"not_picked":["Replay:Many Hands","Bludgeon"],"picked":"Offering","floor":50},{"not_picked":["Armaments","Iron Wave","Second Wind"],"picked":"SKIP","floor":52},{"not_picked":["Flex","True Grit","Anger"],"picked":"SKIP","floor":53},{"not_picked":["Evolve","strawberrySpire:Aggression"],"picked":"strawberrySpire:DraftPunk","floor":58},{"not_picked":["Havoc","Infernal Blade"],"picked":"Twin Strike","floor":59},{"not_picked":["Armaments","strawberrySpire:GettingOverIt","Fiend Fire"],"picked":"SKIP","floor":61},{"not_picked":["Twin Strike","strawberrySpire:DraftPunk"],"picked":"ReplayTheSpireMod:Limb From Limb","floor":63},{"not_picked":["Cleave","hubris:CleavingFinish","ReplayTheSpireMod:Strike From Hell"],"picked":"SKIP","floor":65},{"not_picked":["infinitespire:NeuralNetwork","ReplayTheSpireMod:Haul"],"picked":"infinitespire:FinalStrike","floor":67},{"not_picked":["Eclipse","vexMod:Taunt"],"picked":"Feed","floor":67},{"not_picked":["Abandon","vexMod:BloodGuard+1","strawberrySpire:FireDrill"],"picked":"SKIP","floor":69},{"not_picked":["Cleave","strawberrySpire:ZonePlayer"],"picked":"Perfected Strike+1","floor":71},{"not_picked":["Warcry+1","Heavy Blade+1","Flex+1"],"picked":"SKIP","floor":73},{"not_picked":["strawberrySpire:Endurance","Uppercut+1","Sword Boomerang"],"picked":"SKIP","floor":76},{"not_picked":["ReplayTheSpireMod:Corrosion Curse+1","Demonic Infusion+1","Clothesline+1"],"picked":"SKIP","floor":79},{"not_picked":["Searing Blow+1","Pummel","Shockwave+1"],"picked":"SKIP","floor":81},{"not_picked":["Rampage+1","Shockwave"],"picked":"Twin Strike+1","floor":86},{"not_picked":["Reckless Charge+1","Anger+1"],"picked":"True Grit+1","floor":87},{"not_picked":["Sword Boomerang+1","Intimidate+1","strawberrySpire:FireDrill+1"],"picked":"SKIP","floor":89},{"not_picked":["Clothesline+1","Headbutt+1"],"picked":"Pommel Strike","floor":90},{"not_picked":["strawberrySpire:CrashLanding","Clothesline"],"picked":"Dark Embrace+1","floor":92},{"not_picked":["Shockwave+1","Armaments+1"],"picked":"vexMod:TrainingStrike+1","floor":96},{"not_picked":["infinitespire:NeuralNetwork","infinitespire:Virus"],"picked":"infinitespire:Punishment","floor":98},{"not_picked":["True Grit+1","vexMod:CrumblingCrash+1","hubris:ReadiedAction+1"],"picked":"SKIP","floor":99}],"player_experience":127898,"relics_obtained":[{"floor":6.0,"key":"strawberrySpire:Firefruit"},{"floor":9.0,"key":"conspire:GiftBox"},{"floor":24.0,"key":"Replay:Mystery Machine"},{"floor":25,"key":"Necronomicon"},{"floor":26,"key":"Gremlin Horn"},{"floor":40,"key":"Omamori"},{"floor":43,"key":"conspire:TopHat"},{"floor":47,"key":"Pantograph"},{"floor":58,"key":"Pear"},{"floor":60,"key":"vexMod:BetterTron"},{"floor":61,"key":"Nunchaku"},{"floor":63,"key":"Centennial Puzzle"},{"floor":77,"key":"strawberrySpire:ShipInABottle"},{"floor":79,"key":"vexMod:RandomRelic"},{"floor":81,"key":"Replay:WaspNest"},{"floor":92,"key":"infinitespire:Broken Mirror"},{"floor":94,"key":"Sundial"},{"floor":96,"key":"MawBank"}],"event_choices":[{"damage_healed":4.0,"max_hp_gain":0.0,"max_hp_loss":0.0,"gold_gain":0.0,"event_name":"Wheel of Change","player_choice":"Full Heal","floor":13.0,"gold_loss":0.0,"damage_taken":0.0},{"damage_healed":0.0,"max_hp_gain":0.0,"max_hp_loss":0.0,"gold_gain":0.0,"event_name":"Accursed Blacksmith","player_choice":"Forge","floor":15.0,"gold_loss":0.0,"damage_taken":0.0,"cards_upgraded":["strawberrySpire:DebrisPile"]},{"damage_healed":0,"gold_gain":0,"player_choice":"Obtained Book","damage_taken":16,"max_hp_gain":0,"max_hp_loss":0,"event_name":"Cursed Tome","floor":25,"gold_loss":0},{"cards_removed":["Defend_R"],"damage_healed":0,"gold_gain":0,"player_choice":"Removed Skill","damage_taken":0,"max_hp_gain":0,"max_hp_loss":0,"event_name":"Falling","floor":37,"gold_loss":0},{"damage_healed":0,"gold_gain":0,"player_choice":"Memory 3","damage_taken":10,"max_hp_gain":0,"max_hp_loss":0,"event_name":"SensoryStone","floor":46,"gold_loss":0}],"is_beta":false,"boss_relics":[{"not_picked":["aspiration:SecretTechniqueScroll","vexMod:MegatonBomb"],"picked":"Mark of Pain"},{"not_picked":["conspire:RunicOctahedron","Abe\u0027s Treasure"],"picked":"strawberrySpire:SolarisEssence"},{"not_picked":["Tiny House","conspire:SeveredTorchhead"],"picked":"hubris:Backtick"},{"not_picked":["conspire:RoyalGoblet","hubris:ScarierMask"],"picked":"vexMod:MallPass"},{"not_picked":["Coffee Dripper","strawberrySpire:RottenAvocado"],"picked":"hubris:HollowSoul"}],"items_purged_floors":[2,42],"is_endless":true,"potions_floor_spawned":[1,5,12,14,21,31,33,35,38,50,53,59,61,67,73,84,86,87,96],"killed_by":"conspire:OrnateMirror","ascension_level":4}