{"gold_per_floor":[726,100,210,321,435,435,76,76,187,303,413,413,1,1,112,229,347,467],"floor_reached":19,"playtime":843,"items_purged":["Strike_G","Strike_G","Defend_G","Defend_G"],"score":5380,"play_id":"2dda7b7d-eb34-4ecb-8d19-344f35ca6ec4","local_time":"20190403010208","daily_mods":["Uncertain Future"],"is_ascension_mode":true,"campfire_choices":[{"data":"Neutralize","floor":8,"key":"SMITH"},{"floor":14,"key":"REST"}],"neow_cost":"","seed_source_timestamp":0,"circlet_count":0,"master_deck":["AscendersBane","Defend_G","Defend_G","Defend_G+1","Strike_G","Strike_G","Strike_G","Survivor+1","Neutralize+1","Poisoned Stab+1","Catalyst+1","Poisoned Stab+1","Dodge and Roll+1","Footwork+1","Tactician+1","Reflex+1","Deflect+1","PiercingWail+1","Noxious Fumes+1","Prepared+1","Well Laid Plans+1","Leg Sweep+1","Terror+1","Acrobatics+1","Expertise+1","Flechettes+1","Footwork+1","Blur+1","Acrobatics+1","Cloak And Dagger+1","Noxious Fumes+1","Caltrops+1","Calculated Gamble+1","Concentrate+1","Footwork+1","Backstab+1"],"relics":["Ring of the Snake","The Courier","Molten Egg 2","Toxic Egg 2","Frozen Egg 2","TwistedFunnel","Membership Card","Bag of Preparation","Boot","Singing Bowl","Eternal Feather","Snake Skull","Vajra","Mummified Hand","Orichalcum","Dream Catcher","Kunai","Fusion Hammer","Anchor","Centennial Puzzle","Pen Nib","War Paint","Blood Vial","StoneCalendar","Gremlin Horn"],"potions_floor_usage":[4,18],"damage_taken":[{"damage":2,"enemies":"Slime Boss","floor":3,"turns":11},{"damage":0,"enemies":"Hexaghost","floor":4,"turns":6},{"damage":0,"enemies":"The Guardian","floor":5,"turns":7},{"damage":15,"enemies":"Automaton","floor":9,"turns":8},{"damage":0,"enemies":"Champ","floor":10,"turns":9},{"damage":8,"enemies":"Collector","floor":11,"turns":6},{"damage":0,"enemies":"Time Eater","floor":15,"turns":9},{"damage":0,"enemies":"Donu and Deca","floor":16,"turns":9},{"damage":10,"enemies":"Awakened One","floor":17,"turns":16},{"damage":0,"enemies":"The Heart","floor":18,"turns":9}],"seed_played":"-3634624875037566483","potions_obtained":[{"floor":9,"key":"GhostInAJar"}],"is_trial":true,"path_per_floor":["$","$","M","M","M","T","$","R","M","M","M","T","$","R","M","M","M","M",null],"character_chosen":"THE_SILENT","items_purchased":["TwistedFunnel","Poisoned Stab+1","Membership Card","Catalyst+1","Poisoned Stab+1","Dodge and Roll+1","Footwork+1","Tactician+1","Reflex+1","Deflect+1","PiercingWail+1","Noxious Fumes+1","Prepared+1","Well Laid Plans+1","Leg Sweep+1","Terror+1","Swift Potion","GhostInAJar","Snake Skull","Expertise+1","Flechettes+1","Vajra","Mummified Hand","Cloak And Dagger+1","Anchor","Centennial Puzzle","Pen Nib","War Paint","Noxious Fumes+1","Caltrops+1"],"campfire_rested":1,"item_purchase_floors":[1,1,2,2,2,2,2,2,2,2,2,2,2,2,2,2,2,2,7,7,7,7,7,13,13,13,13,13,13,13],"current_hp_per_floor":[59,59,57,57,59,59,59,68,53,53,45,45,45,68,68,68,60,62],"gold":467,"neow_bonus":"","is_prod":false,"is_daily":false,"chose_seed":false,"campfire_upgraded":1,"win_rate":0,"timestamp":1554220928,"path_taken":["$","$","M","M","M","T","$","R","M","M","M","T","$","R","M","M","M","M"],"build_version":"2019-01-23","purchased_purges":4,"victory":true,"max_hp_per_floor":[66,66,66,66,68,68,68,68,68,68,68,68,68,68,68,68,70,70],"card_choices":[{"not_picked":["Distraction+1","Dagger Throw+1"],"picked":"Acrobatics+1","floor":3},{"not_picked":["Cloak And Dagger+1","PiercingWail+1","Noxious Fumes+1"],"picked":"SKIP","floor":4},{"not_picked":["Unload+1","Tactician+1","Dagger Spray+1"],"picked":"Singing Bowl","floor":5},{"not_picked":["Dagger Throw+1","Prepared+1"],"picked":"Footwork+1","floor":9},{"not_picked":["Slice+1","Die Die Die+1"],"picked":"Blur+1","floor":10},{"not_picked":["Dagger Spray+1","Bane+1"],"picked":"Acrobatics+1","floor":11},{"not_picked":["Acrobatics+1","Outmaneuver+1"],"picked":"Calculated Gamble+1","floor":14},{"not_picked":["Outmaneuver+1","Acrobatics+1"],"picked":"Concentrate+1","floor":15},{"not_picked":["Slice+1","Dagger Spray+1"],"picked":"Footwork+1","floor":16},{"not_picked":["Glass Knife+1","Blade Dance+1","Slice+1"],"picked":"Singing Bowl","floor":17},{"not_picked":["Deadly Poison+1","Noxious Fumes+1"],"picked":"Backstab+1","floor":18}],"player_experience":4690104,"relics_obtained":[{"floor":3,"key":"Bag of Preparation"},{"floor":4,"key":"Boot"},{"floor":5,"key":"Singing Bowl"},{"floor":9,"key":"Orichalcum"},{"floor":10,"key":"Dream Catcher"},{"floor":11,"key":"Kunai"},{"floor":15,"key":"Blood Vial"},{"floor":17,"key":"StoneCalendar"},{"floor":18,"key":"Gremlin Horn"}],"event_choices":[],"is_beta":false,"boss_relics":[{"not_picked":["WristBlade","Philosopher\u0027s Stone"],"picked":"Eternal Feather"},{"not_picked":["Lizard Tail","Coffee Dripper"],"picked":"Fusion Hammer"}],"items_purged_floors":[1,2,7,13],"is_endless":false,"potions_floor_spawned":[9,11,16],"ascension_level":20}