{"gold_per_floor":[118,138,148,168,168,196,196,211,211,211,227,72,91,105,105,105],"floor_reached":16,"playtime":364,"items_purged":["Strike_R"],"score":212,"play_id":"0783db8a-96f8-49b7-862e-4a66a157c07a","local_time":"20190616001651","is_ascension_mode":true,"campfire_choices":[{"data":"Hemokinesis","floor":7,"key":"SMITH"},{"floor":15,"key":"REST"}],"neow_cost":"NONE","seed_source_timestamp":110182430045500,"circlet_count":0,"master_deck":["AscendersBane","Strike_R","Strike_R","Strike_R","Defend_R","Defend_R","Defend_R","Defend_R+1","Bash","Pummel","Hemokinesis+1","Inflame","Whirlwind","Rage","Thunderclap+1","Headbutt","Battle Trance","Blood for Blood"],"relics":["Burning Blood","Blue Candle","Sundial"],"potions_floor_usage":[6,16,16],"damage_taken":[{"damage":12,"enemies":"Small Slimes","floor":1,"turns":6},{"damage":4,"enemies":"Jaw Worm","floor":2,"turns":4},{"damage":9,"enemies":"Cultist","floor":3,"turns":3},{"damage":16,"enemies":"Red Slaver","floor":4,"turns":3},{"damage":11,"enemies":"Gremlin Nob","floor":6,"turns":3},{"damage":9,"enemies":"Looter","floor":8,"turns":3},{"damage":7,"enemies":"Blue Slaver","floor":11,"turns":3},{"damage":11,"enemies":"Exordium Wildlife","floor":13,"turns":5},{"damage":2,"enemies":"Large Slime","floor":14,"turns":5},{"damage":43,"enemies":"The Guardian","floor":16,"turns":8}],"seed_played":"-5543598387379650351","potions_obtained":[{"floor":1,"key":"Dexterity Potion"},{"floor":3,"key":"Fire Potion"},{"floor":4,"key":"EssenceOfSteel"},{"floor":14,"key":"Explosive Potion"}],"is_trial":false,"path_per_floor":["M","M","M","M","?","E","R","M","T","?","M","$","M","M","R","B"],"character_chosen":"IRONCLAD","items_purchased":["Battle Trance"],"campfire_rested":1,"item_purchase_floors":[12],"current_hp_per_floor":[69,71,68,58,51,46,46,43,43,18,17,17,12,16,40,0],"gold":105,"neow_bonus":"TEN_PERCENT_HP_BONUS","is_prod":false,"is_daily":false,"chose_seed":false,"campfire_upgraded":1,"win_rate":0,"timestamp":1560611811,"path_taken":["M","M","M","M","?","E","R","M","T","?","M","?","M","M","R","BOSS"],"build_version":"2019-01-23","purchased_purges":1,"victory":false,"max_hp_per_floor":[82,82,82,82,82,82,82,82,82,82,82,82,82,82,82,82],"card_choices":[{"not_picked":["Dual Wield","Sword Boomerang"],"picked":"Pummel","floor":1},{"not_picked":["Body Slam","Entrench"],"picked":"Hemokinesis","floor":2},{"not_picked":["Clash","Warcry"],"picked":"Inflame","floor":3},{"not_picked":["Uppercut","Twin Strike"],"picked":"Whirlwind","floor":4},{"not_picked":["Anger","Second Wind"],"picked":"Rage","floor":6},{"not_picked":["Feel No Pain","Havoc"],"picked":"Thunderclap","floor":8},{"not_picked":["Thunderclap","Berserk"],"picked":"Headbutt","floor":11},{"not_picked":["Shockwave","Iron Wave","Wild Strike"],"picked":"SKIP","floor":13},{"not_picked":["Burning Pact","Uppercut"],"picked":"Blood for Blood","floor":14}],"player_experience":5369166,"relics_obtained":[{"floor":6,"key":"Blue Candle"},{"floor":9,"key":"Sundial"}],"event_choices":[{"cards_removed":["Strike_R"],"damage_healed":0,"gold_gain":0,"player_choice":"Card Removal","damage_taken":7,"max_hp_gain":0,"max_hp_loss":0,"event_name":"Golden Wing","floor":5,"gold_loss":0},{"damage_healed":0,"gold_gain":0,"player_choice":"Entered Light","damage_taken":25,"max_hp_gain":0,"max_hp_loss":0,"event_name":"Shining Light","floor":10,"gold_loss":0,"cards_upgraded":["Defend_R","Thunderclap"]}],"is_beta":false,"boss_relics":[],"items_purged_floors":[12],"is_endless":false,"potions_floor_spawned":[1,3,4,14],"killed_by":"The Guardian","ascension_level":20}