{"gold_per_floor":[115,129,129,139,159,184,184,211,211,246,262,286,286,298,298,400,400,411,439,456,456,52,52,71,86,86,86,86],"floor_reached":28,"playtime":9739,"items_purged":[],"score":252,"play_id":"80717ba1-0492-4155-b81e-36dc4710df3f","local_time":"20190724195614","is_ascension_mode":true,"campfire_choices":[{"floor":13,"key":"RECALL"},{"floor":15,"key":"REST"},{"floor":23,"key":"REST"}],"neow_cost":"NONE","seed_source_timestamp":1207335758013000,"circlet_count":0,"master_deck":["Strike_R","Strike_R","Strike_R","Defend_R","Defend_R","Bash","Heavy Blade","Infernal Blade","Metallicize","Sword Boomerang","Twin Strike","Barricade","Carnage","Armaments","Shockwave","Armaments","Demon Form","Combust+1","Armaments+1","Carnage+1","Flex","Decay","Reaper","Immolate"],"relics":["Burning Blood","Shuriken","Bottled Lightning","Self Forming Clay","Paper Frog","Odd Mushroom","Astrolabe","Red Mask","Bottled Flame","Pen Nib"],"potions_floor_usage":[12,16,19,19,24],"damage_taken":[{"damage":12,"enemies":"Small Slimes","floor":1,"turns":4},{"damage":0,"enemies":"2 Louse","floor":2,"turns":2},{"damage":1,"enemies":"Cultist","floor":4,"turns":3},{"damage":8,"enemies":"Large Slime","floor":5,"turns":5},{"damage":64,"enemies":"3 Sentries","floor":6,"turns":15},{"damage":9,"enemies":"Gremlin Nob","floor":8,"turns":3},{"damage":42,"enemies":"3 Sentries","floor":10,"turns":8},{"damage":13,"enemies":"2 Fungi Beasts","floor":11,"turns":3},{"damage":18,"enemies":"The Mushroom Lair","floor":12,"turns":3},{"damage":0,"enemies":"Exordium Wildlife","floor":14,"turns":2},{"damage":33,"enemies":"The Guardian","floor":16,"turns":12},{"damage":21,"enemies":"Spheric Guardian","floor":18,"turns":6},{"damage":65,"enemies":"Masked Bandits","floor":19,"turns":6},{"damage":0,"enemies":"3 Byrds","floor":20,"turns":5},{"damage":16,"enemies":"Snecko","floor":24,"turns":6},{"damage":23,"enemies":"Centurion and Healer","floor":25,"turns":7},{"damage":36,"enemies":"Snake Plant","floor":28,"turns":4}],"seed_played":"6228766534306102983","potions_obtained":[{"floor":1,"key":"Swift Potion"},{"floor":10,"key":"Strength Potion"},{"floor":11,"key":"SpeedPotion"},{"floor":14,"key":"Block Potion"},{"floor":18,"key":"Block Potion"},{"floor":20,"key":"LiquidBronze"},{"floor":25,"key":"Swift Potion"}],"is_trial":false,"path_per_floor":["M","M","?","M","M","E","?","E","T","E","M","?","R","M","R","B",null,"M","?","M","?","$","R","M","M","T","?","M"],"character_chosen":"IRONCLAD","items_purchased":["Bottled Flame","Reaper"],"campfire_rested":2,"item_purchase_floors":[22,22],"current_hp_per_floor":[82,88,88,88,86,28,88,85,85,49,42,30,30,36,62,35,88,73,14,20,20,20,46,36,26,26,26,0],"gold":86,"neow_bonus":"TEN_PERCENT_HP_BONUS","is_prod":false,"is_daily":false,"chose_seed":false,"campfire_upgraded":0,"win_rate":0,"timestamp":1564016174,"path_taken":["M","M","?","M","M","E","?","E","T","E","?","?","R","M","R","BOSS","M","?","M","?","$","R","M","M","T","?","?"],"build_version":"2019-07-17","purchased_purges":0,"victory":false,"max_hp_per_floor":[88,88,88,88,88,88,88,88,88,88,88,88,88,88,88,88,88,88,88,88,88,88,88,88,88,88,88,88],"card_choices":[{"not_picked":["Havoc","Headbutt"],"picked":"Heavy Blade","floor":1},{"not_picked":["Iron Wave","Carnage"],"picked":"Infernal Blade","floor":2},{"not_picked":["Shrug It Off","Twin Strike"],"picked":"Metallicize","floor":4},{"not_picked":["Perfected Strike","Clothesline"],"picked":"Sword Boomerang","floor":5},{"not_picked":["Carnage","Havoc"],"picked":"Twin Strike","floor":6},{"not_picked":["Cleave","Perfected Strike"],"picked":"Barricade","floor":8},{"not_picked":["Cleave","Heavy Blade"],"picked":"Carnage","floor":10},{"not_picked":["Clash","Second Wind"],"picked":"Armaments","floor":11},{"not_picked":["Combust","Perfected Strike"],"picked":"Shockwave","floor":12},{"not_picked":["Headbutt","Reckless Charge"],"picked":"Armaments","floor":14},{"not_picked":["Exhume","Immolate"],"picked":"Demon Form","floor":16},{"not_picked":["True Grit","Perfected Strike+1","Headbutt"],"picked":"SKIP","floor":18},{"not_picked":["Disarm","Headbutt"],"picked":"Flex","floor":19},{"not_picked":["Havoc","Reckless Charge","Warcry"],"picked":"SKIP","floor":20},{"not_picked":["Dual Wield","Clothesline+1","Clash"],"picked":"SKIP","floor":24},{"not_picked":["Carnage","Clothesline"],"picked":"Immolate","floor":25}],"player_experience":163749,"relics_obtained":[{"floor":6,"key":"Shuriken"},{"floor":8,"key":"Bottled Lightning"},{"floor":9,"key":"Self Forming Clay"},{"floor":10,"key":"Paper Frog"},{"floor":12,"key":"Odd Mushroom"},{"floor":19,"key":"Red Mask"},{"floor":26,"key":"Pen Nib"}],"event_choices":[{"damage_healed":0,"gold_gain":0,"cards_transformed":["Defend_R"],"player_choice":"Change","damage_taken":0,"max_hp_gain":0,"max_hp_loss":0,"event_name":"Living Wall","floor":3,"gold_loss":0,"cards_obtained":["Dual Wield"]},{"cards_removed":["Dual Wield"],"damage_healed":60,"gold_gain":0,"player_choice":"Offered Uncommon","damage_taken":0,"max_hp_gain":0,"max_hp_loss":0,"event_name":"Bonfire Elementals","floor":7,"gold_loss":0},{"damage_healed":0,"gold_gain":0,"player_choice":"Fought Mushrooms","damage_taken":0,"max_hp_gain":0,"max_hp_loss":0,"event_name":"Mushrooms","floor":12,"gold_loss":0},{"damage_healed":0,"gold_gain":0,"player_choice":"Fought Bandits","damage_taken":0,"max_hp_gain":0,"max_hp_loss":0,"event_name":"Masked Bandits","floor":19,"gold_loss":0},{"damage_healed":0,"gold_gain":0,"player_choice":"Smashed Altar","damage_taken":0,"max_hp_gain":0,"max_hp_loss":0,"event_name":"Forgotten Altar","floor":21,"gold_loss":0,"cards_obtained":["Decay"]},{"damage_healed":0,"gold_gain":0,"player_choice":"Ignored","damage_taken":0,"max_hp_gain":0,"max_hp_loss":0,"event_name":"Vampires","floor":27,"gold_loss":0}],"is_beta":false,"boss_relics":[{"not_picked":["Runic Cube","Orrery"],"picked":"Astrolabe"}],"items_purged_floors":[],"is_endless":false,"potions_floor_spawned":[1,10,11,14,18,20,25],"killed_by":"Snake Plant","ascension_level":1}