{"gold_per_floor":[111,121,46,46,46,56,69,69,369,369,294,294,72,89,89,164,164,175,175,175,191,66,91,91,111,164,180,192,42,52,0,0,74,74,94,105,122,136,153,153,188,206,206,238,251,76,0,10,10,10,10],"floor_reached":51,"playtime":2499,"items_purged":["Strike_G","Defend_G","Strike_G","Defend_G","Defend_G"],"score":1546,"play_id":"d19ad261-6c82-4a27-8138-922366275a9f","local_time":"20190713032706","is_ascension_mode":true,"campfire_choices":[{"data":"Skewer","floor":8.0,"key":"SMITH"},{"data":"Neutralize","floor":10.0,"key":"SMITH"},{"data":"Prepared","floor":12.0,"key":"SMITH"},{"data":"Noxious Fumes","floor":15.0,"key":"SMITH"},{"data":"Acrobatics","floor":24.0,"key":"SMITH"},{"data":"Backflip","floor":32.0,"key":"SMITH"},{"data":"Backflip","floor":40.0,"key":"SMITH"},{"floor":49.0,"key":"RECALL"}],"neow_cost":"TEN_PERCENT_HP_LOSS","seed_source_timestamp":205472725143500,"circlet_count":0,"master_deck":["AscendersBane","Survivor","Neutralize+1","Skewer+1","Prepared+1","Acrobatics+1","Noxious Fumes+1","Crippling Poison","Backflip+1","Masterful Stab","Grand Finale","Prepared","Backflip+1"],"special_seed":0,"relics":["Ring of the Snake","Old Coin","Coffee Dripper","Darkstone Periapt","Pear","Blood Vial","Mummified Hand","Red Mask"],"potions_floor_usage":[51],"damage_taken":[{"damage":2.0,"enemies":"Jaw Worm","floor":1.0,"turns":6.0},{"damage":6.0,"enemies":"Small Slimes","floor":2.0,"turns":4.0},{"damage":0.0,"enemies":"2 Louse","floor":6.0,"turns":3.0},{"damage":0.0,"enemies":"Blue Slaver","floor":7.0,"turns":6.0},{"damage":19.0,"enemies":"Large Slime","floor":14.0,"turns":8.0},{"damage":30.0,"enemies":"Hexaghost","floor":16.0,"turns":9.0},{"damage":3.0,"enemies":"Shell Parasite","floor":18.0,"turns":7.0},{"damage":0.0,"enemies":"Chosen","floor":21.0,"turns":2.0},{"damage":0.0,"enemies":"Gremlin Leader","floor":23.0,"turns":3.0},{"damage":20.0,"enemies":"Shelled Parasite and Fungi","floor":25.0,"turns":4.0},{"damage":8.0,"enemies":"Snecko","floor":27.0,"turns":3.0},{"damage":7.0,"enemies":"Centurion and Healer","floor":28.0,"turns":4.0},{"damage":5.0,"enemies":"Sentry and Sphere","floor":30.0,"turns":3.0},{"damage":7.0,"enemies":"Champ","floor":33.0,"turns":4.0},{"damage":0.0,"enemies":"3 Shapes","floor":35.0,"turns":1.0},{"damage":0.0,"enemies":"3 Darklings","floor":36.0,"turns":1.0},{"damage":0.0,"enemies":"Maw","floor":37.0,"turns":4.0},{"damage":14.0,"enemies":"Writhing Mass","floor":38.0,"turns":5.0},{"damage":3.0,"enemies":"Sphere and 2 Shapes","floor":39.0,"turns":3.0},{"damage":0.0,"enemies":"Reptomancer","floor":41.0,"turns":3.0},{"damage":0.0,"enemies":"4 Shapes","floor":42.0,"turns":1.0},{"damage":0.0,"enemies":"Giant Head","floor":44.0,"turns":4.0},{"damage":0.0,"enemies":"3 Darklings","floor":45.0,"turns":1.0},{"damage":0.0,"enemies":"Maw","floor":48.0,"turns":3.0},{"damage":15.0,"enemies":"Awakened One","floor":50.0,"turns":6.0},{"damage":35,"enemies":"Time Eater","floor":51,"turns":6}],"seed_played":"-7625916637264536174","potions_obtained":[{"floor":1.0,"key":"Strength Potion"},{"floor":14.0,"key":"SmokeBomb"},{"floor":16.0,"key":"Regen Potion"},{"floor":18.0,"key":"GhostInAJar"},{"floor":25.0,"key":"Ancient Potion"},{"floor":37.0,"key":"Dexterity Potion"},{"floor":45.0,"key":"Swift Potion"}],"is_trial":false,"path_per_floor":["M","M","$","?","?","M","M","R","T","R","?","R","$","M","R","B",null,"M","?","?","M","$","E","R","M","T","M","M","$","M","$","R","B",null,"M","M","M","M","M","R","E","M","T","E","M","$","?","M","R","B","B"],"character_chosen":"THE_SILENT","items_purchased":["Noxious Fumes","Crippling Poison","Prepared"],"campfire_rested":0,"item_purchase_floors":[13,13,31],"current_hp_per_floor":[57,51,51,51,56,56,56,56,56,56,56,56,56,37,37,7,51,63,63,63,63,63,63,63,43,43,35,28,28,23,23,23,16,53,53,53,53,39,36,36,46,46,46,48,50,50,50,52,52,39,6],"gold":10,"neow_bonus":"REMOVE_TWO","is_prod":false,"is_daily":false,"chose_seed":false,"campfire_upgraded":7,"win_rate":0,"timestamp":1562956026,"path_taken":["M","M","$","?","?","M","M","R","T","R","?","R","?","M","R","BOSS","M","?","?","M","$","E","R","M","T","M","M","$","M","?","R","BOSS","M","M","M","M","M","R","E","M","T","E","M","$","?","M","R","BOSS","BOSS"],"build_version":"2019-07-05","purchased_purges":5,"victory":false,"max_hp_per_floor":[60,60,60,60,65,65,65,65,65,65,65,65,65,65,65,65,65,65,65,65,65,65,65,65,65,65,65,65,65,65,65,65,65,65,65,65,65,65,65,65,75,75,75,75,75,75,75,75,75,75,75],"card_choices":[{"not_picked":["Quick Slash","Flying Knee"],"picked":"Skewer","floor":1.0},{"not_picked":["Deflect","Cloak And Dagger"],"picked":"Prepared","floor":2.0},{"not_picked":["Deflect","Outmaneuver","Sucker Punch"],"picked":"SKIP","floor":6.0},{"not_picked":["Footwork","Noxious Fumes"],"picked":"Acrobatics","floor":7.0},{"not_picked":["Outmaneuver","Corpse Explosion"],"picked":"Backflip","floor":14.0},{"not_picked":["Slice","PiercingWail"],"picked":"Masterful Stab","floor":18.0},{"not_picked":["Blade Dance","Sucker Punch","Dagger Throw+1"],"picked":"SKIP","floor":21.0},{"not_picked":["Underhanded Strike","Infinite Blades","Flying Knee+1"],"picked":"SKIP","floor":23.0},{"not_picked":["Dagger Spray","Outmaneuver","Slice"],"picked":"SKIP","floor":25.0},{"not_picked":["Bane+1","Leg Sweep","Dagger Throw"],"picked":"SKIP","floor":27.0},{"not_picked":["Backstab+1","Quick Slash","All Out Attack"],"picked":"SKIP","floor":28.0},{"not_picked":["All Out Attack","Prepared","Dagger Spray"],"picked":"SKIP","floor":30.0},{"not_picked":["All Out Attack","Prepared","Dagger Spray"],"picked":"SKIP","floor":30.0},{"not_picked":["Poisoned Stab","Outmaneuver+1","Blade Dance"],"picked":"SKIP","floor":35.0},{"not_picked":["Noxious Fumes","Underhanded Strike","Concentrate"],"picked":"SKIP","floor":36.0},{"not_picked":["Cloak And Dagger","Calculated Gamble+1","Dagger Throw"],"picked":"SKIP","floor":37.0},{"not_picked":["Backflip","Catalyst","Quick Slash"],"picked":"SKIP","floor":38.0},{"not_picked":["Catalyst","Quick Slash"],"picked":"Backflip","floor":38.0},{"not_picked":["Backflip","Outmaneuver","Skewer"],"picked":"SKIP","floor":39.0},{"not_picked":["Heel Hook+1","Caltrops+1","Calculated Gamble"],"picked":"SKIP","floor":41.0},{"not_picked":["Crippling Poison+1","Dagger Throw","Slice+1"],"picked":"SKIP","floor":42.0},{"not_picked":["Sucker Punch","Night Terror","Slice"],"picked":"SKIP","floor":44.0},{"not_picked":["Acrobatics","Dash+1","All Out Attack+1"],"picked":"SKIP","floor":45.0},{"not_picked":["Poisoned Stab","Prepared","Infinite Blades"],"picked":"SKIP","floor":48.0}],"player_experience":5667677,"relics_obtained":[{"floor":9.0,"key":"Old Coin"},{"floor":23.0,"key":"Darkstone Periapt"},{"floor":41.0,"key":"Pear"},{"floor":43.0,"key":"Blood Vial"},{"floor":44.0,"key":"Mummified Hand"}],"event_choices":[{"damage_healed":0.0,"max_hp_gain":0.0,"max_hp_loss":0.0,"gold_gain":0.0,"event_name":"Liars Game","player_choice":"Ignored","floor":4.0,"gold_loss":0.0,"damage_taken":0.0},{"damage_healed":0.0,"max_hp_gain":5.0,"max_hp_loss":0.0,"gold_gain":0.0,"event_name":"Big Fish","player_choice":"Donut","floor":5.0,"gold_loss":0.0,"damage_taken":0.0},{"cards_removed":["Defend_G"],"damage_healed":0.0,"max_hp_gain":0.0,"max_hp_loss":0.0,"gold_gain":0.0,"event_name":"The Cleric","player_choice":"Card Removal","floor":11.0,"gold_loss":75.0,"damage_taken":0.0},{"damage_healed":0.0,"max_hp_gain":0.0,"max_hp_loss":0.0,"gold_gain":0.0,"cards_transformed":["Strike_G","Strike_G"],"event_name":"Drug Dealer","player_choice":"Became Test Subject","floor":19.0,"gold_loss":0.0,"damage_taken":0.0,"cards_obtained":["Grand Finale","Blade Dance"]},{"cards_removed":["Blade Dance"],"damage_healed":0.0,"max_hp_gain":0.0,"max_hp_loss":0.0,"gold_gain":0.0,"event_name":"Back to Basics","player_choice":"Elegance","floor":20.0,"gold_loss":0.0,"damage_taken":0.0},{"damage_healed":0.0,"max_hp_gain":0.0,"max_hp_loss":0.0,"gold_gain":0.0,"event_name":"Tomb of Lord Red Mask","player_choice":"Paid","floor":47.0,"gold_loss":76.0,"damage_taken":0.0,"relics_obtained":["Red Mask"]}],"is_beta":false,"boss_relics":[{"not_picked":["Runic Dome","Snecko Eye"],"picked":"Coffee Dripper"},{"not_picked":["Velvet Choker","Sozu","Fusion Hammer"]}],"items_purged_floors":[3,13,22,29,46],"is_endless":false,"potions_floor_spawned":[1,14,16,18,21,25,36,37,42,45],"killed_by":"Time Eater","ascension_level":20}