{"gold_per_floor":[115,8,27,47,58,93,93,122,122,122,141,153,169,94,94,94],"floor_reached":16,"playtime":471,"items_purged":[],"score":228,"play_id":"a448a779-504c-420d-b59b-584e3d5b58f3","local_time":"20190524001502","is_ascension_mode":true,"campfire_choices":[{"floor":7,"key":"REST"},{"floor":10,"key":"REST"},{"data":"Phantasmal Killer","floor":15,"key":"SMITH"}],"neow_cost":"CURSE","seed_source_timestamp":88367321105300,"circlet_count":0,"master_deck":["AscendersBane","Defend_G","Defend_G","Defend_G","Defend_G","Defend_G","Strike_G","Strike_G","Strike_G","Strike_G","Strike_G","Survivor","Neutralize","Phantasmal Killer+1","Quick Slash","All Out Attack","Dodge and Roll","Bane","Footwork","Die Die Die","Calculated Gamble"],"relics":["Ring of the Snake","Bag of Preparation","Pantograph"],"potions_floor_usage":[4,8,16],"damage_taken":[{"damage":12,"enemies":"Cultist","floor":1,"turns":4},{"damage":3,"enemies":"Small Slimes","floor":3,"turns":4},{"damage":0,"enemies":"Jaw Worm","floor":4,"turns":2},{"damage":1,"enemies":"Blue Slaver","floor":5,"turns":2},{"damage":36,"enemies":"Gremlin Nob","floor":6,"turns":4},{"damage":17,"enemies":"Lagavulin","floor":8,"turns":7},{"damage":7,"enemies":"Looter","floor":11,"turns":3},{"damage":0,"enemies":"Gremlin Gang","floor":12,"turns":1},{"damage":5,"enemies":"Large Slime","floor":13,"turns":8},{"damage":50,"enemies":"Slime Boss","floor":16,"turns":8}],"seed_played":"8617722761433442727","potions_obtained":[{"floor":4,"key":"SpeedPotion"},{"floor":8,"key":"Energy Potion"}],"is_trial":false,"path_per_floor":["M","$","M","M","M","E","R","E","T","R","M","M","M","?","R","B"],"character_chosen":"THE_SILENT","items_purchased":["FearPotion","Fire Potion"],"campfire_rested":2,"item_purchase_floors":[2,2],"current_hp_per_floor":[47,47,44,44,43,7,26,9,9,28,21,21,16,16,16,0],"gold":94,"neow_bonus":"THREE_RARE_CARDS","is_prod":false,"is_daily":false,"chose_seed":false,"campfire_upgraded":1,"win_rate":0,"timestamp":1558624502,"path_taken":["M","$","M","?","M","E","R","E","T","R","M","M","M","?","R","BOSS"],"build_version":"2019-01-23","purchased_purges":0,"victory":false,"max_hp_per_floor":[66,66,66,66,66,66,66,66,66,66,66,66,66,63,63,63],"card_choices":[{"not_picked":["Malaise","Tools of the Trade"],"picked":"Phantasmal Killer","floor":0},{"not_picked":["Bane","Sucker Punch"],"picked":"Quick Slash","floor":1},{"not_picked":["Prepared","Bane"],"picked":"All Out Attack","floor":3},{"not_picked":["Bane","Flechettes"],"picked":"Dodge and Roll","floor":4},{"not_picked":["Acrobatics","Outmaneuver"],"picked":"Bane","floor":5},{"not_picked":["Backflip","Expertise"],"picked":"Footwork","floor":6},{"not_picked":["Prepared","Deflect"],"picked":"Die Die Die","floor":8},{"not_picked":["Flechettes","Eviscerate","Footwork"],"picked":"SKIP","floor":11},{"not_picked":["Caltrops","Concentrate"],"picked":"Calculated Gamble","floor":12},{"not_picked":["Dodge and Roll","Skewer","Quick Slash"],"picked":"SKIP","floor":13}],"player_experience":5121126,"relics_obtained":[{"floor":6,"key":"Bag of Preparation"},{"floor":8,"key":"Pantograph"}],"event_choices":[{"cards_removed":["Parasite"],"damage_healed":0,"gold_gain":0,"player_choice":"Card Removal","damage_taken":0,"max_hp_gain":0,"max_hp_loss":0,"event_name":"The Cleric","floor":14,"gold_loss":75}],"is_beta":false,"boss_relics":[],"items_purged_floors":[],"is_endless":false,"potions_floor_spawned":[3,4,8,13],"killed_by":"Slime Boss","ascension_level":20}