{"gold_per_floor":[114,114,126,76,76,76,92,122,176,188,205,205,130,130],"floor_reached":14,"playtime":411,"items_purged":["Strike_R"],"score":99,"play_id":"f055034d-cb9c-495d-9e41-5505851f74d5","local_time":"20190724165623","is_ascension_mode":true,"campfire_choices":[{"floor":6,"key":"RECALL"}],"neow_cost":"NONE","seed_source_timestamp":1205880601664900,"circlet_count":0,"master_deck":["Strike_R","Strike_R+1","Strike_R","Strike_R","Defend_R","Defend_R","Defend_R","Bash","Shrug It Off","Pummel","Searing Blow","Flex+1","Clash"],"relics":["Burning Blood","Potion Belt","Oddly Smooth Stone"],"potions_floor_usage":[8,14],"damage_taken":[{"damage":10,"enemies":"Small Slimes","floor":1,"turns":4},{"damage":5,"enemies":"Cultist","floor":3,"turns":5},{"damage":8,"enemies":"2 Louse","floor":7,"turns":3},{"damage":49,"enemies":"Gremlin Nob","floor":8,"turns":5},{"damage":11,"enemies":"Looter","floor":10,"turns":4},{"damage":15,"enemies":"Exordium Thugs","floor":11,"turns":5},{"damage":6,"enemies":"Large Slime","floor":14,"turns":5}],"seed_played":"-3160719866691651359","potions_obtained":[{"floor":1,"key":"PowerPotion"},{"floor":8,"key":"PowerPotion"},{"floor":11,"key":"PowerPotion"}],"is_trial":false,"path_per_floor":["M","?","M","?","?","R","M","E","T","M","M","?","$","M"],"character_chosen":"IRONCLAD","items_purchased":[],"campfire_rested":0,"item_purchase_floors":[],"current_hp_per_floor":[76,90,90,90,78,78,76,33,33,28,19,1,1,0],"gold":130,"neow_bonus":"ONE_RANDOM_RARE_CARD","is_prod":false,"is_daily":false,"chose_seed":false,"campfire_upgraded":0,"win_rate":0,"timestamp":1564005383,"path_taken":["M","?","?","?","?","R","M","E","T","M","?","?","$","M"],"build_version":"2019-07-17","purchased_purges":1,"victory":false,"max_hp_per_floor":[80,90,90,90,90,90,90,90,90,90,90,90,90,90],"card_choices":[{"not_picked":["Cleave","True Grit"],"picked":"Shrug It Off","floor":1},{"not_picked":["Clash","Warcry"],"picked":"Pummel","floor":3},{"not_picked":["Evolve","Warcry","Anger"],"picked":"SKIP","floor":7},{"not_picked":["Body Slam","Pommel Strike"],"picked":"Searing Blow","floor":8},{"not_picked":["Impervious","Twin Strike"],"picked":"Flex","floor":10},{"not_picked":["Burning Pact","True Grit"],"picked":"Clash","floor":11}],"player_experience":162328,"relics_obtained":[{"floor":8,"key":"Oddly Smooth Stone"}],"event_choices":[{"cards_removed":["Demon Form"],"damage_healed":4,"gold_gain":0,"player_choice":"Offered Rare","damage_taken":0,"max_hp_gain":10,"max_hp_loss":0,"event_name":"Bonfire Elementals","floor":2,"gold_loss":0},{"cards_removed":["Defend_R"],"damage_healed":0,"gold_gain":0,"player_choice":"Card Removal","damage_taken":0,"max_hp_gain":0,"max_hp_loss":0,"event_name":"The Cleric","floor":4,"gold_loss":50},{"damage_healed":0,"gold_gain":0,"player_choice":"Success","damage_taken":12,"relics_obtained":["Potion Belt"],"max_hp_gain":0,"max_hp_loss":0,"event_name":"Scrap Ooze","floor":5,"gold_loss":0},{"damage_healed":0,"gold_gain":0,"player_choice":"Entered Light","damage_taken":18,"max_hp_gain":0,"max_hp_loss":0,"event_name":"Shining Light","floor":12,"gold_loss":0,"cards_upgraded":["Flex","Strike_R"]}],"is_beta":false,"boss_relics":[],"items_purged_floors":[13],"is_endless":false,"potions_floor_spawned":[1,8,11],"killed_by":"Large Slime","ascension_level":2}