{"gold_per_floor":[110,110,61,136,61,61,77,77,77,91,122,0,12,12,12,105,105,119,69,84,105,119,119,119],"floor_reached":24,"playtime":626,"items_purged":[],"score":323,"play_id":"82b10f10-1604-4676-a109-e77c04dba2c2","local_time":"20190711225550","is_ascension_mode":true,"campfire_choices":[{"data":"Armaments","floor":6,"key":"SMITH"},{"data":"Bash","floor":8,"key":"SMITH"},{"floor":15,"key":"REST"},{"floor":23,"key":"REST"}],"neow_cost":"NONE","seed_source_timestamp":1763907586182956,"circlet_count":0,"master_deck":["AscendersBane","Strike_R+1","Strike_R","Strike_R","Strike_R","Strike_R","Defend_R+1","Defend_R","Defend_R","Defend_R","Bash+1","Uppercut","Armaments+1","Twin Strike","Thunderclap","Iron Wave+1","Seeing Red","Feed+1","Reaper+1","Disarm","Perfected Strike+1"],"relics":["Sozu","Molten Egg 2","The Courier","Golden Idol","Philosopher\u0027s Stone"],"potions_floor_usage":[],"damage_taken":[{"damage":0,"enemies":"Cultist","floor":1,"turns":3},{"damage":0,"enemies":"Small Slimes","floor":7,"turns":3},{"damage":9,"enemies":"Jaw Worm","floor":10,"turns":2},{"damage":8,"enemies":"Gremlin Nob","floor":11,"turns":3},{"damage":0,"enemies":"2 Fungi Beasts","floor":13,"turns":2},{"damage":41,"enemies":"The Guardian","floor":16,"turns":10},{"damage":12,"enemies":"3 Byrds","floor":18,"turns":5},{"damage":5,"enemies":"Shell Parasite","floor":20,"turns":4},{"damage":39,"enemies":"Snake Plant","floor":21,"turns":3},{"damage":41,"enemies":"3 Cultists","floor":22,"turns":6},{"damage":40,"enemies":"Snecko","floor":24,"turns":5}],"seed_played":"9178404535134148657","potions_obtained":[],"is_trial":false,"path_per_floor":["M","?","$","?","$","R","M","R","T","M","E","$","M","?","R","B",null,"M","?","M","M","M","R","M"],"character_chosen":"IRONCLAD","items_purchased":["Armaments","Twin Strike","Thunderclap","Feed+1"],"campfire_rested":2,"item_purchase_floors":[3,5,5,12],"current_hp_per_floor":[72,56,56,45,45,45,45,45,45,36,28,28,32,32,55,18,66,65,65,64,28,5,33,0],"gold":119,"neow_bonus":"BOSS_RELIC","is_prod":false,"is_daily":false,"chose_seed":false,"campfire_upgraded":2,"win_rate":0,"timestamp":1562882150,"path_taken":["M","?","$","?","$","R","M","R","T","M","E","$","M","?","R","BOSS","M","?","M","M","?","R","M"],"build_version":"2019-07-05","purchased_purges":0,"victory":false,"max_hp_per_floor":[80,80,80,80,80,80,80,80,80,80,80,80,84,78,78,82,82,86,86,90,90,94,94,94],"card_choices":[{"not_picked":["Wild Strike","Disarm"],"picked":"Uppercut","floor":1},{"not_picked":["Sever Soul","Sword Boomerang","Warcry"],"picked":"SKIP","floor":7},{"not_picked":["Infernal Blade","Cleave+1"],"picked":"Iron Wave+1","floor":10},{"not_picked":["Reckless Charge+1","Armaments"],"picked":"Seeing Red","floor":11},{"not_picked":["Rupture","Wild Strike+1","Havoc"],"picked":"SKIP","floor":13},{"not_picked":["Feed+1","Barricade"],"picked":"Reaper+1","floor":16},{"not_picked":["Pommel Strike+1","Anger+1"],"picked":"Disarm","floor":18},{"not_picked":["Corruption","Power Through"],"picked":"Perfected Strike+1","floor":20},{"not_picked":["Evolve+1","Clash+1","Rupture+1"],"picked":"SKIP","floor":21},{"not_picked":["Sword Boomerang+1","Heavy Blade+1","Pummel+1"],"picked":"SKIP","floor":22}],"player_experience":363599,"relics_obtained":[{"floor":9,"key":"Molten Egg 2"},{"floor":11,"key":"The Courier"}],"event_choices":[{"damage_healed":0,"gold_gain":0,"player_choice":"Entered Light","damage_taken":16,"max_hp_gain":0,"max_hp_loss":0,"event_name":"Shining Light","floor":2,"gold_loss":0,"cards_upgraded":["Defend_R","Strike_R"]},{"damage_healed":0,"gold_gain":75,"player_choice":"Gather Gold","damage_taken":11,"max_hp_gain":0,"max_hp_loss":0,"event_name":"World of Goop","floor":4,"gold_loss":0},{"damage_healed":0,"gold_gain":0,"player_choice":"Lose Max HP","damage_taken":0,"relics_obtained":["Golden Idol"],"max_hp_gain":0,"max_hp_loss":6,"event_name":"Golden Idol","floor":14,"gold_loss":0},{"damage_healed":0,"gold_gain":0,"player_choice":"Bet on Murderer","damage_taken":0,"max_hp_gain":0,"max_hp_loss":0,"event_name":"The Joust","floor":19,"gold_loss":50}],"is_beta":false,"boss_relics":[{"not_picked":["Mark of Pain","Pandora\u0027s Box"],"picked":"Philosopher\u0027s Stone"}],"items_purged_floors":[],"is_endless":false,"potions_floor_spawned":[1,11,13,18],"killed_by":"Snecko","ascension_level":13}