{"gold_per_floor":[119,132,149,74,74,74,86,142,142,142,54,54,73,91,91,91],"floor_reached":16,"playtime":338,"items_purged":["Defend_G","Defend_G"],"score":184,"play_id":"e9ad5364-ee59-47ad-89d6-16148bd03940","local_time":"20190419010015","is_ascension_mode":true,"campfire_choices":[{"data":"Neutralize","floor":6.0,"key":"SMITH"},{"floor":15.0,"key":"REST"}],"neow_cost":"TEN_PERCENT_HP_LOSS","seed_source_timestamp":175927901746900,"circlet_count":0,"master_deck":["AscendersBane","Defend_G","Defend_G+1","Strike_G","Strike_G","Strike_G","Survivor","Neutralize+1","Bane","Acrobatics","Backflip+1","Bouncing Flask","Reflex","Backstab","Die Die Die"],"special_seed":0,"relics":["Ring of the Snake","Frozen Egg 2","Anchor","MawBank"],"potions_floor_usage":[16],"damage_taken":[{"damage":3.0,"enemies":"Cultist","floor":1.0,"turns":4.0},{"damage":3.0,"enemies":"Jaw Worm","floor":2.0,"turns":6.0},{"damage":0.0,"enemies":"2 Louse","floor":3.0,"turns":2.0},{"damage":4.0,"enemies":"Blue Slaver","floor":7.0,"turns":4.0},{"damage":15.0,"enemies":"Lagavulin Event","floor":8.0,"turns":5.0},{"damage":0.0,"enemies":"3 Louse","floor":13.0,"turns":4.0},{"damage":1.0,"enemies":"Exordium Wildlife","floor":14.0,"turns":4.0},{"damage":30,"enemies":"Slime Boss","floor":16,"turns":5}],"seed_played":"-7677814417132184778","potions_obtained":[{"floor":2.0,"key":"SkillPotion"},{"floor":3.0,"key":"GamblersBrew"},{"floor":13.0,"key":"Poison Potion"}],"is_trial":false,"path_per_floor":["M","M","M","$","?","R","M","?","T","T","$","?","M","M","R","B"],"character_chosen":"THE_SILENT","items_purchased":[],"campfire_rested":1,"item_purchase_floors":[],"current_hp_per_floor":[56,53,53,53,35,35,31,16,16,16,16,9,9,8,26,0],"gold":91,"neow_bonus":"TRANSFORM_TWO_CARDS","is_prod":false,"is_daily":false,"chose_seed":false,"campfire_upgraded":1,"win_rate":0,"timestamp":1555603215,"path_taken":["M","M","?","$","?","R","M","?","T","?","$","?","M","M","R","BOSS"],"build_version":"2019-01-23","purchased_purges":2,"victory":false,"max_hp_per_floor":[60,60,60,60,60,60,60,60,60,60,60,60,60,60,60,60],"card_choices":[{"not_picked":["Catalyst","All Out Attack"],"picked":"Backflip","floor":1.0},{"not_picked":["Sucker Punch","Dodge and Roll"],"picked":"Bouncing Flask","floor":2.0},{"not_picked":["Underhanded Strike","Slice","Choke"],"picked":"SKIP","floor":3.0},{"not_picked":["Quick Slash","Dagger Throw","Deflect"],"picked":"SKIP","floor":7.0},{"not_picked":["Acrobatics","Deflect"],"picked":"Reflex","floor":8.0},{"not_picked":["Sucker Punch","PiercingWail"],"picked":"Backstab","floor":13.0},{"not_picked":["Dagger Spray","Flying Knee"],"picked":"Die Die Die","floor":14.0}],"player_experience":4835987,"relics_obtained":[{"floor":8.0,"key":"Frozen Egg 2"},{"floor":9.0,"key":"Anchor"},{"floor":10.0,"key":"MawBank"}],"event_choices":[{"damage_healed":0.0,"max_hp_gain":0.0,"max_hp_loss":0.0,"gold_gain":0.0,"event_name":"Shining Light","player_choice":"Entered Light","floor":5.0,"gold_loss":0.0,"damage_taken":18.0,"cards_upgraded":["Backflip","Defend_G"]},{"damage_healed":0.0,"max_hp_gain":0.0,"max_hp_loss":0.0,"gold_gain":0.0,"event_name":"Dead Adventurer","player_choice":"Searched \u00271\u0027 times","floor":8.0,"gold_loss":0.0,"damage_taken":0.0},{"cards_removed":["Strike_G"],"damage_healed":0.0,"max_hp_gain":0.0,"max_hp_loss":0.0,"gold_gain":0.0,"event_name":"Golden Wing","player_choice":"Card Removal","floor":12.0,"gold_loss":0.0,"damage_taken":7.0}],"is_beta":false,"boss_relics":[],"items_purged_floors":[4,11],"is_endless":false,"potions_floor_spawned":[2,3,7,13],"killed_by":"Slime Boss","ascension_level":20}