{"gold_per_floor":[110,130,130,144,159,159,65,65,65,65,94,19,19,36,36,36],"floor_reached":16,"playtime":455,"items_purged":["Defend_R"],"score":200,"play_id":"852d55b6-f75a-4c34-9912-a447c12ef3fa","local_time":"20190622023949","is_ascension_mode":true,"campfire_choices":[{"data":"Evolve","floor":6,"key":"SMITH"},{"data":"Flash of Steel","floor":8,"key":"SMITH"},{"data":"Bash","floor":10,"key":"SMITH"},{"data":"Havoc","floor":15,"key":"SMITH"}],"neow_cost":"TEN_PERCENT_HP_LOSS","seed_source_timestamp":287999678703400,"circlet_count":0,"master_deck":["AscendersBane","Strike_R","Strike_R","Defend_R","Defend_R","Defend_R","Bash+1","Shrug It Off","Evolve+1","Flash of Steel+1","Havoc+1"],"relics":["Burning Blood","NlothsMask","Molten Egg 2"],"potions_floor_usage":[11,16],"damage_taken":[{"damage":2,"enemies":"Small Slimes","floor":1,"turns":5},{"damage":1,"enemies":"Cultist","floor":2,"turns":3},{"damage":0,"enemies":"2 Louse","floor":4,"turns":4},{"damage":12,"enemies":"2 Fungi Beasts","floor":5,"turns":6},{"damage":32,"enemies":"Lagavulin","floor":11,"turns":10},{"damage":1,"enemies":"Red Slaver","floor":14,"turns":6},{"damage":43,"enemies":"Hexaghost","floor":16,"turns":11}],"seed_played":"1430718311680914260","potions_obtained":[{"floor":2,"key":"SpeedPotion"},{"floor":5,"key":"SpeedPotion"},{"floor":14,"key":"Explosive Potion"}],"is_trial":false,"path_per_floor":["M","M","?","M","M","R","$","R","T","R","E","$","?","M","R","B"],"character_chosen":"IRONCLAD","items_purchased":["Flash of Steel"],"campfire_rested":0,"item_purchase_floors":[7],"current_hp_per_floor":[68,68,68,68,62,62,62,62,62,62,36,36,36,41,41,0],"gold":36,"neow_bonus":"REMOVE_TWO","is_prod":false,"is_daily":false,"chose_seed":false,"campfire_upgraded":4,"win_rate":0,"timestamp":1561138789,"path_taken":["M","M","?","?","M","R","$","R","T","R","E","?","?","M","R","BOSS"],"build_version":"2019-01-23","purchased_purges":1,"victory":false,"max_hp_per_floor":[68,68,68,68,68,68,68,68,68,68,68,68,68,68,68,68],"card_choices":[{"not_picked":["Heavy Blade","Warcry"],"picked":"Shrug It Off","floor":1},{"not_picked":["True Grit","Heavy Blade","Shrug It Off"],"picked":"SKIP","floor":2},{"not_picked":["Shrug It Off","Hemokinesis","Iron Wave"],"picked":"SKIP","floor":4},{"not_picked":["Twin Strike","Disarm"],"picked":"Evolve","floor":5},{"not_picked":["Shrug It Off","Metallicize","Intimidate"],"picked":"SKIP","floor":11},{"not_picked":["Berserk","Feel No Pain"],"picked":"Havoc","floor":14}],"player_experience":5447303,"relics_obtained":[{"floor":11,"key":"Molten Egg 2"}],"event_choices":[{"damage_healed":0,"gold_gain":0,"player_choice":"Trade","damage_taken":0,"relics_obtained":["NlothsMask"],"max_hp_gain":0,"max_hp_loss":0,"event_name":"FaceTrader","floor":3,"gold_loss":0},{"cards_removed":["Strike_R"],"damage_healed":0,"gold_gain":0,"player_choice":"Offered Basic","damage_taken":0,"max_hp_gain":0,"max_hp_loss":0,"event_name":"Bonfire Elementals","floor":13,"gold_loss":0}],"is_beta":false,"boss_relics":[],"items_purged_floors":[12],"is_endless":false,"potions_floor_spawned":[2,5,14],"killed_by":"Hexaghost","ascension_level":20}