{"gold_per_floor":[369,369,385,401,425,425,469,469,469,482,482,522,542,557,557,557],"floor_reached":16,"playtime":381,"items_purged":[],"score":228,"play_id":"15952f24-e1f0-468d-b2cd-60c0c37fea62","local_time":"20190507022411","is_ascension_mode":true,"campfire_choices":[{"data":"All Out Attack","floor":6,"key":"SMITH"},{"floor":8,"key":"REST"},{"data":"Neutralize","floor":11,"key":"SMITH"},{"floor":15,"key":"REST"}],"neow_cost":"TEN_PERCENT_HP_LOSS","seed_source_timestamp":116544576813900,"circlet_count":0,"master_deck":["AscendersBane","Defend_G","Defend_G","Defend_G","Defend_G","Defend_G","Strike_G","Strike_G","Strike_G","Strike_G","Strike_G","Survivor","Neutralize+1","All Out Attack+1","Endless Agony","Cloak And Dagger","Infinite Blades","Backflip","Predator","Adrenaline","Acrobatics"],"relics":["Ring of the Snake","Golden Idol","Matryoshka","Centennial Puzzle","Tough Bandages","Bag of Preparation"],"potions_floor_usage":[7,12,12,16],"damage_taken":[{"damage":6,"enemies":"Jaw Worm","floor":1,"turns":7},{"damage":0,"enemies":"2 Louse","floor":3,"turns":2},{"damage":0,"enemies":"Cultist","floor":4,"turns":3},{"damage":13,"enemies":"Large Slime","floor":5,"turns":7},{"damage":28,"enemies":"Gremlin Nob","floor":7,"turns":4},{"damage":0,"enemies":"Looter","floor":10,"turns":4},{"damage":17,"enemies":"3 Sentries","floor":12,"turns":6},{"damage":0,"enemies":"Gremlin Gang","floor":13,"turns":2},{"damage":0,"enemies":"Lots of Slimes","floor":14,"turns":1},{"damage":41,"enemies":"Slime Boss","floor":16,"turns":6}],"seed_played":"2039572112431598235","potions_obtained":[{"floor":4,"key":"AttackPotion"},{"floor":7,"key":"SkillPotion"},{"floor":12,"key":"Fruit Juice"},{"floor":14,"key":"Block Potion"}],"is_trial":false,"path_per_floor":["M","?","M","M","M","R","E","R","T","M","R","E","M","M","R","B"],"character_chosen":"THE_SILENT","items_purchased":[],"campfire_rested":2,"item_purchase_floors":[],"current_hp_per_floor":[53,53,53,53,40,40,12,28,28,28,28,16,16,16,33,0],"gold":557,"neow_bonus":"TWO_FIFTY_GOLD","is_prod":false,"is_daily":false,"chose_seed":false,"campfire_upgraded":2,"win_rate":0,"timestamp":1557163451,"path_taken":["M","?","M","M","M","R","E","R","T","M","R","E","M","M","R","BOSS"],"build_version":"2019-01-23","purchased_purges":0,"victory":false,"max_hp_per_floor":[60,54,54,54,54,54,54,54,54,54,54,59,59,59,59,59],"card_choices":[{"not_picked":["Slice","Quick Slash"],"picked":"All Out Attack","floor":1},{"not_picked":["Prepared","Deadly Poison"],"picked":"Endless Agony","floor":3},{"not_picked":["Flying Knee","Masterful Stab"],"picked":"Cloak And Dagger","floor":4},{"not_picked":["Malaise","Prepared"],"picked":"Infinite Blades","floor":5},{"not_picked":["Sucker Punch","Poisoned Stab"],"picked":"Backflip","floor":7},{"not_picked":["Deflect","Blade Dance"],"picked":"Predator","floor":10},{"not_picked":["Bane","Backflip"],"picked":"Adrenaline","floor":12},{"not_picked":["Flechettes","Cloak And Dagger"],"picked":"Acrobatics","floor":13},{"not_picked":["Slice","Accuracy","Sucker Punch"],"picked":"SKIP","floor":14}],"player_experience":4935990,"relics_obtained":[{"floor":7,"key":"Matryoshka"},{"floor":9,"key":"Centennial Puzzle"},{"floor":9,"key":"Tough Bandages"},{"floor":12,"key":"Bag of Preparation"}],"event_choices":[{"damage_healed":0,"gold_gain":0,"player_choice":"Lose Max HP","damage_taken":0,"relics_obtained":["Golden Idol"],"max_hp_gain":0,"max_hp_loss":6,"event_name":"Golden Idol","floor":2,"gold_loss":0}],"is_beta":false,"boss_relics":[],"items_purged_floors":[],"is_endless":false,"potions_floor_spawned":[4,7,12,14],"killed_by":"Slime Boss","ascension_level":20}