{"gold_per_floor":[113,126,126,144,144,172,193,206,206,281,281,281,316,286],"floor_reached":14,"playtime":708,"items_purged":[],"score":98,"play_id":"867bf5e9-8e2b-4db2-b51b-046dad395a6f","local_time":"20190716201038","is_ascension_mode":false,"campfire_choices":[{"floor":11,"key":"REST"}],"neow_cost":"NONE","seed_source_timestamp":526035327529700,"circlet_count":0,"master_deck":["Strike_B","Strike_B","Strike_B","Defend_B","Defend_B","Defend_B","Zap","Dualcast","Double Energy","Genetic Algorithm","White Noise","Glacier","Reprogram","Loop","Sunder","Regret","Multi-Cast"],"relics":["Velvet Choker","Letter Opener","Odd Mushroom","Ginger","WingedGreaves","Darkstone Periapt"],"potions_floor_usage":[7,7,13,13],"damage_taken":[{"damage":0,"enemies":"Cultist","floor":1,"turns":4},{"damage":0,"enemies":"Small Slimes","floor":2,"turns":4},{"damage":1,"enemies":"2 Louse","floor":4,"turns":2},{"damage":21,"enemies":"Lagavulin","floor":6,"turns":9},{"damage":2,"enemies":"The Mushroom Lair","floor":7,"turns":4},{"damage":8,"enemies":"2 Fungi Beasts","floor":8,"turns":5},{"damage":43,"enemies":"Gremlin Nob","floor":13,"turns":6},{"damage":11,"enemies":"Looter","floor":14,"turns":2}],"seed_played":"-5478352318859495793","potions_obtained":[{"floor":1,"key":"EssenceOfSteel"},{"floor":4,"key":"Fire Potion"},{"floor":6,"key":"Fire Potion"},{"floor":8,"key":"Weak Potion"}],"is_trial":false,"path_per_floor":["M","M","?","M","?","E","?","M","T","?","R","?","E","M"],"character_chosen":"DEFECT","items_purchased":[],"campfire_rested":1,"item_purchase_floors":[],"current_hp_per_floor":[75,75,68,67,67,46,44,36,36,25,47,47,4,0],"gold":286,"neow_bonus":"BOSS_RELIC","is_prod":false,"is_daily":false,"chose_seed":false,"campfire_upgraded":0,"win_rate":0.0,"timestamp":1563325838,"path_taken":["M","?","?","M","?","E","?","M","T","?","R","?","E","M"],"build_version":"2019-07-05","purchased_purges":0,"victory":false,"max_hp_per_floor":[75,75,75,75,75,75,75,75,75,75,75,75,75,75],"card_choices":[{"not_picked":["Chill","Conserve Battery"],"picked":"Double Energy","floor":1},{"not_picked":["Skim","Conserve Battery"],"picked":"Genetic Algorithm","floor":2},{"not_picked":["Turbo","Self Repair"],"picked":"White Noise","floor":4},{"not_picked":["Hologram","Undo"],"picked":"Reprogram","floor":6},{"not_picked":["Ball Lightning","Reprogram"],"picked":"Loop","floor":7},{"not_picked":["Turbo","Compile Driver"],"picked":"Sunder","floor":8},{"not_picked":["Barrage","Auto Shields"],"picked":"Multi-Cast","floor":13}],"player_experience":68338,"relics_obtained":[{"floor":6,"key":"Letter Opener"},{"floor":7,"key":"Odd Mushroom"},{"floor":9,"key":"Ginger"},{"floor":13,"key":"Darkstone Periapt"}],"event_choices":[{"cards_removed":["Defend_B"],"damage_healed":0,"gold_gain":0,"player_choice":"Card Removal","damage_taken":7,"max_hp_gain":0,"max_hp_loss":0,"event_name":"Golden Wing","floor":3,"gold_loss":0},{"damage_healed":0,"gold_gain":0,"cards_transformed":["Strike_B"],"player_choice":"Change","damage_taken":0,"max_hp_gain":0,"max_hp_loss":0,"event_name":"Living Wall","floor":5,"gold_loss":0,"cards_obtained":["Glacier"]},{"damage_healed":0,"gold_gain":0,"player_choice":"Fought Mushrooms","damage_taken":0,"max_hp_gain":0,"max_hp_loss":0,"event_name":"Mushrooms","floor":7,"gold_loss":0},{"damage_healed":0,"gold_gain":75,"player_choice":"Gather Gold","damage_taken":11,"max_hp_gain":0,"max_hp_loss":0,"event_name":"World of Goop","floor":10,"gold_loss":0},{"damage_healed":0,"gold_gain":0,"player_choice":"Box","damage_taken":0,"relics_obtained":["WingedGreaves"],"max_hp_gain":0,"max_hp_loss":0,"event_name":"Big Fish","floor":12,"gold_loss":0,"cards_obtained":["Regret"]}],"is_beta":false,"boss_relics":[],"items_purged_floors":[],"is_endless":false,"potions_floor_spawned":[1,4,6,8],"killed_by":"Looter","ascension_level":0}