{"gold_per_floor":[110,130,144,158,233,233,233],"floor_reached":7,"playtime":607,"items_purged":[],"score":43,"play_id":"d03efbb4-8bbe-42dd-9081-94fe57071f3f","local_time":"20190714224549","is_ascension_mode":false,"campfire_choices":[{"floor":6,"key":"REST"}],"neow_cost":"NONE","seed_source_timestamp":362648034995500,"circlet_count":0,"master_deck":["Strike_B","Strike_B","Strike_B","Strike_B","Defend_B","Defend_B","Defend_B","Defend_B","Zap","Dualcast","Clumsy","Doubt","Doubt","Go for the Eyes","Genetic Algorithm","Gash","Turbo","Capacitor","Double Energy","Steam Power","Steam"],"relics":["Calling Bell","Bag of Marbles","Letter Opener","Prayer Wheel"],"potions_floor_usage":[7,7],"damage_taken":[{"damage":9,"enemies":"Small Slimes","floor":1,"turns":4},{"damage":5,"enemies":"Cultist","floor":2,"turns":5},{"damage":3,"enemies":"Jaw Worm","floor":3,"turns":3},{"damage":25,"enemies":"Exordium Wildlife","floor":4,"turns":6},{"damage":55,"enemies":"Gremlin Nob","floor":7,"turns":5}],"seed_played":"-2638336094421679480","potions_obtained":[{"floor":1,"key":"Fire Potion"},{"floor":3,"key":"Weak Potion"}],"is_trial":false,"path_per_floor":["M","M","M","M","?","R","E"],"character_chosen":"DEFECT","items_purchased":[],"campfire_rested":1,"item_purchase_floors":[],"current_hp_per_floor":[66,61,58,33,22,44,0],"gold":233,"neow_bonus":"BOSS_RELIC","is_prod":false,"is_daily":false,"chose_seed":false,"campfire_upgraded":0,"win_rate":0.0,"timestamp":1563162349,"path_taken":["M","M","M","M","?","R","E"],"build_version":"2019-07-05","purchased_purges":0,"victory":false,"max_hp_per_floor":[75,75,75,75,75,75,75],"card_choices":[{"not_picked":["Cold Snap","Hologram"],"picked":"Go for the Eyes","floor":1},{"not_picked":["Heatsinks","Cold Snap"],"picked":"Genetic Algorithm","floor":1},{"not_picked":["Coolheaded","Beam Cell"],"picked":"Gash","floor":2},{"not_picked":["Barrage","Redo"],"picked":"Turbo","floor":2},{"not_picked":["Hologram","Compile Driver"],"picked":"Capacitor","floor":3},{"not_picked":["Blizzard","Static Discharge"],"picked":"Double Energy","floor":3},{"not_picked":["Melter","Hologram"],"picked":"Steam Power","floor":4},{"not_picked":["Leap","Doom and Gloom"],"picked":"Steam","floor":4}],"player_experience":46259,"relics_obtained":[{"floor":0,"key":"Bag of Marbles"},{"floor":0,"key":"Letter Opener"},{"floor":0,"key":"Prayer Wheel"}],"event_choices":[{"damage_healed":0,"gold_gain":75,"player_choice":"Gather Gold","damage_taken":11,"max_hp_gain":0,"max_hp_loss":0,"event_name":"World of Goop","floor":5,"gold_loss":0}],"is_beta":false,"boss_relics":[],"items_purged_floors":[],"is_endless":false,"potions_floor_spawned":[1,3],"killed_by":"Gremlin Nob","ascension_level":0}