{"gold_per_floor":[112,112,127,49,49,49,83,83,107,107,136,166,166,186,186,265,265,280,5,5,5,5,5,24,24,51,51,51,51,5,30,30,30],"floor_reached":33,"playtime":769,"items_purged":[],"score":580,"play_id":"9b0bdafe-1438-4829-b7c4-dc33c44e37e8","local_time":"20190722235717","is_ascension_mode":true,"campfire_choices":[{"data":"1","floor":6.0,"key":"LIFT"},{"data":"2","floor":8.0,"key":"LIFT"},{"data":"3","floor":10.0,"key":"LIFT"},{"floor":15.0,"key":"REST"},{"data":"Limit Break","floor":23.0,"key":"SMITH"},{"data":"Feel No Pain","floor":27,"key":"SMITH"},{"floor":29,"key":"REST"},{"floor":32,"key":"REST"}],"neow_cost":"NONE","seed_source_timestamp":2714241988825814,"circlet_count":0,"master_deck":["AscendersBane","Strike_R","Strike_R","Strike_R","Strike_R","Strike_R","Defend_R","Defend_R","Defend_R","Defend_R","Bash","Perfected Strike","Feel No Pain+1","Armaments+1","Whirlwind","Limit Break+1","Second Wind","Feed","RitualDagger","Perfected Strike","Shrug It Off","Ghostly Armor"],"special_seed":0,"relics":["Burning Blood","NeowsBlessing","Girya","The Courier","Pen Nib","Bird Faced Urn","Odd Mushroom","Philosopher\u0027s Stone","PreservedInsect","Potion Belt","Pantograph"],"potions_floor_usage":[33],"damage_taken":[{"damage":0.0,"enemies":"2 Louse","floor":1.0,"turns":2.0},{"damage":0.0,"enemies":"Jaw Worm","floor":3.0,"turns":1.0},{"damage":0.0,"enemies":"Lagavulin","floor":7.0,"turns":1.0},{"damage":35.0,"enemies":"3 Sentries","floor":11.0,"turns":7.0},{"damage":11.0,"enemies":"The Mushroom Lair","floor":12.0,"turns":3.0},{"damage":5.0,"enemies":"Small Slimes","floor":14.0,"turns":3.0},{"damage":47.0,"enemies":"Slime Boss","floor":16.0,"turns":9.0},{"damage":22.0,"enemies":"3 Byrds","floor":18.0,"turns":4.0},{"damage":5,"enemies":"Chosen","floor":24,"turns":3},{"damage":18,"enemies":"Gremlin Leader","floor":31,"turns":6},{"damage":93,"enemies":"Automaton","floor":33,"turns":8}],"seed_played":"-7364588093149535467","potions_obtained":[{"floor":1.0,"key":"Strength Potion"},{"floor":7.0,"key":"Explosive Potion"},{"floor":18.0,"key":"SteroidPotion"}],"is_trial":false,"path_per_floor":["M","$","M","$","?","R","E","R","T","R","E","?","?","M","R","B",null,"M","$","?","?","$","R","M","$","T","R","?","R","$","E","R","B"],"character_chosen":"IRONCLAD","items_purchased":["Feel No Pain","Feed","PreservedInsect","Shrug It Off"],"campfire_rested":3,"item_purchase_floors":[4,19,19,30],"current_hp_per_floor":[74,74,75,75,64,64,70,70,70,70,41,38,38,39,61,22,62,46,46,40,55,55,55,58,58,58,58,37,61,61,51,75,0],"gold":30,"neow_bonus":"THREE_ENEMY_KILL","is_prod":false,"is_daily":false,"chose_seed":false,"campfire_upgraded":2,"win_rate":0,"timestamp":1563832637,"path_taken":["M","$","M","$","?","R","E","R","T","R","E","?","?","M","R","BOSS","M","$","?","?","?","R","M","$","T","R","?","R","$","E","R","BOSS"],"build_version":"2019-07-17","purchased_purges":0,"victory":false,"max_hp_per_floor":[75,75,75,75,75,75,75,75,75,75,75,75,75,75,75,75,75,75,75,75,75,75,75,75,75,75,75,80,80,80,80,80,80],"card_choices":[{"not_picked":["Feel No Pain","Pommel Strike"],"picked":"Perfected Strike","floor":1.0},{"not_picked":["Iron Wave","Rupture","Clash"],"picked":"SKIP","floor":3.0},{"not_picked":["Bloodletting","Headbutt","Thunderclap"],"picked":"SKIP","floor":7.0},{"not_picked":["Flex","Headbutt","Warcry"],"picked":"SKIP","floor":11.0},{"not_picked":["Anger","Body Slam"],"picked":"Armaments","floor":12.0},{"not_picked":["Impervious","Cleave"],"picked":"Whirlwind","floor":14.0},{"not_picked":["Feed","Bludgeon"],"picked":"Limit Break","floor":16.0},{"not_picked":["Shrug It Off","Havoc+1"],"picked":"Second Wind","floor":18.0},{"not_picked":["Twin Strike","Burning Pact+1"],"picked":"Perfected Strike","floor":24},{"not_picked":["Brutality","Combust"],"picked":"Ghostly Armor","floor":31}],"player_experience":542991,"relics_obtained":[{"floor":7.0,"key":"The Courier"},{"floor":9.0,"key":"Pen Nib"},{"floor":11.0,"key":"Bird Faced Urn"},{"floor":12.0,"key":"Odd Mushroom"},{"floor":26,"key":"Potion Belt"},{"floor":31,"key":"Pantograph"}],"event_choices":[{"damage_healed":0.0,"max_hp_gain":0.0,"max_hp_loss":0.0,"gold_gain":0.0,"event_name":"Scrap Ooze","player_choice":"Success","floor":5.0,"gold_loss":0.0,"damage_taken":11.0,"relics_obtained":["Girya"]},{"damage_healed":0.0,"max_hp_gain":0.0,"max_hp_loss":0.0,"gold_gain":0.0,"event_name":"Mushrooms","player_choice":"Fought Mushrooms","floor":12.0,"gold_loss":0.0,"damage_taken":0.0},{"damage_healed":0.0,"max_hp_gain":0.0,"max_hp_loss":0.0,"gold_gain":0.0,"event_name":"Living Wall","player_choice":"Grow","floor":13.0,"gold_loss":0.0,"damage_taken":0.0,"cards_upgraded":["Armaments"]},{"damage_healed":0.0,"max_hp_gain":0.0,"max_hp_loss":0.0,"gold_gain":0.0,"event_name":"Nest","player_choice":"Joined the Cult","floor":20.0,"gold_loss":0.0,"damage_taken":6.0,"cards_obtained":["RitualDagger"]},{"damage_healed":15.0,"max_hp_gain":0.0,"max_hp_loss":0.0,"gold_gain":0.0,"event_name":"The Library","player_choice":"Heal","floor":21.0,"gold_loss":0.0,"damage_taken":0.0},{"damage_healed":0,"gold_gain":0,"player_choice":"Shed Blood","damage_taken":26,"max_hp_gain":5,"max_hp_loss":0,"event_name":"Forgotten Altar","floor":28,"gold_loss":0}],"is_beta":false,"boss_relics":[{"not_picked":["Runic Pyramid","Tiny House"],"picked":"Philosopher\u0027s Stone"}],"items_purged_floors":[],"is_endless":false,"potions_floor_spawned":[1,7,11,18],"killed_by":"Automaton","ascension_level":20}