{"gold_per_floor":[118,129,129,129,129,158,176,206,206,206,38,49,82,92,92,188,238,253,453,473,260,260,260,274,299,299,299,0,0,0,20,20,119,119,137,137,137,187,287,287,306,306,377,388,406,406,18,28,28,28],"floor_reached":50,"playtime":3675,"items_purged":["Strike_B","Strike_B"],"score":816,"play_id":"668b3959-0c6a-4baf-81e4-45990179a450","local_time":"20190721223937","is_ascension_mode":true,"campfire_choices":[{"floor":10.0,"key":"REST"},{"data":"Static Discharge","floor":15.0,"key":"SMITH"},{"data":"Chaos","floor":23.0,"key":"SMITH"},{"floor":27.0,"key":"REST"},{"data":"Glacier","floor":29,"key":"SMITH"},{"floor":32,"key":"REST"},{"floor":40,"key":"REST"},{"floor":42,"key":"REST"},{"floor":49,"key":"REST"}],"neow_cost":"NONE","seed_source_timestamp":28101764061000,"circlet_count":0,"master_deck":["Strike_B","Defend_B+1","Defend_B","Defend_B","Defend_B","Zap+1","Dualcast","Buffer+1","Glacier+1","Ball Lightning","Doom and Gloom","Hologram+1","Ball Lightning","Leap","Static Discharge+1","Barrage+1","Echo Form","Cold Snap+1","BootSequence","Barrage+1","Capacitor+1","Compile Driver+1","Conserve Battery","Chaos+1","Glacier","Chill","Biased Cognition","Compile Driver+1","Cold Snap+1","Consume","Echo Form","Glacier","Chrysalis","Capacitor"],"special_seed":0,"relics":["Cracked Core","Ancient Tea Set","Ice Cream","Bottled Lightning","Molten Egg 2","Tiny House","Centennial Puzzle","War Paint","Busted Crown","Girya","Unceasing Top","Question Card"],"potions_floor_usage":[33,38,39,45,50],"damage_taken":[{"damage":10.0,"enemies":"Small Slimes","floor":1.0,"turns":3.0},{"damage":1.0,"enemies":"Jaw Worm","floor":2.0,"turns":4.0},{"damage":0.0,"enemies":"Lagavulin","floor":6.0,"turns":7.0},{"damage":0.0,"enemies":"Cultist","floor":7.0,"turns":4.0},{"damage":14.0,"enemies":"Gremlin Nob","floor":8.0,"turns":5.0},{"damage":0.0,"enemies":"Looter","floor":12.0,"turns":3.0},{"damage":0.0,"enemies":"Lagavulin","floor":13.0,"turns":7.0},{"damage":10.0,"enemies":"Lots of Slimes","floor":14.0,"turns":2.0},{"damage":12.0,"enemies":"Slime Boss","floor":16.0,"turns":10.0},{"damage":11.0,"enemies":"Spheric Guardian","floor":18.0,"turns":4.0},{"damage":9.0,"enemies":"Shell Parasite","floor":20.0,"turns":6.0},{"damage":15.0,"enemies":"Snake Plant","floor":24.0,"turns":3.0},{"damage":4.0,"enemies":"Book of Stabbing","floor":25.0,"turns":6.0},{"damage":18,"enemies":"3 Cultists","floor":31,"turns":6},{"damage":45,"enemies":"Champ","floor":33,"turns":11},{"damage":16,"enemies":"3 Darklings","floor":35,"turns":5},{"damage":38,"enemies":"2 Orb Walkers","floor":38,"turns":7},{"damage":0,"enemies":"Mind Bloom Boss Battle","floor":39,"turns":6},{"damage":0,"enemies":"Orb Walker","floor":41,"turns":4},{"damage":2,"enemies":"3 Darklings","floor":44,"turns":7},{"damage":11,"enemies":"Writhing Mass","floor":45,"turns":7},{"damage":13,"enemies":"Sphere and 2 Shapes","floor":48,"turns":6},{"damage":68,"enemies":"Donu and Deca","floor":50,"turns":7}],"seed_played":"-6135671264414705485","potions_obtained":[{"floor":6.0,"key":"FocusPotion"},{"floor":7.0,"key":"Ancient Potion"},{"floor":12.0,"key":"FearPotion"},{"floor":13.0,"key":"Fire Potion"},{"floor":17.0,"key":"Block Potion"},{"floor":25.0,"key":"Energy Potion"},{"floor":38,"key":"EssenceOfSteel"},{"floor":39,"key":"Poison Potion"},{"floor":45,"key":"Regen Potion"}],"is_trial":false,"path_per_floor":["M","M","?","?","?","E","M","E","T","R","$","M","E","M","R","B",null,"M","?","M","$","?","R","M","E","T","R","?","R","$","M","R","B",null,"M","?","?","?","?","R","M","R","T","M","M","?","$","M","R","B"],"character_chosen":"DEFECT","items_purchased":["Leap","Static Discharge","Capacitor","Compile Driver+1","Conserve Battery","Chaos","Glacier","Chrysalis","Capacitor"],"campfire_rested":6,"item_purchase_floors":[11,11,21,21,21,21,47,47,47],"current_hp_per_floor":[58,57,50,50,50,50,50,36,36,58,58,58,58,48,48,36,70,59,59,50,50,50,50,35,31,31,55,55,55,55,37,61,16,64,48,48,48,10,10,32,32,54,54,52,41,41,41,28,50,0],"gold":28,"neow_bonus":"ONE_RANDOM_RARE_CARD","is_prod":false,"is_daily":false,"chose_seed":false,"campfire_upgraded":3,"win_rate":0,"timestamp":1563763177,"path_taken":["M","M","?","?","?","E","?","E","T","R","?","M","E","M","R","BOSS","M","?","?","$","?","R","?","E","T","R","?","R","?","?","R","BOSS","M","?","?","?","?","R","M","R","T","M","M","?","$","M","R","BOSS"],"build_version":"2019-07-17","purchased_purges":2,"victory":false,"max_hp_per_floor":[75,75,75,75,75,75,75,75,75,75,75,75,75,75,75,75,80,80,80,80,80,80,80,80,80,80,80,80,80,80,80,80,80,80,80,76,76,76,76,76,76,76,76,76,76,76,76,76,76,76],"card_choices":[{"not_picked":["Go for the Eyes","Chill"],"picked":"Glacier","floor":1.0},{"not_picked":["Hologram","Barrage"],"picked":"Ball Lightning","floor":2.0},{"not_picked":["Force Field","Chill"],"picked":"Doom and Gloom","floor":6.0},{"not_picked":["Gash","Blizzard"],"picked":"Hologram","floor":7.0},{"not_picked":["Force Field","Gash"],"picked":"Ball Lightning","floor":8.0},{"not_picked":["Gash","Thunder Strike","Hologram"],"picked":"SKIP","floor":12.0},{"not_picked":["Compile Driver","Recycle","Fission"],"picked":"SKIP","floor":13.0},{"not_picked":["Leap","Darkness"],"picked":"Barrage+1","floor":14.0},{"not_picked":["Machine Learning","All For One+1"],"picked":"Echo Form","floor":16.0},{"not_picked":["FTL+1","Coolheaded"],"picked":"Cold Snap+1","floor":17.0},{"not_picked":["Beam Cell+1","Redo"],"picked":"BootSequence","floor":18.0},{"not_picked":["Sweeping Beam+1","Beam Cell+1"],"picked":"Barrage+1","floor":20.0},{"not_picked":["All For One+1","Fusion"],"picked":"Glacier","floor":24.0},{"not_picked":["Loop","Steam"],"picked":"Chill","floor":25.0},{"not_picked":["Stack","Hello World","Double Energy+1"],"picked":"SKIP","floor":31},{"not_picked":["Hyperbeam+1","Echo Form"],"picked":"Biased Cognition","floor":33},{"not_picked":["Aggregate+1"],"picked":"SKIP","floor":35},{"not_picked":[],"picked":"Compile Driver+1","floor":38},{"not_picked":[],"picked":"Cold Snap+1","floor":41},{"not_picked":["Turbo","Gash+1"],"picked":"SKIP","floor":44},{"not_picked":["Hologram+1"],"picked":"Consume","floor":45},{"not_picked":["Stack","Chaos+1"],"picked":"SKIP","floor":48}],"player_experience":290640,"relics_obtained":[{"floor":6.0,"key":"Ancient Tea Set"},{"floor":8.0,"key":"Ice Cream"},{"floor":9.0,"key":"Bottled Lightning"},{"floor":13.0,"key":"Molten Egg 2"},{"floor":25.0,"key":"Centennial Puzzle"},{"floor":26.0,"key":"War Paint"},{"floor":38,"key":"Girya"},{"floor":39,"key":"Unceasing Top"},{"floor":43,"key":"Question Card"}],"event_choices":[{"cards_removed":["Strike_B"],"damage_healed":0.0,"max_hp_gain":0.0,"max_hp_loss":0.0,"gold_gain":0.0,"event_name":"Golden Wing","player_choice":"Card Removal","floor":3.0,"gold_loss":0.0,"damage_taken":7.0},{"damage_healed":0.0,"max_hp_gain":0.0,"max_hp_loss":0.0,"gold_gain":0.0,"event_name":"Living Wall","player_choice":"Grow","floor":4.0,"gold_loss":0.0,"damage_taken":0.0,"cards_upgraded":["Buffer"]},{"damage_healed":0.0,"max_hp_gain":0.0,"max_hp_loss":0.0,"gold_gain":0.0,"event_name":"Liars Game","player_choice":"Ignored","floor":5.0,"gold_loss":0.0,"damage_taken":0.0},{"damage_healed":0.0,"max_hp_gain":0.0,"max_hp_loss":0.0,"gold_gain":200.0,"event_name":"Wheel of Change","player_choice":"Gold","floor":19.0,"gold_loss":0.0,"damage_taken":0.0},{"damage_healed":0.0,"max_hp_gain":0.0,"max_hp_loss":0.0,"gold_gain":0.0,"event_name":"Accursed Blacksmith","player_choice":"Forge","floor":22.0,"gold_loss":0.0,"damage_taken":0.0,"cards_upgraded":["Capacitor"]},{"damage_healed":0.0,"max_hp_gain":0.0,"max_hp_loss":0.0,"gold_gain":0.0,"event_name":"Masked Bandits","player_choice":"Paid Fearfully","floor":28.0,"gold_loss":299.0,"damage_taken":0.0},{"damage_healed":0,"gold_gain":0,"player_choice":"Max HP","damage_taken":0,"max_hp_gain":0,"max_hp_loss":4,"event_name":"Winding Halls","floor":36,"gold_loss":0},{"damage_healed":0,"gold_gain":0,"player_choice":"Ignored","damage_taken":0,"max_hp_gain":0,"max_hp_loss":0,"event_name":"Tomb of Lord Red Mask","floor":37,"gold_loss":0},{"damage_healed":0,"gold_gain":0,"player_choice":"Fight","damage_taken":0,"max_hp_gain":0,"max_hp_loss":0,"event_name":"Mysterious Sphere","floor":38,"gold_loss":0},{"damage_healed":0,"gold_gain":0,"player_choice":"Fight","damage_taken":0,"max_hp_gain":0,"max_hp_loss":0,"event_name":"MindBloom","floor":39,"gold_loss":0},{"damage_healed":0,"gold_gain":0,"player_choice":"Copied","damage_taken":0,"max_hp_gain":0,"max_hp_loss":0,"event_name":"Duplicator","floor":46,"gold_loss":0,"cards_obtained":["Echo Form"]}],"is_beta":false,"boss_relics":[{"not_picked":["Empty Cage","Runic Dome"],"picked":"Tiny House"},{"not_picked":["Lizard Tail","Eternal Feather"],"picked":"Busted Crown"}],"items_purged_floors":[11,47],"is_endless":false,"potions_floor_spawned":[6,7,12,13,14,18,25,38,39,45],"killed_by":"Donu and Deca","ascension_level":9}