{"gold_per_floor":[112,112,112,135,211,211,254,277,277,298,338,338,338,358,358,448,448,464,464,33,158,176,207,207,240,265,265,279,320,320,361,361,454,454,478,493,493,52,72,106,106,439,439,466,515,546,546,172,172,172,172,172,172,30,56,56],"floor_reached":57,"playtime":1824,"items_purged":["A Thousand Cuts+1"],"score":3494,"play_id":"f796e2a0-43db-413f-bfb2-50a51aaab353","local_time":"20190617003149","is_ascension_mode":true,"campfire_choices":[{"data":"Accuracy","floor":6,"key":"SMITH"},{"data":"Cloak And Dagger","floor":13,"key":"SMITH"},{"data":"Terror","floor":15,"key":"SMITH"},{"data":"Cloak And Dagger","floor":24,"key":"SMITH"},{"data":"Cloak And Dagger","floor":27,"key":"SMITH"},{"data":"Neutralize","floor":32,"key":"SMITH"},{"floor":41,"key":"RECALL"},{"data":"Blur","floor":47,"key":"SMITH"},{"data":"Cloak And Dagger","floor":49,"key":"SMITH"},{"data":"Survivor","floor":53,"key":"SMITH"}],"neow_cost":"","seed_source_timestamp":195318243560400,"circlet_count":0,"master_deck":["Cloak And Dagger+1","Cloak And Dagger+1","Cloak And Dagger+1","Cloak And Dagger+1","Accuracy+1","Survivor+1","Neutralize+1","Blur+1","Crippling Poison","Blade Dance+1","Terror+1","Accuracy+1","PiercingWail","Calculated Gamble","Tools of the Trade+1","Blade Dance+1","Footwork+1","Footwork+1"],"relics":["Ring of the Snake","WristBlade","Frozen Egg 2","Dodecahedron","Potion Belt","White Beast Statue","WingedGreaves","Bird Faced Urn","Bottled Lightning","Juzu Bracelet","Ginger","Dream Catcher","Vajra","Anchor","Philosopher\u0027s Stone","Shuriken","Bag of Preparation","Bottled Tornado","Molten Egg 2","FossilizedHelix","Incense Burner","Darkstone Periapt","Pen Nib","Bag of Marbles"],"potions_floor_usage":[16,16,21,21,21,21,21,21,22,23,25,25,29,33,33,35,50,50,56,56,56],"damage_taken":[{"damage":0,"enemies":"Cultist","floor":1,"turns":2},{"damage":0,"enemies":"Small Slimes","floor":4,"turns":2},{"damage":4,"enemies":"3 Sentries","floor":7,"turns":6},{"damage":0,"enemies":"Jaw Worm","floor":8,"turns":2},{"damage":0,"enemies":"Looter","floor":10,"turns":2},{"damage":0,"enemies":"Lagavulin","floor":11,"turns":5},{"damage":6,"enemies":"2 Fungi Beasts","floor":14,"turns":3},{"damage":0,"enemies":"Slime Boss","floor":16,"turns":1},{"damage":0,"enemies":"Chosen","floor":18,"turns":3},{"damage":5,"enemies":"Colosseum Slavers","floor":21,"turns":4},{"damage":0,"enemies":"Colosseum Nobs","floor":21,"turns":2},{"damage":0,"enemies":"Shell Parasite","floor":22,"turns":4},{"damage":14,"enemies":"Book of Stabbing","floor":23,"turns":4},{"damage":2,"enemies":"Slavers","floor":25,"turns":6},{"damage":0,"enemies":"Centurion and Healer","floor":28,"turns":3},{"damage":0,"enemies":"Book of Stabbing","floor":29,"turns":2},{"damage":11,"enemies":"Gremlin Leader","floor":31,"turns":3},{"damage":5,"enemies":"Champ","floor":33,"turns":5},{"damage":1,"enemies":"3 Darklings","floor":35,"turns":4},{"damage":0,"enemies":"Orb Walker","floor":36,"turns":2},{"damage":0,"enemies":"Spire Growth","floor":39,"turns":2},{"damage":0,"enemies":"Giant Head","floor":40,"turns":3},{"damage":0,"enemies":"Reptomancer","floor":44,"turns":3},{"damage":0,"enemies":"2 Orb Walkers","floor":45,"turns":2},{"damage":0,"enemies":"Nemesis","floor":46,"turns":3},{"damage":0,"enemies":"Donu and Deca","floor":50,"turns":7},{"damage":0,"enemies":"Awakened One","floor":51,"turns":6},{"damage":6,"enemies":"Shield and Spear","floor":55,"turns":5},{"damage":47,"enemies":"The Heart","floor":56,"turns":7}],"seed_played":"7345074780968443064","potions_obtained":[{"floor":1,"key":"FearPotion"},{"floor":7,"key":"Energy Potion"},{"floor":8,"key":"Explosive Potion"},{"floor":14,"key":"SteroidPotion"},{"floor":18,"key":"Dexterity Potion"},{"floor":19,"key":"PowerPotion"},{"floor":19,"key":"EntropicBrew"},{"floor":21,"key":"Dexterity Potion"},{"floor":22,"key":"SkillPotion"},{"floor":23,"key":"LiquidBronze"},{"floor":25,"key":"SkillPotion"},{"floor":28,"key":"Energy Potion"},{"floor":29,"key":"PowerPotion"},{"floor":31,"key":"Explosive Potion"},{"floor":33,"key":"SpeedPotion"},{"floor":35,"key":"Block Potion"},{"floor":36,"key":"GhostInAJar"},{"floor":40,"key":"SpeedPotion"},{"floor":45,"key":"Ancient Potion"},{"floor":55,"key":"SpeedPotion"}],"is_trial":true,"path_per_floor":["M","?","?","M","T","R","E","M","T","M","E","?","R","M","R","B",null,"M","?","$","?","M","E","R","E","T","R","M","E","?","E","R","B",null,"M","M","?","$","M","E","R","?","T","E","?","E","R","$","R","B","B",null,"R","$","E","B",null],"character_chosen":"THE_SILENT","items_purchased":["WingedGreaves","Accuracy+1","PiercingWail","Shuriken","Bag of Preparation","Footwork+1","Pen Nib","GhostInAJar","Footwork+1","Energy Potion"],"campfire_rested":0,"item_purchase_floors":[20,20,20,38,38,48,48,48,54,54],"current_hp_per_floor":[59,59,60,60,60,60,56,56,56,56,56,56,56,50,50,50,58,58,58,58,53,59,46,46,52,52,52,58,60,60,51,51,54,59,60,60,60,60,60,60,60,60,60,60,60,60,60,60,60,60,60,60,60,60,56,15],"gold":56,"neow_bonus":"","is_prod":false,"is_daily":false,"chose_seed":false,"campfire_upgraded":9,"win_rate":0,"timestamp":1560699109,"path_taken":["M","?","?","?","?","R","E","M","T","M","E","?","R","M","R","BOSS","M","?","$","?","M","E","R","E","T","R","M","E","?","E","R","BOSS","M","M","?","$","M","E","R","?","T","E","?","E","R","$","R","BOSS","BOSS","R","$","E","BOSS"],"build_version":"2019-01-23","purchased_purges":1,"victory":true,"max_hp_per_floor":[66,60,60,60,60,60,60,60,60,60,60,60,60,60,60,60,60,60,60,60,60,60,60,60,60,60,60,60,60,60,60,60,60,60,60,60,60,60,60,60,60,60,60,60,60,60,60,60,60,60,60,60,60,60,60,60],"card_choices":[{"not_picked":["Outmaneuver","Backflip","Blade Dance"],"picked":"SKIP","floor":1},{"not_picked":["PiercingWail","Outmaneuver"],"picked":"Blur","floor":4},{"not_picked":["Leg Sweep","Bane","Outmaneuver"],"picked":"SKIP","floor":7},{"not_picked":["Cloak And Dagger","Storm of Steel"],"picked":"Crippling Poison","floor":8},{"not_picked":["Dash","Dagger Throw"],"picked":"Blade Dance","floor":10},{"not_picked":["Backflip","PiercingWail"],"picked":"Terror","floor":11},{"not_picked":["Prepared","Bane","Deflect"],"picked":"SKIP","floor":14},{"not_picked":["Die Die Die","Storm of Steel"],"picked":"A Thousand Cuts+1","floor":16},{"not_picked":["Slice","Underhanded Strike","Backflip"],"picked":"SKIP","floor":18},{"not_picked":["Reflex","Deadly Poison","Skewer"],"picked":"SKIP","floor":22},{"not_picked":["Bane","Acrobatics"],"picked":"Calculated Gamble","floor":23},{"not_picked":["Slice","Quick Slash","Endless Agony+1"],"picked":"SKIP","floor":25},{"not_picked":["Storm of Steel","Sucker Punch","Dagger Spray"],"picked":"SKIP","floor":28},{"not_picked":["Blade Dance","Quick Slash","Flying Knee"],"picked":"SKIP","floor":29},{"not_picked":["Setup+1","All Out Attack","Blade Dance"],"picked":"SKIP","floor":31},{"not_picked":["Grand Finale","Unload"],"picked":"Tools of the Trade+1","floor":33},{"not_picked":["Riddle With Holes+1","Calculated Gamble","Slice"],"picked":"SKIP","floor":35},{"not_picked":["Cloak And Dagger","Deflect+1"],"picked":"Blade Dance+1","floor":36},{"not_picked":["Cloak And Dagger+1","Bane","Flechettes"],"picked":"SKIP","floor":39},{"not_picked":["Crippling Poison","Dagger Throw","Night Terror"],"picked":"SKIP","floor":40},{"not_picked":["Dagger Spray+1","Flying Knee+1","Acrobatics"],"picked":"SKIP","floor":44},{"not_picked":["Distraction","Reflex","Bane+1"],"picked":"SKIP","floor":46},{"not_picked":["Masterful Stab+1","Quick Slash+1","Catalyst"],"picked":"SKIP","floor":55}],"player_experience":5380110,"relics_obtained":[{"floor":7,"key":"Frozen Egg 2"},{"floor":9,"key":"Dodecahedron"},{"floor":11,"key":"Potion Belt"},{"floor":21,"key":"Bird Faced Urn"},{"floor":21,"key":"Bottled Lightning"},{"floor":23,"key":"Juzu Bracelet"},{"floor":25,"key":"Ginger"},{"floor":26,"key":"Dream Catcher"},{"floor":29,"key":"Vajra"},{"floor":31,"key":"Anchor"},{"floor":40,"key":"Bottled Tornado"},{"floor":43,"key":"Molten Egg 2"},{"floor":44,"key":"FossilizedHelix"},{"floor":45,"key":"Incense Burner"},{"floor":46,"key":"Darkstone Periapt"},{"floor":55,"key":"Bag of Marbles"}],"event_choices":[{"damage_healed":0,"gold_gain":0,"player_choice":"Lose Max HP","damage_taken":0,"relics_obtained":["Golden Idol"],"max_hp_gain":0,"max_hp_loss":6,"event_name":"Golden Idol","floor":2,"gold_loss":0},{"cards_removed":["Cloak And Dagger"],"damage_healed":5,"gold_gain":0,"player_choice":"Offered Common","damage_taken":0,"max_hp_gain":0,"max_hp_loss":0,"event_name":"Bonfire Elementals","floor":3,"gold_loss":0},{"cards_removed":["Cloak And Dagger"],"damage_healed":5,"gold_gain":0,"player_choice":"Offered Special","damage_taken":0,"max_hp_gain":0,"max_hp_loss":0,"event_name":"Bonfire Elementals","floor":3,"gold_loss":0},{"damage_healed":0,"gold_gain":0,"player_choice":"Grow","damage_taken":0,"max_hp_gain":0,"max_hp_loss":0,"event_name":"Living Wall","floor":12,"gold_loss":0,"cards_upgraded":["Blade Dance"]},{"damage_healed":0,"gold_gain":0,"player_choice":"Got Potions","damage_taken":0,"max_hp_gain":0,"max_hp_loss":0,"event_name":"Lab","floor":19,"gold_loss":0},{"damage_healed":0,"gold_gain":0,"player_choice":"Fight","damage_taken":0,"max_hp_gain":0,"max_hp_loss":0,"event_name":"Colosseum","floor":21,"gold_loss":0},{"damage_healed":0,"gold_gain":0,"player_choice":"Fought Nobs","damage_taken":0,"max_hp_gain":0,"max_hp_loss":0,"event_name":"Colosseum","floor":21,"gold_loss":0},{"damage_healed":0,"gold_gain":0,"player_choice":"Ignored","damage_taken":0,"max_hp_gain":0,"max_hp_loss":0,"event_name":"Cursed Tome","floor":30,"gold_loss":0},{"damage_healed":0,"gold_gain":0,"player_choice":"Memory 1","damage_taken":0,"max_hp_gain":0,"max_hp_loss":0,"event_name":"SensoryStone","floor":37,"gold_loss":0},{"damage_healed":0,"gold_gain":333,"player_choice":"Gave Idol","damage_taken":0,"max_hp_gain":0,"max_hp_loss":0,"event_name":"The Moai Head","floor":42,"relics_lost":["Golden Idol"],"gold_loss":0},{"damage_healed":0,"gold_gain":0,"player_choice":"Fight","damage_taken":0,"max_hp_gain":0,"max_hp_loss":0,"event_name":"Mysterious Sphere","floor":45,"gold_loss":0}],"is_beta":false,"boss_relics":[{"not_picked":["Coffee Dripper","Eternal Feather"],"picked":"White Beast Statue"},{"not_picked":["Snecko Eye","Runic Pyramid"],"picked":"Philosopher\u0027s Stone"}],"items_purged_floors":[48],"is_endless":false,"potions_floor_spawned":[1,7,8,14,18,21,21,22,23,25,28,29,31,33,35,36,39,40,44,45,46,55],"ascension_level":20}