{"gold_per_floor":[117,137,137,147,72,72,83,117,141,175,188,202,202,202,202,202],"floor_reached":16,"playtime":145,"items_purged":["Defend_R"],"score":224,"play_id":"5ddefd4d-00c5-4f58-a09e-e1773c5b232f","local_time":"20190413023745","is_ascension_mode":true,"campfire_choices":[{"data":"Perfected Strike","floor":6,"key":"SMITH"},{"data":"Bash","floor":13,"key":"SMITH"},{"data":"Evolve","floor":15,"key":"SMITH"}],"neow_cost":"NONE","seed_source_timestamp":96709430412700,"circlet_count":0,"master_deck":["AscendersBane","Strike_R","Strike_R","Strike_R","Strike_R","Strike_R","Defend_R","Defend_R","Defend_R","Bash+1","Perfected Strike+1","Pommel Strike","Evolve+1","Wild Strike","Pommel Strike","Pommel Strike"],"relics":["Burning Blood","NeowsBlessing","Omamori","Orichalcum","Anchor","Lantern"],"potions_floor_usage":[16],"damage_taken":[{"damage":0,"enemies":"Cultist","floor":1,"turns":1},{"damage":0,"enemies":"Small Slimes","floor":2,"turns":1},{"damage":0,"enemies":"2 Louse","floor":4,"turns":1},{"damage":6,"enemies":"2 Fungi Beasts","floor":7,"turns":2},{"damage":30,"enemies":"Lagavulin","floor":8,"turns":5},{"damage":2,"enemies":"Gremlin Nob","floor":10,"turns":3},{"damage":13,"enemies":"3 Louse","floor":11,"turns":3},{"damage":7,"enemies":"Exordium Wildlife","floor":12,"turns":4},{"damage":24,"enemies":"Slime Boss","floor":16,"turns":4}],"seed_played":"-3873894977169916609","potions_obtained":[{"floor":4,"key":"Explosive Potion"},{"floor":7,"key":"BloodPotion"}],"is_trial":false,"path_per_floor":["M","M","?","M","$","R","M","E","T","E","M","M","R","?","R","B"],"character_chosen":"IRONCLAD","items_purchased":[],"campfire_rested":0,"item_purchase_floors":[],"current_hp_per_floor":[74,75,75,75,75,75,75,51,51,55,48,47,47,12,12,0],"gold":202,"neow_bonus":"THREE_ENEMY_KILL","is_prod":false,"is_daily":false,"chose_seed":false,"campfire_upgraded":3,"win_rate":0,"timestamp":1555090665,"path_taken":["M","?","?","M","$","R","M","E","T","E","M","M","R","?","R","BOSS"],"build_version":"2019-01-23","purchased_purges":1,"victory":false,"max_hp_per_floor":[75,75,75,75,75,75,75,75,75,75,75,75,75,75,75,75],"card_choices":[{"not_picked":["Fire Breathing","Twin Strike"],"picked":"Perfected Strike","floor":1},{"not_picked":["Sword Boomerang","Rage"],"picked":"Pommel Strike","floor":2},{"not_picked":["Ghostly Armor","Body Slam"],"picked":"Evolve","floor":4},{"not_picked":["Rupture","Thunderclap"],"picked":"Wild Strike","floor":7},{"not_picked":["Inflame","Power Through"],"picked":"Pommel Strike","floor":8},{"not_picked":["Evolve","Dropkick","Fire Breathing"],"picked":"SKIP","floor":10},{"not_picked":["Bloodletting","Anger"],"picked":"Pommel Strike","floor":11},{"not_picked":["Cleave","Inflame","Clash"],"picked":"SKIP","floor":12}],"player_experience":4772162,"relics_obtained":[{"floor":8,"key":"Omamori"},{"floor":9,"key":"Orichalcum"},{"floor":10,"key":"Anchor"}],"event_choices":[{"damage_healed":0,"gold_gain":0,"player_choice":"Ignored","damage_taken":0,"max_hp_gain":0,"max_hp_loss":0,"event_name":"Liars Game","floor":3,"gold_loss":0},{"damage_healed":0,"gold_gain":0,"player_choice":"Success","damage_taken":35,"relics_obtained":["Lantern"],"max_hp_gain":0,"max_hp_loss":0,"event_name":"Scrap Ooze","floor":14,"gold_loss":0}],"is_beta":false,"boss_relics":[],"items_purged_floors":[5],"is_endless":false,"potions_floor_spawned":[4,7,8,10,12],"killed_by":"Slime Boss","ascension_level":20}