{"gold_per_floor":[110,120,120,120,141,141,177,177,177,201,201,217,35,68,68,164,164,185,36,55,70,70,70,120,120,120,20,20,34,34,57,57,153,216,239,114,132,147,147,147,181,181],"floor_reached":42,"playtime":1512,"items_purged":["Defend_G","Defend_G","Strike_G"],"score":902,"play_id":"1f94f116-366b-45f8-9d4d-a3dd82d7eced","local_time":"20190410021357","is_ascension_mode":true,"campfire_choices":[{"data":"Neutralize","floor":6.0,"key":"SMITH"},{"data":"Blade Dance","floor":8.0,"key":"SMITH"},{"floor":11.0,"key":"REST"},{"data":"Apotheosis","floor":15.0,"key":"SMITH"},{"data":"Well Laid Plans","floor":23.0,"key":"SMITH"},{"data":"Prepared","floor":25.0,"key":"SMITH"},{"data":"Crippling Poison","floor":32.0,"key":"SMITH"},{"data":"Adrenaline","floor":40.0,"key":"SMITH"}],"neow_cost":"NONE","seed_source_timestamp":631818684353600,"circlet_count":0,"master_deck":["AscendersBane","Defend_G","Defend_G","Defend_G","Strike_G","Strike_G","Strike_G","Survivor","Neutralize+1","Quick Slash","Backflip","PiercingWail","Dodge and Roll","Blade Dance+1","Cloak And Dagger","Deadly Poison","Apotheosis+1","Crippling Poison+1","Adrenaline+1","Prepared+1","Expertise","Well Laid Plans+1","Backflip","Adrenaline+1","Noxious Fumes","After Image+1","Acrobatics","Adrenaline+1","Discovery","Bandage Up"],"special_seed":0,"relics":["Ring of the Snake","NeowsBlessing","Golden Idol","Odd Mushroom","Pantograph","Boot","Coffee Dripper","Ancient Tea Set","Tiny House","PreservedInsect"],"potions_floor_usage":[42],"damage_taken":[{"damage":0.0,"enemies":"Jaw Worm","floor":1.0,"turns":1.0},{"damage":0.0,"enemies":"Small Slimes","floor":2.0,"turns":1.0},{"damage":0.0,"enemies":"Cultist","floor":5.0,"turns":1.0},{"damage":19.0,"enemies":"The Mushroom Lair","floor":7.0,"turns":7.0},{"damage":0.0,"enemies":"2 Fungi Beasts","floor":10.0,"turns":4.0},{"damage":15.0,"enemies":"Lots of Slimes","floor":12.0,"turns":5.0},{"damage":0.0,"enemies":"Lagavulin","floor":14.0,"turns":6.0},{"damage":24.0,"enemies":"The Guardian","floor":16.0,"turns":12.0},{"damage":2.0,"enemies":"Shell Parasite","floor":18.0,"turns":5.0},{"damage":11.0,"enemies":"Chosen","floor":20.0,"turns":5.0},{"damage":13.0,"enemies":"Centurion and Healer","floor":21.0,"turns":6.0},{"damage":1.0,"enemies":"Chosen and Byrds","floor":29.0,"turns":6.0},{"damage":0.0,"enemies":"Sentry and Sphere","floor":31.0,"turns":3.0},{"damage":1.0,"enemies":"Collector","floor":33.0,"turns":7.0},{"damage":0.0,"enemies":"3 Shapes","floor":35.0,"turns":6.0},{"damage":0.0,"enemies":"3 Darklings","floor":37.0,"turns":5.0},{"damage":0.0,"enemies":"Writhing Mass","floor":38.0,"turns":7.0},{"damage":2.0,"enemies":"Nemesis","floor":41.0,"turns":7.0},{"damage":107,"enemies":"Transient","floor":42,"turns":6}],"seed_played":"-366696463757598810","potions_obtained":[{"floor":2.0,"key":"PowerPotion"},{"floor":7.0,"key":"PowerPotion"},{"floor":21.0,"key":"SkillPotion"},{"floor":29.0,"key":"Poison Potion"},{"floor":33.0,"key":"Explosive Potion"},{"floor":34.0,"key":"Block Potion"},{"floor":41.0,"key":"GamblersBrew"}],"is_trial":false,"path_per_floor":["M","M","?","?","M","R","?","R","T","M","R","M","$","E","R","B",null,"M","$","M","M","?","R","?","R","T","$","?","M","?","M","R","B",null,"M","$","M","M","?","R","E","M"],"character_chosen":"THE_SILENT","items_purchased":["Apotheosis","Expertise"],"campfire_rested":1,"item_purchase_floors":[13,19],"current_hp_per_floor":[59,59,59,36,36,36,17,17,17,17,36,21,21,21,21,22,55,53,53,42,29,29,29,29,29,29,29,29,28,28,28,28,52,68,68,68,68,68,63,63,67,0],"gold":181,"neow_bonus":"THREE_ENEMY_KILL","is_prod":false,"is_daily":false,"chose_seed":false,"campfire_upgraded":7,"win_rate":0,"timestamp":1554830037,"path_taken":["M","M","?","?","M","R","?","R","T","M","R","M","$","E","R","BOSS","M","$","M","M","?","R","?","R","T","$","?","?","?","M","R","BOSS","M","?","M","M","?","R","E","M"],"build_version":"2019-01-23","purchased_purges":3,"victory":false,"max_hp_per_floor":[66,66,66,66,66,66,66,66,66,66,66,66,66,66,66,66,66,66,66,66,66,66,66,66,66,66,66,66,66,66,66,66,66,71,71,71,71,71,71,71,71,71],"card_choices":[{"not_picked":["Backflip","Cloak And Dagger"],"picked":"Quick Slash","floor":1.0},{"not_picked":["Infinite Blades","Dodge and Roll"],"picked":"Backflip","floor":2.0},{"not_picked":["Dodge and Roll","Caltrops","Expertise"],"picked":"SKIP","floor":5.0},{"not_picked":["Caltrops","Expertise"],"picked":"Dodge and Roll","floor":5.0},{"not_picked":["Expertise","Outmaneuver"],"picked":"Blade Dance","floor":7.0},{"not_picked":["Calculated Gamble","PiercingWail"],"picked":"Cloak And Dagger","floor":10.0},{"not_picked":["Bane","Skewer"],"picked":"Deadly Poison","floor":12.0},{"not_picked":["Heel Hook","Backflip"],"picked":"Crippling Poison","floor":14.0},{"not_picked":["Phantasmal Killer","A Thousand Cuts"],"picked":"Adrenaline","floor":16.0},{"not_picked":["Eviscerate","Dagger Throw"],"picked":"Prepared","floor":18.0},{"not_picked":["Underhanded Strike","Dagger Spray+1"],"picked":"Well Laid Plans","floor":20.0},{"not_picked":["Sucker Punch","Dagger Spray"],"picked":"Backflip","floor":21.0},{"not_picked":["Well Laid Plans+1","Outmaneuver","Poisoned Stab"],"picked":"SKIP","floor":29.0},{"not_picked":["Deadly Poison","Dagger Throw"],"picked":"Noxious Fumes","floor":31.0},{"not_picked":["Corpse Explosion","Bullet Time"],"picked":"After Image","floor":33.0},{"not_picked":["PiercingWail","Finisher"],"picked":"Acrobatics","floor":34.0},{"not_picked":["Acrobatics","Flechettes","Blade Dance"],"picked":"SKIP","floor":35.0},{"not_picked":["Blade Dance","Choke","Flying Knee"],"picked":"SKIP","floor":37.0},{"not_picked":["Blade Dance","PiercingWail"],"picked":"Adrenaline","floor":38.0},{"not_picked":["Impatience","PanicButton"],"picked":"Discovery","floor":39.0},{"not_picked":["Jack Of All Trades","Impatience"],"picked":"Bandage Up","floor":39.0},{"not_picked":["Outmaneuver+1","Deadly Poison","Leg Sweep"],"picked":"SKIP","floor":41.0}],"player_experience":4745758,"relics_obtained":[{"floor":7.0,"key":"Odd Mushroom"},{"floor":9.0,"key":"Pantograph"},{"floor":14.0,"key":"Boot"},{"floor":26.0,"key":"Ancient Tea Set"},{"floor":41.0,"key":"PreservedInsect"}],"event_choices":[{"damage_healed":0.0,"max_hp_gain":0.0,"max_hp_loss":0.0,"gold_gain":0.0,"cards_transformed":["Strike_G"],"event_name":"Living Wall","player_choice":"Change","floor":3.0,"gold_loss":0.0,"damage_taken":0.0,"cards_obtained":["PiercingWail"]},{"damage_healed":0.0,"max_hp_gain":0.0,"max_hp_loss":0.0,"gold_gain":0.0,"event_name":"Golden Idol","player_choice":"Take Damage","floor":4.0,"gold_loss":0.0,"damage_taken":23.0,"relics_obtained":["Golden Idol"]},{"damage_healed":0.0,"max_hp_gain":0.0,"max_hp_loss":0.0,"gold_gain":0.0,"event_name":"Mushrooms","player_choice":"Fought Mushrooms","floor":7.0,"gold_loss":0.0,"damage_taken":0.0},{"damage_healed":0.0,"max_hp_gain":0.0,"max_hp_loss":0.0,"gold_gain":50.0,"event_name":"Nest","player_choice":"Stole From Cult","floor":24.0,"gold_loss":0.0,"damage_taken":0.0},{"damage_healed":0.0,"max_hp_gain":0.0,"max_hp_loss":0.0,"gold_gain":0.0,"event_name":"Accursed Blacksmith","player_choice":"Forge","floor":28.0,"gold_loss":0.0,"damage_taken":0.0,"cards_upgraded":["Adrenaline"]},{"damage_healed":0.0,"max_hp_gain":0.0,"max_hp_loss":0.0,"gold_gain":0.0,"event_name":"Duplicator","player_choice":"Copied","floor":30.0,"gold_loss":0.0,"damage_taken":0.0,"cards_obtained":["Adrenaline"]},{"damage_healed":0.0,"max_hp_gain":0.0,"max_hp_loss":0.0,"gold_gain":0.0,"event_name":"SensoryStone","player_choice":"Memory 2","floor":39.0,"gold_loss":0.0,"damage_taken":5.0}],"is_beta":false,"boss_relics":[{"not_picked":["Ectoplasm","Runic Pyramid"],"picked":"Coffee Dripper"},{"not_picked":["Snecko Eye","Eternal Feather"],"picked":"Tiny House"}],"items_purged_floors":[19,27,36],"is_endless":false,"potions_floor_spawned":[2,7,12,21,29,33,37,38,41],"killed_by":"Transient","ascension_level":20}