{"gold_per_floor":[111,128,145,155,175,175,187,187,187,187,221,296,307,338,338,413,413,428,428,438,453,468,468,488,488,515,515,549,549,549,96,96,167,167,183,103,120,137,147,180,180,48,48,79,79,94,94,94,94,94,94,94,94,50,84,84],"floor_reached":57,"playtime":2656,"items_purged":["Strike_R","Bash"],"score":2688,"play_id":"32edef73-a0e6-4b02-a586-355b6816e189","local_time":"20190620014437","is_ascension_mode":true,"campfire_choices":[{"data":"Wild Strike","floor":6.0,"key":"SMITH"},{"data":"Reckless Charge","floor":10.0,"key":"SMITH"},{"data":"Dual Wield","floor":15.0,"key":"SMITH"},{"data":"Evolve","floor":23.0,"key":"SMITH"},{"data":"Night Terror","floor":25.0,"key":"SMITH"},{"data":"Body Slam","floor":29.0,"key":"SMITH"},{"data":"Madness","floor":32.0,"key":"SMITH"},{"floor":45.0,"key":"RECALL"},{"data":"Blade Dance","floor":47.0,"key":"SMITH"},{"data":"Dark Embrace","floor":49.0,"key":"SMITH"},{"data":"Feel No Pain","floor":53.0,"key":"SMITH"}],"neow_cost":"","seed_source_timestamp":109437028784800,"circlet_count":0,"master_deck":["AscendersBane","Defend_R","Defend_R","Backstab","Shrug It Off","Battle Trance","Night Terror+1","Evolve+1","Wild Strike+1","Dash","Reckless Charge+1","Madness+1","Dual Wield+1","Adrenaline","Secret Weapon","Escape Plan","Hologram+1","Secret Technique","Second Wind","Power Through","Body Slam+1","Dark Embrace+1","Shockwave+1","Feel No Pain+1","Feel No Pain","Blade Dance+1","Second Wind+1"],"special_seed":0,"relics":["Burning Blood","Question Card","PrismaticShard","Prayer Wheel","Pear","The Courier","Blood Vial","Mark of Pain","Lantern","Mercury Hourglass","FossilizedHelix","Centennial Puzzle","Empty Cage","Anchor","Magic Flower"],"potions_floor_usage":[56],"damage_taken":[{"damage":15.0,"enemies":"Small Slimes","floor":1.0,"turns":4.0},{"damage":4.0,"enemies":"Jaw Worm","floor":2.0,"turns":4.0},{"damage":7.0,"enemies":"2 Louse","floor":3.0,"turns":2.0},{"damage":0.0,"enemies":"Lots of Slimes","floor":4.0,"turns":6.0},{"damage":16.0,"enemies":"Exordium Wildlife","floor":5.0,"turns":5.0},{"damage":1.0,"enemies":"2 Fungi Beasts","floor":7.0,"turns":3.0},{"damage":5.0,"enemies":"Lagavulin","floor":11.0,"turns":5.0},{"damage":11.0,"enemies":"Blue Slaver","floor":13.0,"turns":3.0},{"damage":20.0,"enemies":"3 Sentries","floor":14.0,"turns":5.0},{"damage":41.0,"enemies":"Slime Boss","floor":16.0,"turns":9.0},{"damage":7.0,"enemies":"Chosen","floor":18.0,"turns":4.0},{"damage":4.0,"enemies":"Shell Parasite","floor":20.0,"turns":5.0},{"damage":0.0,"enemies":"Centurion and Healer","floor":21.0,"turns":6.0},{"damage":14.0,"enemies":"3 Cultists","floor":22.0,"turns":5.0},{"damage":0.0,"enemies":"Snecko","floor":24.0,"turns":2.0},{"damage":46.0,"enemies":"Slavers","floor":28.0,"turns":8.0},{"damage":42.0,"enemies":"Collector","floor":33.0,"turns":11.0},{"damage":0.0,"enemies":"3 Darklings","floor":35.0,"turns":4.0},{"damage":0.0,"enemies":"3 Shapes","floor":37.0,"turns":4.0},{"damage":0.0,"enemies":"Sphere and 2 Shapes","floor":38.0,"turns":4.0},{"damage":0.0,"enemies":"Maw","floor":39.0,"turns":3.0},{"damage":14.0,"enemies":"Reptomancer","floor":40.0,"turns":7.0},{"damage":10.0,"enemies":"Nemesis","floor":44.0,"turns":5.0},{"damage":0.0,"enemies":"Writhing Mass","floor":46.0,"turns":5.0},{"damage":12.0,"enemies":"Donu and Deca","floor":50.0,"turns":3.0},{"damage":7.0,"enemies":"Awakened One","floor":51.0,"turns":7.0},{"damage":63.0,"enemies":"Shield and Spear","floor":55.0,"turns":4.0},{"damage":16,"enemies":"The Heart","floor":56,"turns":9}],"seed_played":"9083788295188433362","potions_obtained":[{"floor":1.0,"key":"Block Potion"},{"floor":2.0,"key":"AttackPotion"},{"floor":7.0,"key":"Energy Potion"},{"floor":11.0,"key":"Dexterity Potion"},{"floor":18.0,"key":"Block Potion"},{"floor":19.0,"key":"PowerPotion"},{"floor":19.0,"key":"Weak Potion"},{"floor":21.0,"key":"Explosive Potion"},{"floor":22.0,"key":"EssenceOfSteel"},{"floor":28.0,"key":"LiquidBronze"},{"floor":35.0,"key":"Strength Potion"},{"floor":39.0,"key":"Fire Potion"},{"floor":40.0,"key":"Explosive Potion"},{"floor":46.0,"key":"PowerPotion"}],"is_trial":true,"path_per_floor":["M","M","M","M","M","R","M","?","T","R","E","?","M","E","R","B",null,"M","?","M","M","M","R","M","R","T","?","E","R","?","$","R","B",null,"M","$","M","M","M","E","?","$","T","E","R","M","R","?","R","B","B",null,"R","$","E","B",null],"character_chosen":"IRONCLAD","items_purchased":["FossilizedHelix","Centennial Puzzle","Feel No Pain","Feel No Pain","Dexterity Potion"],"campfire_rested":0,"item_purchase_floors":[31,31,42,42,54],"current_hp_per_floor":[59,61,60,66,56,56,61,61,71,71,72,61,56,42,42,9,66,67,67,71,79,73,73,81,81,81,81,43,43,43,43,43,9,66,74,74,82,85,85,77,77,77,77,75,75,85,85,85,85,82,85,85,85,85,31,27],"gold":84,"neow_bonus":"","is_prod":false,"is_daily":false,"chose_seed":false,"campfire_upgraded":10,"win_rate":0,"timestamp":1560962677,"path_taken":["M","M","M","M","M","R","M","?","T","R","E","?","M","E","R","BOSS","M","?","M","?","M","R","M","R","T","?","E","R","?","?","R","BOSS","M","$","M","M","M","E","?","$","T","E","R","M","R","?","R","BOSS","BOSS","R","$","E","BOSS"],"build_version":"2019-01-23","purchased_purges":2,"victory":true,"max_hp_per_floor":[75,75,75,75,75,75,75,75,85,85,85,85,85,85,85,85,85,85,85,85,85,85,85,85,85,85,85,85,85,85,85,85,85,85,85,85,85,85,85,85,85,85,85,85,85,85,85,85,85,85,85,85,85,85,85,85],"card_choices":[{"not_picked":["Scrape","Barrage","Shrug It Off"],"picked":"Backstab","floor":1.0},{"not_picked":["Gash","Whirlwind","Headbutt"],"picked":"Shrug It Off","floor":1.0},{"not_picked":["Outmaneuver","Recycle","Coolheaded"],"picked":"Battle Trance","floor":2.0},{"not_picked":["Outmaneuver","Shrug It Off","Conserve Battery"],"picked":"Night Terror","floor":2.0},{"not_picked":["Turbo","Pommel Strike","Sword Boomerang"],"picked":"Evolve","floor":3.0},{"not_picked":["Seeing Red","Cold Snap","Concentrate"],"picked":"Wild Strike","floor":3.0},{"not_picked":["Deadly Poison","Concentrate","Pommel Strike"],"picked":"Dash","floor":4.0},{"not_picked":["Cleave","Deflect","Backflip","Machine Learning"],"picked":"SKIP","floor":4.0},{"not_picked":["Clothesline","Bane","Coolheaded","Shrug It Off"],"picked":"SKIP","floor":5.0},{"not_picked":["Reinforced Body","Warcry","Flying Knee","Havoc"],"picked":"SKIP","floor":5.0},{"not_picked":["Prepared","Acrobatics","Quick Slash"],"picked":"Reckless Charge","floor":7.0},{"not_picked":["Backflip","Grand Finale","Havoc","Streamline"],"picked":"SKIP","floor":7.0},{"not_picked":["Setup","Go for the Eyes","Acrobatics"],"picked":"Madness","floor":11.0},{"not_picked":["Bandage Up","Blur","Pommel Strike"],"picked":"Dual Wield","floor":13.0},{"not_picked":["Thunderclap","Recycle","Cloak And Dagger"],"picked":"Adrenaline","floor":13.0},{"not_picked":["Skewer","Beam Cell","Underhanded Strike","Prepared"],"picked":"SKIP","floor":14.0},{"not_picked":["Reboot","Phantasmal Killer","Bludgeon"],"picked":"Secret Weapon","floor":16.0},{"not_picked":["Warcry","Deadly Poison","Expertise"],"picked":"Escape Plan","floor":18.0},{"not_picked":["PanicButton","Swift Strike","Clothesline","Cleave+1"],"picked":"SKIP","floor":18.0},{"not_picked":["Dagger Throw","Warcry","Fire Breathing"],"picked":"Hologram+1","floor":20.0},{"not_picked":["Panacea","Coolheaded","Pummel","Prepared"],"picked":"SKIP","floor":20.0},{"not_picked":["All Out Attack+1","Eviscerate","True Grit","Warcry"],"picked":"SKIP","floor":21.0},{"not_picked":["Reprogram","Disarm","Conserve Battery","Sword Boomerang"],"picked":"SKIP","floor":21.0},{"not_picked":["Quick Slash","Acrobatics","HandOfGreed","Deadly Poison"],"picked":"SKIP","floor":22.0},{"not_picked":["Dropkick+1","Purity","Forethought","Perfected Strike"],"picked":"SKIP","floor":22.0},{"not_picked":["Backflip","Stack","Steam"],"picked":"Secret Technique","floor":24.0},{"not_picked":["Go for the Eyes+1","Aggregate","Dual Wield","Defragment"],"picked":"SKIP","floor":24.0},{"not_picked":["Crippling Poison","Go for the Eyes","Heatsinks"],"picked":"Body Slam","floor":28.0},{"not_picked":["After Image","Violence","Machine Learning"],"picked":"Dark Embrace","floor":33.0},{"not_picked":["Auto Shields","Flex","Bouncing Flask","BootSequence"],"picked":"SKIP","floor":35.0},{"not_picked":["Redo","Slice","Outmaneuver","Blind+1"],"picked":"SKIP","floor":35.0},{"not_picked":["Storm","Escape Plan+1","Pommel Strike"],"picked":"Shockwave+1","floor":37.0},{"not_picked":["Cloak And Dagger","Force Field+1","Twin Strike","Shrug It Off+1"],"picked":"SKIP","floor":37.0},{"not_picked":["Enlightenment","Turbo","Slice","Wild Strike"],"picked":"SKIP","floor":38.0},{"not_picked":["Sweeping Beam+1","Finesse","Dagger Spray+1","Gash"],"picked":"SKIP","floor":38.0},{"not_picked":["Twin Strike","Juggernaut","Madness","Compile Driver"],"picked":"SKIP","floor":39.0},{"not_picked":["Dodge and Roll","Flex+1","Auto Shields+1","Poisoned Stab+1"],"picked":"SKIP","floor":39.0},{"not_picked":["Infinite Blades","Melter+1","Stack","Bandage Up"],"picked":"SKIP","floor":40.0},{"not_picked":["Reprogram+1","Chill+1","Chaos","Barrage"],"picked":"SKIP","floor":44.0},{"not_picked":["Acrobatics","Body Slam","Metallicize"],"picked":"Blade Dance","floor":46.0},{"not_picked":["Sentinel+1","Wild Strike+1","Bane","Cleave"],"picked":"SKIP","floor":46.0},{"not_picked":["Sentinel+1","Wild Strike+1","Bane","Cleave"],"picked":"SKIP","floor":46.0},{"not_picked":["Chill","Turbo","Aggregate"],"picked":"Second Wind+1","floor":55.0}],"player_experience":5421578,"relics_obtained":[{"floor":9.0,"key":"Pear"},{"floor":11.0,"key":"The Courier"},{"floor":14.0,"key":"Blood Vial"},{"floor":26.0,"key":"Lantern"},{"floor":28.0,"key":"Mercury Hourglass"},{"floor":40.0,"key":"Anchor"},{"floor":44.0,"key":"Magic Flower"}],"event_choices":[{"cards_removed":["Strike_R"],"damage_healed":0.0,"max_hp_gain":0.0,"max_hp_loss":0.0,"gold_gain":0.0,"event_name":"Living Wall","player_choice":"Forget","floor":8.0,"gold_loss":0.0,"damage_taken":0.0},{"damage_healed":0.0,"max_hp_gain":0.0,"max_hp_loss":0.0,"gold_gain":75.0,"event_name":"World of Goop","player_choice":"Gather Gold","floor":12.0,"gold_loss":0.0,"damage_taken":11.0},{"damage_healed":0.0,"max_hp_gain":0.0,"max_hp_loss":0.0,"gold_gain":0.0,"event_name":"Lab","player_choice":"Got Potions","floor":19.0,"gold_loss":0.0,"damage_taken":0.0},{"damage_healed":0.0,"max_hp_gain":0.0,"max_hp_loss":0.0,"gold_gain":0.0,"cards_transformed":["Strike_R","Strike_R"],"event_name":"Drug Dealer","player_choice":"Became Test Subject","floor":27.0,"gold_loss":0.0,"damage_taken":0.0,"cards_obtained":["Second Wind","Power Through"]},{"damage_healed":0.0,"max_hp_gain":0.0,"max_hp_loss":0.0,"gold_gain":0.0,"event_name":"Ghosts","player_choice":"Ignored","floor":30.0,"gold_loss":0.0,"damage_taken":0.0},{"damage_healed":0.0,"max_hp_gain":0.0,"max_hp_loss":0.0,"gold_gain":0.0,"event_name":"SensoryStone","player_choice":"Memory 1","floor":41.0,"gold_loss":0.0,"damage_taken":0.0},{"cards_removed":["Defend_R"],"damage_healed":0.0,"max_hp_gain":0.0,"max_hp_loss":0.0,"gold_gain":0.0,"event_name":"Falling","player_choice":"Removed Skill","floor":48.0,"gold_loss":0.0,"damage_taken":0.0}],"is_beta":false,"boss_relics":[{"not_picked":["Eternal Feather","Orrery"],"picked":"Mark of Pain"},{"not_picked":["Black Star","Runic Pyramid"],"picked":"Empty Cage"}],"items_purged_floors":[31,36],"is_endless":false,"potions_floor_spawned":[1,2,7,11,13,18,21,22,28,35,39,40,46],"ascension_level":20}