{"gold_per_floor":[112,112,126,126,226,226,241,272,272,307,319,352,398,435,447,552,564,594,188,234,249,199,199,222,222,222,14,38,38,38,51,51,142,142,163,183,198,221,8,49,49,92,116,155,179,179,199,239,239,239,239,239,239,16,50,50],"floor_reached":57,"playtime":2837,"items_purged":["Strike_R","Strike_R","Strike_R"],"score":2934,"play_id":"3b397950-4d4f-42c0-b15d-788557281d05","local_time":"20190329025401","is_ascension_mode":true,"campfire_choices":[{"data":"Infernal Blade","floor":6.0,"key":"SMITH"},{"data":"Feed","floor":11.0,"key":"SMITH"},{"data":"Armaments","floor":15.0,"key":"SMITH"},{"data":"Juggernaut","floor":23.0,"key":"SMITH"},{"data":"True Grit","floor":29.0,"key":"SMITH"},{"data":"Feel No Pain","floor":32.0,"key":"SMITH"},{"floor":41.0,"key":"RECALL"},{"floor":46.0,"key":"REST"},{"floor":49.0,"key":"REST"},{"floor":53.0,"key":"REST"}],"neow_cost":"NONE","seed_source_timestamp":1304315897294300,"circlet_count":0,"master_deck":["AscendersBane","Strike_R","Strike_R","Defend_R","Defend_R","Defend_R","Defend_R","Bash","Wild Strike+1","Ghostly Armor","Infernal Blade+1","Power Through","Feed+1","Armaments+1","Disarm","Metallicize","Juggernaut+1","True Grit+1","Feel No Pain+1","Finesse+1","Apotheosis","Evolve","Shockwave","Uppercut","White Noise","Dark Embrace","Dual Wield","Entrench","Body Slam","Enlightenment+1"],"special_seed":0,"relics":["Burning Blood","Golden Idol","Torii","Ornamental Fan","MawBank","Singing Bowl","Velvet Choker","Membership Card","Lantern","Vajra","Potion Belt","Paper Frog","PrismaticShard","Red Skull","Snecko Eye","Medical Kit","Ancient Tea Set","Unceasing Top","Meat on the Bone","Omamori","Calipers","Happy Flower"],"potions_floor_usage":[56],"damage_taken":[{"damage":7.0,"enemies":"2 Louse","floor":1.0,"turns":3.0},{"damage":6.0,"enemies":"Cultist","floor":3.0,"turns":3.0},{"damage":0.0,"enemies":"Small Slimes","floor":7.0,"turns":2.0},{"damage":10.0,"enemies":"Lagavulin","floor":8.0,"turns":7.0},{"damage":24.0,"enemies":"3 Sentries","floor":10.0,"turns":11.0},{"damage":13.0,"enemies":"Exordium Thugs","floor":12.0,"turns":4.0},{"damage":16.0,"enemies":"Lagavulin","floor":13.0,"turns":6.0},{"damage":0.0,"enemies":"Exordium Wildlife","floor":14.0,"turns":4.0},{"damage":25.0,"enemies":"The Guardian","floor":16.0,"turns":15.0},{"damage":8.0,"enemies":"Shell Parasite","floor":18.0,"turns":7.0},{"damage":18.0,"enemies":"3 Byrds","floor":21.0,"turns":7.0},{"damage":0.0,"enemies":"Centurion and Healer","floor":24.0,"turns":8.0},{"damage":1.0,"enemies":"Cultist and Chosen","floor":28.0,"turns":7.0},{"damage":1.0,"enemies":"Chosen and Byrds","floor":31.0,"turns":4.0},{"damage":74.0,"enemies":"Champ","floor":33.0,"turns":17.0},{"damage":6.0,"enemies":"3 Shapes","floor":35.0,"turns":6.0},{"damage":8.0,"enemies":"Orb Walker","floor":36.0,"turns":4.0},{"damage":9.0,"enemies":"Sphere and 2 Shapes","floor":37.0,"turns":7.0},{"damage":10.0,"enemies":"3 Darklings","floor":38.0,"turns":5.0},{"damage":1.0,"enemies":"Nemesis","floor":40.0,"turns":9.0},{"damage":42.0,"enemies":"Reptomancer","floor":42.0,"turns":9.0},{"damage":0.0,"enemies":"Nemesis","floor":44.0,"turns":7.0},{"damage":8.0,"enemies":"Writhing Mass","floor":45.0,"turns":6.0},{"damage":17.0,"enemies":"Transient","floor":47.0,"turns":6.0},{"damage":93.0,"enemies":"Giant Head","floor":48.0,"turns":10.0},{"damage":27.0,"enemies":"Donu and Deca","floor":50.0,"turns":13.0},{"damage":45.0,"enemies":"Time Eater","floor":51.0,"turns":16.0},{"damage":97.0,"enemies":"Shield and Spear","floor":55.0,"turns":14.0},{"damage":50,"enemies":"The Heart","floor":56,"turns":16}],"seed_played":"-7680971301276738753","potions_obtained":[{"floor":1.0,"key":"Strength Potion"},{"floor":7.0,"key":"FairyPotion"},{"floor":8.0,"key":"Fruit Juice"},{"floor":14.0,"key":"Poison Potion"},{"floor":18.0,"key":"Weak Potion"},{"floor":21.0,"key":"Fruit Juice"},{"floor":33.0,"key":"Explosive Potion"},{"floor":36.0,"key":"Poison Potion"},{"floor":38.0,"key":"Dexterity Potion"},{"floor":42.0,"key":"Weak Potion"},{"floor":47.0,"key":"EssenceOfSteel"}],"is_trial":false,"path_per_floor":["M","?","M","?","?","R","M","E","T","E","R","M","E","M","R","B",null,"M","$","T","M","$","R","M","?","T","$","M","R","?","M","R","B",null,"M","M","M","M","$","E","R","E","T","E","M","R","M","E","R","B","B",null,"R","$","E","B",null],"character_chosen":"IRONCLAD","items_purchased":["Membership Card","Lantern","Vajra","Feel No Pain","PrismaticShard","Evolve","Medical Kit","Shockwave","Uppercut","Calipers","Entrench","Body Slam"],"campfire_rested":3,"item_purchase_floors":[19,19,19,27,27,39,39,39,39,54,54,54],"current_hp_per_floor":[67,67,67,67,67,67,68,69,69,51,51,48,38,48,48,29,68,68,68,68,67,67,67,73,73,73,73,78,78,78,85,85,19,78,84,84,87,83,83,94,94,60,60,66,76,112,101,28,64,55,28,99,122,122,47,27],"gold":50,"neow_bonus":"THREE_CARDS","is_prod":false,"is_daily":false,"chose_seed":false,"campfire_upgraded":6,"win_rate":0,"timestamp":1553795641,"path_taken":["M","?","?","?","?","R","M","E","T","E","R","M","E","M","R","BOSS","M","?","?","M","?","R","?","?","T","$","M","R","?","M","R","BOSS","M","M","M","M","$","E","R","E","T","E","M","R","M","E","R","BOSS","BOSS","R","$","E","BOSS"],"build_version":"2019-01-23","purchased_purges":3,"victory":true,"max_hp_per_floor":[75,75,75,68,68,68,68,73,73,73,73,77,77,81,81,81,81,83,83,83,94,94,94,94,94,94,94,94,94,94,96,96,98,98,104,106,112,112,112,118,118,120,120,120,120,120,120,122,122,122,122,122,122,122,126,126],"card_choices":[{"not_picked":["Dual Wield","Shockwave"],"picked":"Wild Strike","floor":0.0},{"not_picked":["Iron Wave","Pommel Strike"],"picked":"Ghostly Armor","floor":1.0},{"not_picked":["True Grit","Clash"],"picked":"Infernal Blade","floor":3.0},{"not_picked":["Thunderclap","Clash"],"picked":"Anger","floor":7.0},{"not_picked":["Bloodletting","Rupture"],"picked":"Power Through","floor":8.0},{"not_picked":["Clash","Cleave"],"picked":"Feed","floor":10.0},{"not_picked":["Body Slam","Pommel Strike"],"picked":"Armaments","floor":12.0},{"not_picked":["True Grit","Shrug It Off"],"picked":"Disarm","floor":13.0},{"not_picked":["True Grit","Iron Wave"],"picked":"Metallicize","floor":14.0},{"not_picked":["Barricade","Impervious"],"picked":"Juggernaut","floor":16.0},{"not_picked":["Warcry","Spot Weakness","Clash"],"picked":"Singing Bowl","floor":18.0},{"not_picked":["Perfected Strike","Heavy Blade","Iron Wave"],"picked":"Singing Bowl","floor":21.0},{"not_picked":["Dual Wield","Warcry"],"picked":"True Grit","floor":24.0},{"not_picked":["Prepared","Twin Strike"],"picked":"Finesse+1","floor":28.0},{"not_picked":["Flex","Carnage+1","Outmaneuver"],"picked":"Singing Bowl","floor":31.0},{"not_picked":["Bullet Time","Wraith Form v2","Unload"],"picked":"Singing Bowl","floor":33.0},{"not_picked":["Dagger Spray","Distraction+1","Prepared+1"],"picked":"Singing Bowl","floor":35.0},{"not_picked":["Underhanded Strike+1","Calculated Gamble+1","Outmaneuver"],"picked":"Singing Bowl","floor":36.0},{"not_picked":["Flying Knee","Go for the Eyes","Sucker Punch"],"picked":"Singing Bowl","floor":37.0},{"not_picked":["Barrage","Gash"],"picked":"Apotheosis","floor":38.0},{"not_picked":["Sentinel","Tactician","Rip and Tear+1"],"picked":"Singing Bowl","floor":40.0},{"not_picked":["Stack","Sweeping Beam","Flex+1"],"picked":"Singing Bowl","floor":42.0},{"not_picked":["Sword Boomerang+1","Aggregate"],"picked":"White Noise","floor":44.0},{"not_picked":["Redo","Intimidate+1"],"picked":"Dark Embrace","floor":45.0},{"not_picked":["Outmaneuver","Fusion"],"picked":"Dual Wield","floor":47.0},{"not_picked":["Warcry","Clothesline","Sentinel"],"picked":"Singing Bowl","floor":48.0},{"not_picked":["Poisoned Stab","Accuracy+1"],"picked":"Enlightenment+1","floor":55.0}],"player_experience":4654840,"relics_obtained":[{"floor":8.0,"key":"Torii"},{"floor":9.0,"key":"Ornamental Fan"},{"floor":10.0,"key":"MawBank"},{"floor":13.0,"key":"Singing Bowl"},{"floor":20.0,"key":"Potion Belt"},{"floor":26.0,"key":"Paper Frog"},{"floor":40.0,"key":"Ancient Tea Set"},{"floor":42.0,"key":"Unceasing Top"},{"floor":44.0,"key":"Meat on the Bone"},{"floor":48.0,"key":"Omamori"},{"floor":55.0,"key":"Happy Flower"}],"event_choices":[{"damage_healed":0.0,"max_hp_gain":0.0,"max_hp_loss":0.0,"gold_gain":0.0,"event_name":"Accursed Blacksmith","player_choice":"Forge","floor":2.0,"gold_loss":0.0,"damage_taken":0.0,"cards_upgraded":["Wild Strike"]},{"damage_healed":0.0,"max_hp_gain":0.0,"max_hp_loss":7.0,"gold_gain":0.0,"event_name":"Golden Idol","player_choice":"Lose Max HP","floor":4.0,"gold_loss":0.0,"damage_taken":0.0,"relics_obtained":["Golden Idol"]},{"damage_healed":0.0,"max_hp_gain":0.0,"max_hp_loss":0.0,"gold_gain":100.0,"event_name":"Wheel of Change","player_choice":"Gold","floor":5.0,"gold_loss":0.0,"damage_taken":0.0},{"damage_healed":0.0,"max_hp_gain":0.0,"max_hp_loss":0.0,"gold_gain":0.0,"event_name":"Vampires","player_choice":"Ignored","floor":25.0,"gold_loss":0.0,"damage_taken":0.0},{"cards_removed":["Anger"],"damage_healed":0.0,"max_hp_gain":0.0,"max_hp_loss":0.0,"gold_gain":0.0,"event_name":"WeMeetAgain","player_choice":"Gave Card","floor":30.0,"gold_loss":0.0,"damage_taken":0.0,"relics_obtained":["Red Skull"]}],"is_beta":false,"boss_relics":[{"not_picked":["Runic Pyramid","Cursed Key"],"picked":"Velvet Choker"},{"not_picked":["Coffee Dripper","Mark of Pain"],"picked":"Snecko Eye"}],"items_purged_floors":[19,22,27],"is_endless":false,"potions_floor_spawned":[1,7,8,14,18,21,33,36,38,42,47],"ascension_level":20}