{"gold_per_floor":[115,290,308,323,323,323,323,333,333,33,89,104,119,119,119,119],"floor_reached":16,"playtime":666,"items_purged":[],"score":107,"play_id":"b790fe94-9f20-4139-a875-691fa0be809f","local_time":"20190721124747","is_ascension_mode":true,"campfire_choices":[{"floor":6,"key":"RECALL"},{"data":"Leap","floor":15,"key":"SMITH"}],"neow_cost":"NONE","seed_source_timestamp":931508448943000,"circlet_count":0,"master_deck":["Strike_B","Strike_B","Strike_B","Strike_B","Defend_B","Defend_B","Defend_B","Zap","Dualcast","BootSequence","Doubt","Reinforced Body","Double Energy+1","Conserve Battery","Turbo","Reprogram","Leap+1"],"relics":["Coffee Dripper","Symbiotic Virus","Torii","Tiny Chest"],"potions_floor_usage":[11,16,16,16],"damage_taken":[{"damage":1,"enemies":"Jaw Worm","floor":1,"turns":4},{"damage":0,"enemies":"2 Louse","floor":3,"turns":2},{"damage":0,"enemies":"Small Slimes","floor":4,"turns":4},{"damage":3,"enemies":"Red Slaver","floor":8,"turns":4},{"damage":28,"enemies":"3 Sentries","floor":11,"turns":9},{"damage":1,"enemies":"Lots of Slimes","floor":12,"turns":4},{"damage":0,"enemies":"Looter","floor":13,"turns":3},{"damage":34,"enemies":"Hexaghost","floor":16,"turns":14}],"seed_played":"-4628654742275306304","potions_obtained":[{"floor":1,"key":"Ancient Potion"},{"floor":8,"key":"Block Potion"},{"floor":11,"key":"Poison Potion"},{"floor":12,"key":"GamblersBrew"}],"is_trial":false,"path_per_floor":["M","?","M","M","?","R","?","M","T","$","E","M","M","?","R","B"],"character_chosen":"DEFECT","items_purchased":["Torii"],"campfire_rested":0,"item_purchase_floors":[10],"current_hp_per_floor":[74,74,74,74,71,71,71,68,68,68,40,39,39,32,32,0],"gold":119,"neow_bonus":"BOSS_RELIC","is_prod":false,"is_daily":false,"chose_seed":false,"campfire_upgraded":1,"win_rate":0,"timestamp":1563731267,"path_taken":["M","?","M","M","?","R","?","?","T","?","E","M","?","?","R","BOSS"],"build_version":"2019-07-17","purchased_purges":0,"victory":false,"max_hp_per_floor":[75,75,75,75,75,75,75,75,75,75,75,75,75,75,75,75],"card_choices":[{"not_picked":["Stack","Redo"],"picked":"BootSequence","floor":1},{"not_picked":["Melter","FTL"],"picked":"Reinforced Body","floor":3},{"not_picked":["Stack","Gash"],"picked":"Double Energy","floor":4},{"not_picked":["Streamline","Redo"],"picked":"Conserve Battery","floor":8},{"not_picked":["BootSequence","Stack"],"picked":"Turbo","floor":11},{"not_picked":["Cold Snap","Compile Driver"],"picked":"Reprogram","floor":12},{"not_picked":["Sweeping Beam","Tempest"],"picked":"Leap","floor":13}],"player_experience":127442,"relics_obtained":[{"floor":11,"key":"Tiny Chest"}],"event_choices":[{"damage_healed":0,"gold_gain":175,"player_choice":"AGREE","damage_taken":0,"max_hp_gain":0,"max_hp_loss":0,"event_name":"Liars Game","floor":2,"gold_loss":0,"cards_obtained":["Doubt"]},{"damage_healed":0,"gold_gain":0,"player_choice":"Success","damage_taken":3,"relics_obtained":["Symbiotic Virus"],"max_hp_gain":0,"max_hp_loss":0,"event_name":"Scrap Ooze","floor":5,"gold_loss":0},{"damage_healed":0,"gold_gain":0,"player_choice":"Upgraded","damage_taken":0,"max_hp_gain":0,"max_hp_loss":0,"event_name":"Upgrade Shrine","floor":7,"gold_loss":0,"cards_upgraded":["Double Energy"]},{"cards_removed":["Defend_B"],"damage_healed":0,"gold_gain":0,"player_choice":"Card Removal","damage_taken":7,"max_hp_gain":0,"max_hp_loss":0,"event_name":"Golden Wing","floor":14,"gold_loss":0}],"is_beta":false,"boss_relics":[],"items_purged_floors":[],"is_endless":false,"potions_floor_spawned":[1,8,11,12],"killed_by":"Hexaghost","ascension_level":1}