{"gold_per_floor":[119,119,133,133,157,157,196,196,196,227,296,296],"floor_reached":12,"playtime":361,"items_purged":[],"score":172,"play_id":"2cf9b9dd-f665-4899-8f61-0536f89dca66","local_time":"20190707010751","is_ascension_mode":true,"campfire_choices":[{"data":"Dagger Spray","floor":6,"key":"SMITH"},{"data":"Die Die Die","floor":8,"key":"SMITH"}],"neow_cost":"NONE","seed_source_timestamp":353826368116500,"circlet_count":0,"master_deck":["AscendersBane","Strike_G","Strike_G","Strike_G","Strike_G","Strike_G","Defend_G","Defend_G","Defend_G","Defend_G","Defend_G","Survivor","Neutralize","Cloak And Dagger","Dagger Throw","PiercingWail","Dagger Spray+1","Die Die Die+1","Backstab","Footwork"],"relics":["Ring of the Snake","Golden Idol","Anchor","Strawberry","Unceasing Top","Letter Opener","Pocketwatch"],"potions_floor_usage":[7,7,12],"damage_taken":[{"damage":9,"enemies":"Jaw Worm","floor":1,"turns":8},{"damage":1,"enemies":"Small Slimes","floor":3,"turns":4},{"damage":0,"enemies":"Cultist","floor":5,"turns":3},{"damage":6,"enemies":"Lagavulin","floor":7,"turns":5},{"damage":21,"enemies":"3 Sentries","floor":10,"turns":5},{"damage":25,"enemies":"Gremlin Nob","floor":11,"turns":4},{"damage":23,"enemies":"Gremlin Nob","floor":12,"turns":3}],"seed_played":"-9066652943642720678","potions_obtained":[{"floor":1,"key":"Strength Potion"},{"floor":3,"key":"Poison Potion"},{"floor":11,"key":"Swift Potion"}],"is_trial":false,"path_per_floor":["M","?","M","T","M","R","E","R","T","E","?","E"],"character_chosen":"THE_SILENT","items_purchased":[],"campfire_rested":0,"item_purchase_floors":[],"current_hp_per_floor":[50,50,49,49,49,49,50,50,50,29,4,0],"gold":296,"neow_bonus":"THREE_CARDS","is_prod":false,"is_daily":false,"chose_seed":false,"campfire_upgraded":2,"win_rate":0,"timestamp":1562429271,"path_taken":["M","?","M","?","M","R","E","R","T","E","?","E"],"build_version":"2019-07-05","purchased_purges":0,"victory":false,"max_hp_per_floor":[66,60,60,60,60,60,67,67,67,67,67,67],"card_choices":[{"not_picked":["Acrobatics","Deflect"],"picked":"Cloak And Dagger","floor":0},{"not_picked":["Calculated Gamble","Tactician"],"picked":"Dagger Throw","floor":1},{"not_picked":["Deflect","Quick Slash"],"picked":"PiercingWail","floor":3},{"not_picked":["Quick Slash","Finisher"],"picked":"Dagger Spray","floor":5},{"not_picked":["Underhanded Strike","Catalyst"],"picked":"Die Die Die","floor":7},{"not_picked":["Noxious Fumes","Sucker Punch"],"picked":"Backstab","floor":10},{"not_picked":["Sucker Punch","Cloak And Dagger"],"picked":"Footwork","floor":11}],"player_experience":5600273,"relics_obtained":[{"floor":4,"key":"Anchor"},{"floor":7,"key":"Strawberry"},{"floor":9,"key":"Unceasing Top"},{"floor":10,"key":"Letter Opener"}],"event_choices":[{"damage_healed":0,"gold_gain":0,"player_choice":"Lose Max HP","damage_taken":0,"relics_obtained":["Golden Idol"],"max_hp_gain":0,"max_hp_loss":6,"event_name":"Golden Idol","floor":2,"gold_loss":0},{"damage_healed":0,"gold_gain":30,"player_choice":"Searched \u00273\u0027 times","damage_taken":0,"relics_obtained":["Pocketwatch"],"max_hp_gain":0,"max_hp_loss":0,"event_name":"Dead Adventurer","floor":11,"gold_loss":0}],"is_beta":false,"boss_relics":[],"items_purged_floors":[],"is_endless":false,"potions_floor_spawned":[1,3,5,11],"killed_by":"Gremlin Nob","ascension_level":20}