{"gold_per_floor":[113,128,144,160,160,160,174,174,225,225,243,267,267,298,298,298],"floor_reached":16,"playtime":346,"items_purged":[],"score":208,"play_id":"c4248847-f680-4c17-973a-3473d80b7a69","local_time":"20190626233722","is_ascension_mode":true,"campfire_choices":[{"data":"Blizzard","floor":6,"key":"SMITH"},{"data":"Defragment","floor":8,"key":"SMITH"},{"data":"Go for the Eyes","floor":13,"key":"SMITH"},{"data":"Zap","floor":15,"key":"SMITH"}],"neow_cost":"NONE","seed_source_timestamp":709170499305400,"circlet_count":0,"master_deck":["AscendersBane","Strike_B","Strike_B","Strike_B","Strike_B","Defend_B","Defend_B","Defend_B","Defend_B","Zap+1","Dualcast","Dramatic Entrance","Rebound","Glacier","Chill","Blizzard+1","Defragment+1","Go for the Eyes+1","Gash","Rebound"],"relics":["Cracked Core","Golden Idol","Darkstone Periapt"],"potions_floor_usage":[14],"damage_taken":[{"damage":7,"enemies":"2 Louse","floor":1,"turns":2},{"damage":12,"enemies":"Jaw Worm","floor":2,"turns":2},{"damage":0,"enemies":"Cultist","floor":3,"turns":3},{"damage":4,"enemies":"Looter","floor":4,"turns":4},{"damage":0,"enemies":"3 Louse","floor":7,"turns":2},{"damage":0,"enemies":"Exordium Wildlife","floor":11,"turns":4},{"damage":12,"enemies":"Blue Slaver","floor":12,"turns":4},{"damage":3,"enemies":"Lagavulin","floor":14,"turns":7},{"damage":37,"enemies":"Slime Boss","floor":16,"turns":8}],"seed_played":"-6974219450603006769","potions_obtained":[{"floor":4,"key":"SmokeBomb"},{"floor":7,"key":"AttackPotion"}],"is_trial":false,"path_per_floor":["M","M","M","M","?","R","M","R","T","?","M","M","R","E","R","B"],"character_chosen":"DEFECT","items_purchased":[],"campfire_rested":0,"item_purchase_floors":[],"current_hp_per_floor":[57,45,45,41,46,46,46,46,46,46,46,34,34,31,31,0],"gold":298,"neow_bonus":"RANDOM_COLORLESS","is_prod":false,"is_daily":false,"chose_seed":false,"campfire_upgraded":4,"win_rate":0,"timestamp":1561559842,"path_taken":["M","M","M","M","?","R","M","R","T","?","M","M","R","E","R","BOSS"],"build_version":"2019-01-23","purchased_purges":0,"victory":false,"max_hp_per_floor":[71,71,71,71,76,76,76,76,76,69,69,69,69,69,69,69],"card_choices":[{"not_picked":["Go for the Eyes","Redo"],"picked":"Rebound","floor":1},{"not_picked":["Conserve Battery","Lockon"],"picked":"Glacier","floor":2},{"not_picked":["Barrage","Redo"],"picked":"Chill","floor":3},{"not_picked":["Conserve Battery","Hello World"],"picked":"Blizzard","floor":4},{"not_picked":["Storm","Hologram"],"picked":"Defragment","floor":7},{"not_picked":["Sweeping Beam","Compile Driver"],"picked":"Go for the Eyes","floor":11},{"not_picked":["Turbo","Stack"],"picked":"Gash","floor":12},{"not_picked":["Redo","Meteor Strike"],"picked":"Rebound","floor":14}],"player_experience":5498089,"relics_obtained":[{"floor":14,"key":"Darkstone Periapt"}],"event_choices":[{"damage_healed":0,"gold_gain":0,"player_choice":"Donut","damage_taken":0,"max_hp_gain":5,"max_hp_loss":0,"event_name":"Big Fish","floor":5,"gold_loss":0},{"damage_healed":0,"gold_gain":0,"player_choice":"Lose Max HP","damage_taken":0,"relics_obtained":["Golden Idol"],"max_hp_gain":0,"max_hp_loss":7,"event_name":"Golden Idol","floor":10,"gold_loss":0}],"is_beta":false,"boss_relics":[],"items_purged_floors":[],"is_endless":false,"potions_floor_spawned":[4,7],"killed_by":"Slime Boss","ascension_level":20}