{"gold_per_floor":[113,123,134,151,151,151,171,188,243,256,256,271,321,351,351,428,428,439,451,469,384,29,29,46,46],"floor_reached":25,"playtime":602,"items_purged":["Strike_R"],"score":418,"play_id":"ec569250-994c-4570-988e-10af8b4a5f83","local_time":"20190617043314","is_ascension_mode":true,"campfire_choices":[{"data":"Rebound","floor":6,"key":"SMITH"},{"data":"Noxious Fumes","floor":15,"key":"SMITH"},{"data":"Mayhem","floor":23,"key":"SMITH"}],"neow_cost":"","seed_source_timestamp":200282446279200,"circlet_count":0,"master_deck":["AscendersBane","Defend_R","Defend_R","Defend_R","Defend_R","Bash","Trip","Steam","Rebound+1","Dash","Sword Boomerang","Noxious Fumes+1","Ball Lightning","Juggernaut","Warcry+1","Dual Wield+1","Fiend Fire+1","Hologram","Backstab","Mayhem+1","Ghostly Armor","Apotheosis"],"relics":["Burning Blood","PrismaticShard","Pen Nib","Bottled Tornado","Astrolabe","Question Card"],"potions_floor_usage":[18,20,24],"damage_taken":[{"damage":9,"enemies":"Jaw Worm","floor":1,"turns":5},{"damage":2,"enemies":"2 Louse","floor":2,"turns":4},{"damage":1,"enemies":"Cultist","floor":3,"turns":3},{"damage":6,"enemies":"Looter","floor":4,"turns":4},{"damage":5,"enemies":"2 Fungi Beasts","floor":7,"turns":3},{"damage":8,"enemies":"Large Slime","floor":8,"turns":6},{"damage":1,"enemies":"Exordium Thugs","floor":10,"turns":4},{"damage":7,"enemies":"Looter","floor":12,"turns":3},{"damage":24,"enemies":"3 Sentries","floor":14,"turns":7},{"damage":42,"enemies":"Hexaghost","floor":16,"turns":9},{"damage":0,"enemies":"Spheric Guardian","floor":18,"turns":3},{"damage":25,"enemies":"3 Byrds","floor":19,"turns":5},{"damage":0,"enemies":"Snake Plant","floor":20,"turns":2},{"damage":41,"enemies":"Shelled Parasite and Fungi","floor":24,"turns":3},{"damage":29,"enemies":"Centurion and Healer","floor":25,"turns":2}],"seed_played":"913622312573278301","potions_obtained":[{"floor":1,"key":"Swift Potion"},{"floor":7,"key":"SpeedPotion"},{"floor":16,"key":"Regen Potion"},{"floor":19,"key":"Explosive Potion"},{"floor":24,"key":"FearPotion"}],"is_trial":true,"path_per_floor":["M","M","M","M","?","R","M","M","T","M","?","M","?","E","R","B",null,"M","M","M","?","$","R","M","M"],"character_chosen":"IRONCLAD","items_purchased":["Mayhem","Ghostly Armor"],"campfire_rested":0,"item_purchase_floors":[22,22],"current_hp_per_floor":[65,69,74,74,67,67,68,66,66,71,71,70,70,52,52,16,60,71,52,58,58,58,58,23,0],"gold":46,"neow_bonus":"","is_prod":false,"is_daily":false,"chose_seed":false,"campfire_upgraded":3,"win_rate":0,"timestamp":1560713594,"path_taken":["M","M","M","M","?","R","M","M","T","M","?","M","?","E","R","BOSS","M","M","?","?","$","R","M","M"],"build_version":"2019-01-23","purchased_purges":1,"victory":false,"max_hp_per_floor":[75,75,75,75,75,75,75,75,75,75,75,75,75,75,75,75,75,75,75,75,75,75,75,75,75],"card_choices":[{"not_picked":["Quick Slash","Perfected Strike"],"picked":"Trip","floor":1},{"not_picked":["Warcry","Backflip","Skim"],"picked":"SKIP","floor":2},{"not_picked":["Entrench","Deflect"],"picked":"Steam","floor":3},{"not_picked":["Ghostly Armor","Heel Hook"],"picked":"Rebound","floor":4},{"not_picked":["Masterful Stab","Catalyst"],"picked":"Dash","floor":7},{"not_picked":["Capacitor","Turbo","Redo"],"picked":"SKIP","floor":8},{"not_picked":["Flame Barrier","Reprogram"],"picked":"Sword Boomerang","floor":10},{"not_picked":["Brutality","Dagger Spray"],"picked":"Noxious Fumes","floor":12},{"not_picked":["Stack","Streamline"],"picked":"Ball Lightning","floor":14},{"not_picked":["Malaise","Venomology"],"picked":"Juggernaut","floor":16},{"not_picked":["Deflect","Underhanded Strike","Expertise"],"picked":"SKIP","floor":18},{"not_picked":["Compile Driver","Iron Wave"],"picked":"Hologram","floor":19},{"not_picked":["Coolheaded","Compile Driver"],"picked":"Backstab","floor":20},{"not_picked":["Wild Strike","Genetic Algorithm+1","Force Field"],"picked":"Apotheosis","floor":24}],"player_experience":5393818,"relics_obtained":[{"floor":9,"key":"Pen Nib"},{"floor":14,"key":"Bottled Tornado"}],"event_choices":[{"cards_removed":["Strike_R"],"damage_healed":0,"gold_gain":0,"player_choice":"Card Removal","damage_taken":7,"max_hp_gain":0,"max_hp_loss":0,"event_name":"Golden Wing","floor":5,"gold_loss":0},{"damage_healed":0,"gold_gain":0,"player_choice":"Ignored","damage_taken":0,"max_hp_gain":0,"max_hp_loss":0,"event_name":"Liars Game","floor":11,"gold_loss":0},{"damage_healed":0,"gold_gain":50,"player_choice":"Pray","damage_taken":0,"max_hp_gain":0,"max_hp_loss":0,"event_name":"Golden Shrine","floor":13,"gold_loss":0},{"damage_healed":0,"gold_gain":0,"player_choice":"Obtained Relic","damage_taken":0,"relics_obtained":["Question Card"],"max_hp_gain":0,"max_hp_loss":0,"event_name":"Addict","floor":21,"gold_loss":85}],"is_beta":false,"boss_relics":[{"not_picked":["Runic Pyramid","Pandora\u0027s Box"],"picked":"Astrolabe"}],"items_purged_floors":[22],"is_endless":false,"potions_floor_spawned":[1,7,16,19,24],"killed_by":"Centurion and Healer","ascension_level":20}