{"gold_per_floor":[111,125,50,50,50,50,61,80,80,80,98,98,132,146,146,146],"floor_reached":16,"playtime":440,"items_purged":["Berserk"],"score":102,"play_id":"6ba05328-9af7-4a4e-be7c-5055a333f850","local_time":"20190708004628","is_ascension_mode":false,"campfire_choices":[{"data":"Bash","floor":6,"key":"SMITH"},{"data":"Dual Wield","floor":10,"key":"SMITH"},{"floor":15,"key":"REST"}],"neow_cost":"NONE","seed_source_timestamp":1425126630082151,"circlet_count":0,"master_deck":["Strike_R","Strike_R","Strike_R","Strike_R","Strike_R","Defend_R","Defend_R","Defend_R","Defend_R","Bash+1","Dual Wield+1"],"relics":["Burning Blood","Bottled Lightning","Meat on the Bone","Bag of Preparation"],"potions_floor_usage":[13,14,16,16],"damage_taken":[{"damage":1,"enemies":"Jaw Worm","floor":1,"turns":3},{"damage":1,"enemies":"Cultist","floor":2,"turns":4},{"damage":7,"enemies":"Small Slimes","floor":7,"turns":4},{"damage":5,"enemies":"Looter","floor":8,"turns":4},{"damage":13,"enemies":"Blue Slaver","floor":11,"turns":5},{"damage":49,"enemies":"Lagavulin","floor":13,"turns":6},{"damage":41,"enemies":"Exordium Thugs","floor":14,"turns":6},{"damage":89,"enemies":"The Guardian","floor":16,"turns":15}],"seed_played":"-18320998778564363","potions_obtained":[{"floor":1,"key":"GamblersBrew"},{"floor":7,"key":"SkillPotion"},{"floor":11,"key":"Regen Potion"},{"floor":13,"key":"BloodPotion"},{"floor":14,"key":"FearPotion"}],"is_trial":false,"path_per_floor":["M","M","$","?","T","R","M","M","T","R","M","$","E","M","R","B"],"character_chosen":"IRONCLAD","items_purchased":[],"campfire_rested":1,"item_purchase_floors":[],"current_hp_per_floor":[80,80,80,85,85,85,84,85,85,85,78,78,47,45,70,0],"gold":146,"neow_bonus":"ONE_RANDOM_RARE_CARD","is_prod":false,"is_daily":false,"chose_seed":false,"campfire_upgraded":2,"win_rate":0,"timestamp":1562543188,"path_taken":["M","M","$","?","?","R","?","M","T","R","M","$","E","M","R","BOSS"],"build_version":"2019-07-05","purchased_purges":1,"victory":false,"max_hp_per_floor":[80,80,80,85,85,85,85,85,85,85,85,85,85,85,85,85],"card_choices":[{"not_picked":["Fire Breathing","Warcry","Sword Boomerang"],"picked":"SKIP","floor":1},{"not_picked":["Headbutt","Seeing Red","Dual Wield"],"picked":"SKIP","floor":2},{"not_picked":["Headbutt","Seeing Red"],"picked":"Dual Wield","floor":2},{"not_picked":["Clash","Rupture","Wild Strike"],"picked":"SKIP","floor":7},{"not_picked":["Second Wind","Perfected Strike","Reckless Charge"],"picked":"SKIP","floor":8},{"not_picked":["Pommel Strike","Bloodletting","Uppercut"],"picked":"SKIP","floor":11},{"not_picked":["Body Slam","Sentinel","Iron Wave"],"picked":"SKIP","floor":13},{"not_picked":["Dual Wield","Evolve","Flex"],"picked":"SKIP","floor":14}],"player_experience":257187,"relics_obtained":[{"floor":5,"key":"Bottled Lightning"},{"floor":9,"key":"Meat on the Bone"},{"floor":13,"key":"Bag of Preparation"}],"event_choices":[{"damage_healed":0,"gold_gain":0,"player_choice":"Donut","damage_taken":0,"max_hp_gain":5,"max_hp_loss":0,"event_name":"Big Fish","floor":4,"gold_loss":0}],"is_beta":false,"boss_relics":[],"items_purged_floors":[3],"is_endless":false,"potions_floor_spawned":[1,7,11,13,14],"killed_by":"The Guardian","ascension_level":0}