{"gold_per_floor":[113,113,113,131,143,143,175,195,195,213,213,37,37,72,72,171,171,187,237,250,265,47,47,72,72,97,132,132,132,157,175,175,266,266,285,303,316,337,356,400,244,244,244,169,188,488,488,502,502,502,502],"floor_reached":51,"playtime":3025,"items_purged":["Strike_R"],"score":1447,"play_id":"9bdb5aac-8023-4d3e-9687-69827a83f00a","local_time":"20190723005603","is_ascension_mode":true,"campfire_choices":[{"data":"Armaments","floor":6,"key":"SMITH"},{"data":"Combust","floor":11,"key":"SMITH"},{"data":"Disarm","floor":15,"key":"SMITH"},{"data":"Battle Trance","floor":23,"key":"SMITH"},{"data":"Sword Boomerang","floor":25,"key":"SMITH"},{"data":"Demon Form","floor":29,"key":"SMITH"},{"data":"Rupture","floor":32,"key":"SMITH"},{"floor":42,"key":"REST"},{"floor":47,"key":"RECALL"},{"floor":49,"key":"REST"}],"neow_cost":"NONE","seed_source_timestamp":179587654551100,"circlet_count":0,"master_deck":["AscendersBane","Strike_R","Defend_R","Defend_R","Defend_R","Defend_R","Bash","Wild Strike","Combust+1","Armaments+1","Blood for Blood","Disarm+1","Inflame","Flash of Steel","Inflame","Demon Form+1","Battle Trance+1","Sword Boomerang+1","Shockwave+1","Pummel","Rupture+1","Immolate","Heavy Blade+1","Evolve","Flame Barrier","Barricade","Feel No Pain","Impervious","Corruption","True Grit"],"relics":["Burning Blood","Anchor","Gremlin Horn","Ancient Tea Set","Golden Idol","Shuriken","Mark of Pain","Lee\u0027s Waffle","Bronze Scales","Sundial","Snecko Eye","Happy Flower","Molten Egg 2"],"potions_floor_usage":[7,14,18,21,27,33,36,37,38,40,48],"damage_taken":[{"damage":2,"enemies":"Cultist","floor":1,"turns":4},{"damage":0,"enemies":"Jaw Worm","floor":4,"turns":3},{"damage":0,"enemies":"2 Louse","floor":5,"turns":2},{"damage":35,"enemies":"Gremlin Nob","floor":7,"turns":4},{"damage":12,"enemies":"Looter","floor":8,"turns":4},{"damage":0,"enemies":"3 Louse","floor":10,"turns":3},{"damage":15,"enemies":"Lagavulin","floor":14,"turns":5},{"damage":22,"enemies":"Hexaghost","floor":16,"turns":9},{"damage":9,"enemies":"Chosen","floor":18,"turns":3},{"damage":19,"enemies":"Shell Parasite","floor":20,"turns":5},{"damage":22,"enemies":"Centurion and Healer","floor":21,"turns":5},{"damage":28,"enemies":"Chosen and Byrds","floor":24,"turns":6},{"damage":1,"enemies":"Gremlin Leader","floor":27,"turns":4},{"damage":8,"enemies":"3 Cultists","floor":30,"turns":4},{"damage":15,"enemies":"Centurion and Healer","floor":31,"turns":5},{"damage":20,"enemies":"Champ","floor":33,"turns":8},{"damage":11,"enemies":"Orb Walker","floor":35,"turns":4},{"damage":15,"enemies":"3 Darklings","floor":36,"turns":2},{"damage":6,"enemies":"Sphere and 2 Shapes","floor":37,"turns":3},{"damage":13,"enemies":"Jaw Worm Horde","floor":38,"turns":4},{"damage":6,"enemies":"4 Shapes","floor":39,"turns":5},{"damage":42,"enemies":"Nemesis","floor":40,"turns":5},{"damage":35,"enemies":"Maw","floor":45,"turns":5},{"damage":1,"enemies":"Writhing Mass","floor":48,"turns":5},{"damage":39,"enemies":"Donu and Deca","floor":50,"turns":7},{"damage":26,"enemies":"Awakened One","floor":51,"turns":2}],"seed_played":"-4193723220769649702","potions_obtained":[{"floor":4,"key":"BloodPotion"},{"floor":5,"key":"Energy Potion"},{"floor":14,"key":"GamblersBrew"},{"floor":20,"key":"Weak Potion"},{"floor":24,"key":"Explosive Potion"},{"floor":27,"key":"Dexterity Potion"},{"floor":31,"key":"SkillPotion"},{"floor":33,"key":"Strength Potion"},{"floor":35,"key":"SkillPotion"},{"floor":36,"key":"Strength Potion"},{"floor":37,"key":"BloodPotion"},{"floor":45,"key":"Swift Potion"},{"floor":48,"key":"PowerPotion"}],"is_trial":false,"path_per_floor":["M","?","T","M","M","R","E","M","T","M","R","$","?","E","R","B",null,"M","?","M","M","$","R","M","R","T","E","?","R","M","M","R","B",null,"M","M","M","M","M","E","$","R","T","$","M","?","R","M","R","B","B"],"character_chosen":"IRONCLAD","items_purchased":["Flash of Steel","Lee\u0027s Waffle","Impervious","Corruption"],"campfire_rested":2,"item_purchase_floors":[12,22,41,44],"current_hp_per_floor":[72,72,72,75,75,75,64,58,58,64,64,64,38,29,29,13,60,57,57,44,28,82,82,60,60,60,65,65,65,63,54,54,40,72,67,58,58,51,51,35,35,59,59,59,30,30,30,35,59,26,0],"gold":502,"neow_bonus":"RANDOM_COMMON_RELIC","is_prod":false,"is_daily":false,"chose_seed":false,"campfire_upgraded":7,"win_rate":0,"timestamp":1563810963,"path_taken":["M","?","?","M","M","R","E","M","T","M","R","?","?","E","R","BOSS","M","?","M","M","$","R","M","R","T","E","?","R","M","M","R","BOSS","M","M","M","M","M","E","$","R","T","$","M","?","R","?","R","BOSS","BOSS"],"build_version":"2019-07-17","purchased_purges":1,"victory":false,"max_hp_per_floor":[75,75,75,75,75,75,75,75,75,75,75,75,75,75,75,75,75,75,75,75,75,82,82,82,82,82,82,82,82,82,82,82,82,82,82,82,82,82,82,82,82,82,82,82,82,82,82,82,82,82,82],"card_choices":[{"not_picked":["Body Slam","Sever Soul"],"picked":"Wild Strike","floor":1},{"not_picked":["True Grit","Ghostly Armor"],"picked":"Armaments","floor":4},{"not_picked":["Wild Strike","Havoc"],"picked":"Blood for Blood","floor":5},{"not_picked":["Headbutt","Shockwave"],"picked":"Disarm","floor":7},{"not_picked":["Burning Pact","Blood for Blood"],"picked":"Inflame","floor":8},{"not_picked":["Rampage","Infernal Blade","Havoc"],"picked":"SKIP","floor":10},{"not_picked":["Rampage","Infernal Blade","Havoc"],"picked":"SKIP","floor":10},{"not_picked":["Headbutt","Pommel Strike"],"picked":"Inflame","floor":14},{"not_picked":["Exhume","Brutality"],"picked":"Demon Form","floor":16},{"not_picked":["Anger","Seeing Red"],"picked":"Battle Trance","floor":18},{"not_picked":["Anger","Cleave","Body Slam"],"picked":"SKIP","floor":20},{"not_picked":["Anger","Cleave","Body Slam"],"picked":"SKIP","floor":20},{"not_picked":["Headbutt","Wild Strike"],"picked":"Sword Boomerang","floor":21},{"not_picked":["Reckless Charge+1","Dropkick","Sentinel"],"picked":"SKIP","floor":24},{"not_picked":["Rupture","Reckless Charge"],"picked":"Shockwave+1","floor":27},{"not_picked":["Anger","Flex","Armaments"],"picked":"SKIP","floor":30},{"not_picked":["Berserk","Demon Form"],"picked":"Immolate","floor":33},{"not_picked":["Reckless Charge","Body Slam+1"],"picked":"Heavy Blade+1","floor":35},{"not_picked":["Combust","Headbutt"],"picked":"Evolve","floor":36},{"not_picked":["Shrug It Off","Body Slam"],"picked":"Flame Barrier","floor":38},{"not_picked":["Pommel Strike+1","Shrug It Off"],"picked":"Barricade","floor":39},{"not_picked":["Infernal Blade","True Grit"],"picked":"Feel No Pain","floor":40},{"not_picked":["Twin Strike+1","Sword Boomerang+1"],"picked":"True Grit","floor":45}],"player_experience":5781598,"relics_obtained":[{"floor":3,"key":"Gremlin Horn"},{"floor":7,"key":"Ancient Tea Set"},{"floor":14,"key":"Shuriken"},{"floor":26,"key":"Bronze Scales"},{"floor":27,"key":"Sundial"},{"floor":40,"key":"Happy Flower"},{"floor":43,"key":"Molten Egg 2"}],"event_choices":[{"damage_healed":0,"gold_gain":0,"cards_transformed":["Strike_R"],"player_choice":"Change","damage_taken":0,"max_hp_gain":0,"max_hp_loss":0,"event_name":"Living Wall","floor":2,"gold_loss":0,"cards_obtained":["Combust"]},{"damage_healed":0,"gold_gain":0,"player_choice":"Take Damage","damage_taken":26,"relics_obtained":["Golden Idol"],"max_hp_gain":0,"max_hp_loss":0,"event_name":"Golden Idol","floor":13,"gold_loss":0},{"damage_healed":0,"gold_gain":50,"player_choice":"Stole From Cult","damage_taken":0,"max_hp_gain":0,"max_hp_loss":0,"event_name":"Nest","floor":19,"gold_loss":0},{"damage_healed":0,"gold_gain":0,"cards_transformed":["Strike_R","Strike_R"],"player_choice":"Became Test Subject","damage_taken":0,"max_hp_gain":0,"max_hp_loss":0,"event_name":"Drug Dealer","floor":28,"gold_loss":0,"cards_obtained":["Pummel","Rupture"]},{"damage_healed":0,"gold_gain":300,"player_choice":"Gold","damage_taken":0,"max_hp_gain":0,"max_hp_loss":0,"event_name":"Wheel of Change","floor":46,"gold_loss":0}],"is_beta":false,"boss_relics":[{"not_picked":["Cursed Key","Black Blood"],"picked":"Mark of Pain"},{"not_picked":["Busted Crown","Empty Cage"],"picked":"Snecko Eye"}],"items_purged_floors":[12],"is_endless":false,"potions_floor_spawned":[4,5,14,20,24,27,31,33,35,36,37,45,48],"killed_by":"Awakened One","ascension_level":20}