{"gold_per_floor":[110,126,126,145,70,96,112,112,112,112,138,138,151,201,201,201],"floor_reached":16,"playtime":505,"items_purged":["Defend_G"],"score":250,"play_id":"cc2beea5-3633-47d9-aeb4-4bd70e15508c","local_time":"20190513001722","is_ascension_mode":true,"campfire_choices":[{"data":"Neutralize","floor":8,"key":"SMITH"},{"data":"Acrobatics","floor":10,"key":"SMITH"},{"data":"Heel Hook","floor":12,"key":"SMITH"},{"data":"Setup","floor":15,"key":"SMITH"}],"neow_cost":"PERCENT_DAMAGE","seed_source_timestamp":627168677819800,"circlet_count":0,"master_deck":["AscendersBane","Defend_G","Defend_G","Defend_G","Strike_G","Strike_G","Strike_G","Survivor","Neutralize+1","Heel Hook+1","Adrenaline+1","Acrobatics+1","Dagger Throw","Dagger Throw","Backflip+1","Setup+1"],"special_seed":0,"relics":["Ring of the Snake","PreservedInsect","War Paint","Odd Mushroom"],"potions_floor_usage":[6,6,13,16],"damage_taken":[{"damage":0.0,"enemies":"2 Louse","floor":1.0,"turns":4.0},{"damage":0.0,"enemies":"Cultist","floor":2.0,"turns":3.0},{"damage":0.0,"enemies":"Jaw Worm","floor":4.0,"turns":5.0},{"damage":0,"enemies":"Lagavulin","floor":6,"turns":2},{"damage":8,"enemies":"Large Slime","floor":7,"turns":5},{"damage":0,"enemies":"The Mushroom Lair","floor":11,"turns":4},{"damage":2,"enemies":"Exordium Thugs","floor":13,"turns":6},{"damage":54,"enemies":"Slime Boss","floor":16,"turns":8}],"seed_played":"6445097572505572519","potions_obtained":[{"floor":1.0,"key":"Explosive Potion"},{"floor":2.0,"key":"AttackPotion"},{"floor":11,"key":"Regen Potion"},{"floor":13,"key":"Ancient Potion"}],"is_trial":false,"path_per_floor":["M","M","?","M","$","E","M","R","T","R","?","R","M","?","R","B"],"character_chosen":"THE_SILENT","items_purchased":[],"campfire_rested":0,"item_purchase_floors":[],"current_hp_per_floor":[44,44,44,44,44,44,36,36,36,36,36,36,49,49,49,0],"gold":201,"neow_bonus":"TRANSFORM_TWO_CARDS","is_prod":false,"is_daily":false,"chose_seed":false,"campfire_upgraded":4,"win_rate":0,"timestamp":1557674242,"path_taken":["M","M","?","M","?","E","?","R","T","R","?","R","M","?","R","BOSS"],"build_version":"2019-01-23","purchased_purges":1,"victory":false,"max_hp_per_floor":[66,66,66,66,66,66,66,66,66,66,66,66,66,66,66,66],"card_choices":[{"not_picked":["Quick Slash","Distraction"],"picked":"Acrobatics","floor":1.0},{"not_picked":["Blade Dance","Deflect"],"picked":"Dagger Throw","floor":2.0},{"not_picked":["PiercingWail","Phantasmal Killer"],"picked":"Dagger Throw","floor":4.0},{"not_picked":["Predator","Poisoned Stab"],"picked":"Backflip","floor":6},{"not_picked":["Backflip","Bouncing Flask","Infinite Blades"],"picked":"SKIP","floor":7},{"not_picked":["All Out Attack","Dodge and Roll"],"picked":"Setup","floor":13}],"player_experience":5001001,"relics_obtained":[{"floor":6,"key":"PreservedInsect"},{"floor":9,"key":"War Paint"},{"floor":11,"key":"Odd Mushroom"}],"event_choices":[{"cards_removed":["Strike_G"],"damage_healed":0.0,"max_hp_gain":0.0,"max_hp_loss":0.0,"gold_gain":0.0,"event_name":"Purifier","player_choice":"Purged","floor":3.0,"gold_loss":0.0,"damage_taken":0.0},{"damage_healed":0,"gold_gain":0,"player_choice":"Fought Mushrooms","damage_taken":0,"max_hp_gain":0,"max_hp_loss":0,"event_name":"Mushrooms","floor":11,"gold_loss":0},{"damage_healed":0,"gold_gain":50,"player_choice":"Pray","damage_taken":0,"max_hp_gain":0,"max_hp_loss":0,"event_name":"Golden Shrine","floor":14,"gold_loss":0}],"is_beta":false,"boss_relics":[],"items_purged_floors":[5],"is_endless":false,"potions_floor_spawned":[1,2,11,13],"killed_by":"Slime Boss","ascension_level":20}