{"gold_per_floor":[111,111,125,140,140,140,198,198,221,249,268,268,280,24,24,98,98,118,118,134,134],"floor_reached":21,"playtime":692,"items_purged":[],"score":378,"play_id":"2195d4c5-7078-447c-84af-da3c72efcca3","local_time":"20190603024219","is_ascension_mode":true,"campfire_choices":[{"floor":6,"key":"REST"},{"floor":8,"key":"REST"},{"data":"Deadly Poison","floor":12,"key":"SMITH"},{"data":"Catalyst","floor":15,"key":"SMITH"}],"neow_cost":"NONE","seed_source_timestamp":622912886685900,"circlet_count":0,"master_deck":["AscendersBane","Defend_G+1","Defend_G","Defend_G","Defend_G","Strike_G","Strike_G","Strike_G","Strike_G","Survivor","Neutralize","Backflip+1","Quick Slash","Footwork","Flying Knee","Finisher","After Image","Deadly Poison+1","Tactician","Catalyst+1","Finesse","Footwork","Adrenaline","Acrobatics","Tactician"],"relics":["Ring of the Snake","Tiny Chest","Bag of Preparation","Dodecahedron","Runic Dome"],"potions_floor_usage":[7,10,13,18],"damage_taken":[{"damage":0,"enemies":"2 Louse","floor":1,"turns":4},{"damage":2,"enemies":"Small Slimes","floor":3,"turns":4},{"damage":1,"enemies":"Cultist","floor":4,"turns":4},{"damage":23,"enemies":"Gremlin Nob","floor":7,"turns":5},{"damage":10,"enemies":"Lagavulin","floor":10,"turns":7},{"damage":22,"enemies":"Gremlin Gang","floor":11,"turns":7},{"damage":0,"enemies":"3 Louse","floor":13,"turns":1},{"damage":11,"enemies":"Hexaghost","floor":16,"turns":9},{"damage":0,"enemies":"Chosen","floor":18,"turns":4},{"damage":13,"enemies":"3 Byrds","floor":20,"turns":5},{"damage":40,"enemies":"Sentry and Sphere","floor":21,"turns":7}],"seed_played":"3442867755100679446","potions_obtained":[{"floor":3,"key":"Ancient Potion"},{"floor":7,"key":"PowerPotion"},{"floor":11,"key":"Explosive Potion"},{"floor":13,"key":"Weak Potion"},{"floor":16,"key":"SteroidPotion"}],"is_trial":false,"path_per_floor":["M","?","M","M","?","R","E","R","T","E","M","R","M","$","R","B",null,"M","?","M","M"],"character_chosen":"THE_SILENT","items_purchased":["Catalyst","Finesse","Footwork"],"campfire_rested":2,"item_purchase_floors":[14,14,14],"current_hp_per_floor":[59,52,50,49,29,48,25,44,44,34,12,12,12,12,12,1,50,50,50,37,0],"gold":134,"neow_bonus":"TRANSFORM_CARD","is_prod":false,"is_daily":false,"chose_seed":false,"campfire_upgraded":2,"win_rate":0,"timestamp":1559497339,"path_taken":["M","?","M","M","?","R","E","R","T","E","M","R","M","$","R","BOSS","M","?","?","M"],"build_version":"2019-01-23","purchased_purges":0,"victory":false,"max_hp_per_floor":[66,66,66,66,66,66,66,66,66,66,66,66,66,66,66,66,66,66,66,66,66],"card_choices":[{"not_picked":["Blade Dance","Setup"],"picked":"Quick Slash","floor":1},{"not_picked":["Deflect","Reflex"],"picked":"Footwork","floor":3},{"not_picked":["Deflect","Dagger Throw"],"picked":"Flying Knee","floor":4},{"not_picked":["PiercingWail","Quick Slash"],"picked":"Finisher","floor":7},{"not_picked":["Doppelganger","Acrobatics"],"picked":"After Image","floor":10},{"not_picked":["Catalyst","Underhanded Strike"],"picked":"Deadly Poison","floor":11},{"not_picked":["Dodge and Roll","Flying Knee"],"picked":"Tactician","floor":13},{"not_picked":["Storm of Steel","Grand Finale"],"picked":"Adrenaline","floor":16},{"not_picked":["Poisoned Stab","Outmaneuver+1","Sucker Punch"],"picked":"SKIP","floor":18},{"not_picked":["Bane","Reflex"],"picked":"Tactician","floor":20}],"player_experience":5253428,"relics_obtained":[{"floor":7,"key":"Tiny Chest"},{"floor":9,"key":"Bag of Preparation"},{"floor":10,"key":"Dodecahedron"}],"event_choices":[{"cards_removed":["Strike_G"],"damage_healed":0,"gold_gain":0,"player_choice":"Card Removal","damage_taken":7,"max_hp_gain":0,"max_hp_loss":0,"event_name":"Golden Wing","floor":2,"gold_loss":0},{"damage_healed":0,"gold_gain":0,"player_choice":"Entered Light","damage_taken":20,"max_hp_gain":0,"max_hp_loss":0,"event_name":"Shining Light","floor":5,"gold_loss":0,"cards_upgraded":["Defend_G","Backflip"]},{"damage_healed":0,"gold_gain":0,"player_choice":"1 cards matched","damage_taken":0,"max_hp_gain":0,"max_hp_loss":0,"event_name":"Match and Keep!","floor":19,"gold_loss":0,"cards_obtained":["Acrobatics"]}],"is_beta":false,"boss_relics":[{"not_picked":["Ring of the Serpent","White Beast Statue"],"picked":"Runic Dome"}],"items_purged_floors":[],"is_endless":false,"potions_floor_spawned":[3,7,11,13,16],"killed_by":"Sentry and Sphere","ascension_level":20}