{"gold_per_floor":[115,165,185,198,198,228,228,240,267,105,119,119,153,171,171,250,250,262,282,302,321,236,269,269,169,221,240,26,46,56,88,88,167,167,184,203,203,220,4,4,38,38,65,65,65,90,90,119,119,119,119,119,119,13,46,46],"floor_reached":57,"playtime":2515,"items_purged":["Strike_G","Strike_G","Strike_G"],"score":3409,"play_id":"b77599d6-1967-41e5-9581-7ed396e3634a","local_time":"20190617042121","is_ascension_mode":true,"campfire_choices":[{"data":"Neutralize","floor":7,"key":"SMITH"},{"floor":12,"key":"REST"},{"floor":15,"key":"RECALL"},{"floor":24,"key":"REST"},{"floor":32,"key":"DIG"},{"floor":40,"key":"DIG"},{"floor":42,"key":"DIG"},{"floor":45,"key":"DIG"},{"floor":47,"key":"DIG"},{"floor":49,"key":"DIG"},{"floor":53,"key":"DIG"}],"neow_cost":"","seed_source_timestamp":200282446279200,"circlet_count":0,"master_deck":["AscendersBane","Defend_G","Defend_G+1","Defend_G","Defend_G+1","Defend_G","Strike_G+1","Survivor","Neutralize+1","Poisoned Stab+1","Poisoned Stab+1","Blur+1","Adrenaline+1","Deadly Poison+1","Bane+1","Leg Sweep+1","Backflip+1","Tools of the Trade+1","Deadly Poison+1","Burst+1","Crippling Poison+1","PiercingWail+1","PiercingWail+1","After Image+1","Well Laid Plans+1","Tactician+1","Acrobatics+1","Reflex+1","Prepared+1","Tools of the Trade+1","Deflect+1","Backflip+1","Finesse+1","Concentrate+1","Blur+1","Noxious Fumes+1","Caltrops+1"],"relics":["Ring of the Snake","Toxic Egg 2","Molten Egg 2","Frozen Egg 2","Potion Belt","Strawberry","Pen Nib","Fusion Hammer","Blood Vial","Pear","Shovel","Blue Candle","Orrery","StoneCalendar","Incense Burner","Unceasing Top","PreservedInsect","War Paint","Bag of Marbles","The Courier","Orichalcum","Whetstone","Ornamental Fan","Anchor"],"potions_floor_usage":[6,33,41,50,55,56,56,56,56],"damage_taken":[{"damage":13,"enemies":"Cultist","floor":1,"turns":5},{"damage":0,"enemies":"2 Louse","floor":3,"turns":3},{"damage":4,"enemies":"Small Slimes","floor":4,"turns":3},{"damage":14,"enemies":"Lagavulin","floor":6,"turns":6},{"damage":0,"enemies":"Looter","floor":8,"turns":2},{"damage":2,"enemies":"3 Louse","floor":11,"turns":4},{"damage":5,"enemies":"3 Sentries","floor":13,"turns":9},{"damage":0,"enemies":"Exordium Thugs","floor":14,"turns":3},{"damage":0,"enemies":"Hexaghost","floor":16,"turns":8},{"damage":1,"enemies":"2 Thieves","floor":18,"turns":4},{"damage":0,"enemies":"Spheric Guardian","floor":19,"turns":3},{"damage":3,"enemies":"Snake Plant","floor":20,"turns":4},{"damage":0,"enemies":"Snecko","floor":21,"turns":4},{"damage":0,"enemies":"Gremlin Leader","floor":23,"turns":6},{"damage":0,"enemies":"3 Cultists","floor":27,"turns":4},{"damage":0,"enemies":"Snake Plant","floor":29,"turns":4},{"damage":0,"enemies":"Chosen and Byrds","floor":30,"turns":5},{"damage":1,"enemies":"Book of Stabbing","floor":31,"turns":6},{"damage":0,"enemies":"Automaton","floor":33,"turns":10},{"damage":0,"enemies":"3 Shapes","floor":35,"turns":3},{"damage":0,"enemies":"3 Darklings","floor":36,"turns":6},{"damage":0,"enemies":"Maw","floor":38,"turns":6},{"damage":36,"enemies":"Reptomancer","floor":41,"turns":7},{"damage":0,"enemies":"Giant Head","floor":46,"turns":7},{"damage":0,"enemies":"Nemesis","floor":48,"turns":7},{"damage":1,"enemies":"Donu and Deca","floor":50,"turns":12},{"damage":1,"enemies":"Awakened One","floor":51,"turns":16},{"damage":1,"enemies":"Shield and Spear","floor":55,"turns":7},{"damage":43,"enemies":"The Heart","floor":56,"turns":9}],"seed_played":"-8655933720279698498","potions_obtained":[{"floor":3,"key":"Explosive Potion"},{"floor":6,"key":"GhostInAJar"},{"floor":11,"key":"SteroidPotion"},{"floor":14,"key":"FearPotion"},{"floor":19,"key":"GamblersBrew"},{"floor":33,"key":"GamblersBrew"},{"floor":41,"key":"Energy Potion"},{"floor":48,"key":"GhostInAJar"},{"floor":55,"key":"Block Potion"}],"is_trial":true,"path_per_floor":["M","?","M","M","?","E","R","M","T","$","M","R","E","M","R","B",null,"M","M","M","M","?","E","R","$","T","M","$","M","M","E","R","B",null,"M","M","?","M","$","R","E","R","T","$","R","E","R","E","R","B","B",null,"R","$","E","B",null],"character_chosen":"THE_SILENT","items_purchased":["Bane+1","Leg Sweep+1","Well Laid Plans+1","Blur+1","Noxious Fumes+1","Dexterity Potion","Caltrops+1","Swift Potion"],"campfire_rested":2,"item_purchase_floors":[10,10,28,39,39,39,54,54],"current_hp_per_floor":[46,46,46,42,42,28,28,28,35,35,33,54,49,49,49,49,67,66,66,63,63,63,75,83,83,83,83,83,83,83,82,82,83,83,83,83,73,75,75,75,41,41,41,41,41,43,43,45,45,46,47,74,74,74,75,34],"gold":46,"neow_bonus":"","is_prod":false,"is_daily":false,"chose_seed":false,"campfire_upgraded":1,"win_rate":0,"timestamp":1560712881,"path_taken":["M","?","?","M","?","E","R","M","T","$","M","R","E","M","R","BOSS","M","?","?","M","?","E","R","$","T","M","$","M","M","E","R","BOSS","M","M","?","M","$","R","E","R","T","$","R","E","R","E","R","BOSS","BOSS","R","$","E","BOSS"],"build_version":"2019-01-23","purchased_purges":3,"victory":true,"max_hp_per_floor":[66,66,66,66,66,66,66,66,73,73,73,73,73,73,73,73,73,73,73,73,73,73,83,83,83,83,83,83,83,83,83,83,83,83,83,83,83,83,83,83,83,83,83,83,83,83,83,83,83,83,83,83,83,83,83,83],"card_choices":[{"not_picked":["Flying Knee+1","Infinite Blades+1"],"picked":"Poisoned Stab+1","floor":1},{"not_picked":["Underhanded Strike+1","Bane+1"],"picked":"Poisoned Stab+1","floor":3},{"not_picked":["Endless Agony+1","Skewer+1"],"picked":"Blur+1","floor":4},{"not_picked":["Dash+1","Deadly Poison+1"],"picked":"Adrenaline+1","floor":6},{"not_picked":["Skewer+1","Blade Dance+1"],"picked":"Deadly Poison+1","floor":8},{"not_picked":["Bane+1","Slice+1"],"picked":"Backflip+1","floor":11},{"not_picked":["Underhanded Strike+1","Reflex+1"],"picked":"Tools of the Trade+1","floor":13},{"not_picked":["Prepared+1","Quick Slash+1"],"picked":"Deadly Poison+1","floor":14},{"not_picked":["Die Die Die+1","Phantasmal Killer+1"],"picked":"Burst+1","floor":16},{"not_picked":["Poisoned Stab+1","Sucker Punch+1"],"picked":"Crippling Poison+1","floor":18},{"not_picked":["Riddle With Holes+1","Quick Slash+1","Slice+1"],"picked":"SKIP","floor":19},{"not_picked":["Dagger Throw+1","Bane+1","Outmaneuver+1"],"picked":"SKIP","floor":20},{"not_picked":["Bane+1","Endless Agony+1"],"picked":"PiercingWail+1","floor":21},{"not_picked":["Eviscerate+1","Sucker Punch+1"],"picked":"PiercingWail+1","floor":23},{"not_picked":["Bouncing Flask+1","Poisoned Stab+1"],"picked":"After Image+1","floor":27},{"not_picked":["Slice+1","Well Laid Plans+1"],"picked":"Tactician+1","floor":29},{"not_picked":["Sucker Punch+1","Predator+1"],"picked":"Acrobatics+1","floor":30},{"not_picked":["Bouncing Flask+1","Flying Knee+1","Poisoned Stab+1"],"picked":"SKIP","floor":31},{"not_picked":["Acrobatics+1","Deflect+1"],"picked":"Reflex+1","floor":34},{"not_picked":["Bane+1","Poisoned Stab+1"],"picked":"Prepared+1","floor":34},{"not_picked":["Dodge and Roll+1","Skewer+1"],"picked":"Tools of the Trade+1","floor":34},{"not_picked":["Quick Slash+1","Riddle With Holes+1"],"picked":"Deflect+1","floor":34},{"not_picked":["Outmaneuver+1","Predator+1","Backstab+1"],"picked":"SKIP","floor":35},{"not_picked":["All Out Attack+1","Dash+1"],"picked":"Backflip+1","floor":36},{"not_picked":["Discovery+1","Good Instincts+1"],"picked":"Finesse+1","floor":37},{"not_picked":["Acrobatics+1","PiercingWail+1"],"picked":"Concentrate+1","floor":38},{"not_picked":["Blade Dance+1","Flying Knee+1","Backstab+1"],"picked":"SKIP","floor":41},{"not_picked":["Flying Knee+1","Accuracy+1","Backflip+1"],"picked":"SKIP","floor":46},{"not_picked":["Endless Agony+1","Storm of Steel+1","Poisoned Stab+1"],"picked":"SKIP","floor":48},{"not_picked":["Masterful Stab+1","Sucker Punch+1","Underhanded Strike+1"],"picked":"SKIP","floor":55}],"player_experience":5391303,"relics_obtained":[{"floor":6,"key":"Potion Belt"},{"floor":9,"key":"Strawberry"},{"floor":13,"key":"Pen Nib"},{"floor":23,"key":"Pear"},{"floor":31,"key":"Shovel"},{"floor":32,"key":"Blue Candle"},{"floor":40,"key":"StoneCalendar"},{"floor":41,"key":"Incense Burner"},{"floor":42,"key":"Unceasing Top"},{"floor":43,"key":"PreservedInsect"},{"floor":45,"key":"War Paint"},{"floor":46,"key":"Bag of Marbles"},{"floor":47,"key":"The Courier"},{"floor":48,"key":"Orichalcum"},{"floor":49,"key":"Whetstone"},{"floor":53,"key":"Ornamental Fan"},{"floor":55,"key":"Anchor"}],"event_choices":[{"damage_healed":0,"gold_gain":50,"player_choice":"Pray","damage_taken":0,"max_hp_gain":0,"max_hp_loss":0,"event_name":"Golden Shrine","floor":2,"gold_loss":0},{"cards_removed":["Strike_G"],"damage_healed":0,"gold_gain":0,"player_choice":"Purged","damage_taken":0,"max_hp_gain":0,"max_hp_loss":0,"event_name":"Purifier","floor":5,"gold_loss":0},{"damage_healed":0,"gold_gain":0,"player_choice":"Obtained Relic","damage_taken":0,"relics_obtained":["Blood Vial"],"max_hp_gain":0,"max_hp_loss":0,"event_name":"Addict","floor":22,"gold_loss":85},{"damage_healed":0,"gold_gain":0,"player_choice":"Memory 3","damage_taken":10,"max_hp_gain":0,"max_hp_loss":0,"event_name":"SensoryStone","floor":37,"gold_loss":0}],"is_beta":false,"boss_relics":[{"not_picked":["Sozu","Runic Pyramid"],"picked":"Fusion Hammer"},{"not_picked":["Tiny House","Busted Crown"],"picked":"Orrery"}],"items_purged_floors":[10,25,28],"is_endless":false,"potions_floor_spawned":[3,6,11,14,19,27,29,30,33,36,41,48,55],"ascension_level":20}