{"gold_per_floor":[116,116,116,129,145,145,161,161,161,161,178,197,216,227,227,302,302,318,368,402,372,372,372,49,68,94,94,121,21,40,55,55,128,128,141,16,16,31,77,77,104,131,131,156,156,6,36,49,49,49,49,49,49,49,75,75],"floor_reached":57,"playtime":3935,"items_purged":["Strike_G","Strike_G","Strike_G","Strike_G"],"score":2954,"play_id":"eb67eb69-4235-4270-8b6c-8cb29f6f404e","local_time":"20190714012655","is_ascension_mode":true,"campfire_choices":[{"data":"Bouncing Flask","floor":6.0,"key":"SMITH"},{"floor":8.0,"key":"REST"},{"data":"Calculated Gamble","floor":10.0,"key":"SMITH"},{"floor":15.0,"key":"REST"},{"floor":23,"key":"REST"},{"data":"Reflex","floor":27,"key":"SMITH"},{"data":"Prepared","floor":32,"key":"SMITH"},{"data":"Calculated Gamble","floor":40,"key":"SMITH"},{"floor":45,"key":"RECALL"},{"data":"Wraith Form v2","floor":49,"key":"SMITH"},{"data":"Footwork","floor":53,"key":"SMITH"}],"neow_cost":"TEN_PERCENT_HP_LOSS","seed_source_timestamp":283184521872500,"circlet_count":0,"master_deck":["AscendersBane","Defend_G","Defend_G","Defend_G","Defend_G","Survivor","Neutralize","Tactician+1","Reflex+1","Bouncing Flask+1","Calculated Gamble+1","Calculated Gamble+1","Malaise","Underhanded Strike","Flechettes","Prepared+1","Acrobatics","Escape Plan","Backflip","Dark Shackles","Footwork+1","Blur","Escape Plan","Night Terror","Wraith Form v2+1","Calculated Gamble"],"special_seed":0,"relics":["Ring of the Snake","Orichalcum","Sundial","Runic Pyramid","Red Mask","Bag of Preparation","Bag of Marbles","Pear","White Beast Statue","WingedGreaves","Unceasing Top","Kunai","Pen Nib","Anchor","Art of War"],"potions_floor_usage":[20,20,25,28,28,39,41,56,56],"damage_taken":[{"damage":0.0,"enemies":"Jaw Worm","floor":1.0,"turns":7.0},{"damage":1.0,"enemies":"Small Slimes","floor":4.0,"turns":4.0},{"damage":6.0,"enemies":"Cultist","floor":5.0,"turns":6.0},{"damage":17.0,"enemies":"Exordium Wildlife","floor":7.0,"turns":7.0},{"damage":21.0,"enemies":"Large Slime","floor":11.0,"turns":5.0},{"damage":1.0,"enemies":"Looter","floor":12.0,"turns":3.0},{"damage":3.0,"enemies":"Exordium Wildlife","floor":13.0,"turns":4.0},{"damage":1.0,"enemies":"Red Slaver","floor":14.0,"turns":3.0},{"damage":14.0,"enemies":"The Guardian","floor":16.0,"turns":9.0},{"damage":8.0,"enemies":"Shell Parasite","floor":18.0,"turns":4.0},{"damage":30,"enemies":"Masked Bandits","floor":20,"turns":4},{"damage":3,"enemies":"2 Thieves","floor":21,"turns":4},{"damage":9,"enemies":"Centurion and Healer","floor":25,"turns":5},{"damage":0,"enemies":"Slavers","floor":28,"turns":3},{"damage":3,"enemies":"Snake Plant","floor":30,"turns":3},{"damage":0,"enemies":"3 Cultists","floor":31,"turns":2},{"damage":7,"enemies":"Automaton","floor":33,"turns":6},{"damage":2,"enemies":"3 Darklings","floor":35,"turns":3},{"damage":0,"enemies":"Orb Walker","floor":38,"turns":2},{"damage":5,"enemies":"2 Orb Walkers","floor":39,"turns":3},{"damage":13,"enemies":"Nemesis","floor":41,"turns":11},{"damage":0,"enemies":"Giant Head","floor":42,"turns":5},{"damage":0,"enemies":"Reptomancer","floor":47,"turns":5},{"damage":0,"enemies":"Writhing Mass","floor":48,"turns":8},{"damage":0,"enemies":"Donu and Deca","floor":50,"turns":8},{"damage":8,"enemies":"Time Eater","floor":51,"turns":18},{"damage":0,"enemies":"Shield and Spear","floor":55,"turns":11},{"damage":26,"enemies":"The Heart","floor":56,"turns":11}],"seed_played":"6416827827457567943","potions_obtained":[{"floor":1.0,"key":"GhostInAJar"},{"floor":7.0,"key":"Block Potion"},{"floor":12.0,"key":"PowerPotion"},{"floor":14.0,"key":"AttackPotion"},{"floor":16.0,"key":"Explosive Potion"},{"floor":18.0,"key":"Energy Potion"},{"floor":20,"key":"Explosive Potion"},{"floor":21,"key":"Poison Potion"},{"floor":25,"key":"Strength Potion"},{"floor":30,"key":"Dexterity Potion"},{"floor":35,"key":"AttackPotion"},{"floor":39,"key":"Swift Potion"},{"floor":41,"key":"GamblersBrew"},{"floor":48,"key":"Energy Potion"}],"is_trial":false,"path_per_floor":["M","?","?","M","M","R","M","R","T","R","M","M","M","M","R","B",null,"M","?","?","M","?","R","$","M","T","R","E","$","M","M","R","B",null,"M","$","?","M","?","R","E","E","T","T","R","$","E","M","R","B","B",null,"R","$","E","B",null],"character_chosen":"THE_SILENT","items_purchased":["Bag of Preparation","Flechettes"],"campfire_rested":3,"item_purchase_floors":[24,24],"current_hp_per_floor":[59,33,33,32,26,26,9,27,27,27,6,5,2,1,19,5,46,38,38,8,5,5,23,23,14,14,14,24,24,21,21,21,14,56,54,54,44,44,39,39,26,26,26,26,26,26,26,26,26,26,18,57,57,57,57,31],"gold":75,"neow_bonus":"REMOVE_TWO","is_prod":false,"is_daily":false,"chose_seed":false,"campfire_upgraded":7,"win_rate":0,"timestamp":1563035215,"path_taken":["M","?","?","M","M","R","M","R","T","R","M","M","?","M","R","BOSS","M","?","?","M","?","R","$","M","T","R","E","$","?","M","R","BOSS","M","$","?","M","?","R","E","E","T","?","R","$","E","M","R","BOSS","BOSS","R","$","E","BOSS"],"build_version":"2019-07-05","purchased_purges":4,"victory":true,"max_hp_per_floor":[60,60,60,60,60,60,60,60,60,60,60,60,60,60,60,60,60,60,60,60,60,60,60,60,60,60,60,70,70,70,70,70,70,70,70,70,70,70,70,70,70,70,70,70,70,70,70,70,70,70,70,70,70,70,70,70],"card_choices":[{"not_picked":["Backflip","Sucker Punch"],"picked":"Tactician","floor":1.0},{"not_picked":["Accuracy","Cloak And Dagger"],"picked":"Reflex","floor":4.0},{"not_picked":["Poisoned Stab","Sucker Punch"],"picked":"Bouncing Flask","floor":5.0},{"not_picked":["Quick Slash","Blade Dance"],"picked":"Calculated Gamble","floor":7.0},{"not_picked":["Dagger Spray","Dagger Throw"],"picked":"Calculated Gamble","floor":11.0},{"not_picked":["Dagger Throw","Bullet Time","Terror"],"picked":"SKIP","floor":12.0},{"not_picked":["Quick Slash","Flying Knee","Leg Sweep"],"picked":"SKIP","floor":13.0},{"not_picked":["Infinite Blades","Flying Knee","Terror"],"picked":"SKIP","floor":14.0},{"not_picked":["Tools of the Trade","Burst"],"picked":"Malaise","floor":16.0},{"not_picked":["Bouncing Flask","Deflect","Skewer"],"picked":"SKIP","floor":18.0},{"not_picked":["Flying Knee","Infinite Blades"],"picked":"Underhanded Strike","floor":21},{"not_picked":["Slice","Quick Slash"],"picked":"Prepared","floor":25},{"not_picked":["Flying Knee","Dagger Spray","Underhanded Strike+1"],"picked":"SKIP","floor":28},{"not_picked":["Deadly Poison","Dodge and Roll"],"picked":"Acrobatics","floor":30},{"not_picked":["Terror+1","Finisher"],"picked":"Escape Plan","floor":31},{"not_picked":["Noxious Fumes+1","Cloak And Dagger"],"picked":"Backflip","floor":35},{"not_picked":["Panacea","Dramatic Entrance"],"picked":"Dark Shackles","floor":37},{"not_picked":["Sucker Punch+1","Dodge and Roll+1"],"picked":"Footwork","floor":38},{"not_picked":["Bouncing Flask","Dodge and Roll+1"],"picked":"Blur","floor":39},{"not_picked":["Dagger Spray+1","PiercingWail"],"picked":"Escape Plan","floor":41},{"not_picked":["Reflex","Sucker Punch"],"picked":"Night Terror","floor":42},{"not_picked":["Quick Slash","Skewer+1"],"picked":"Wraith Form v2","floor":47},{"not_picked":["Flechettes","Bouncing Flask","Crippling Poison+1"],"picked":"SKIP","floor":48},{"not_picked":["Flying Knee","All Out Attack+1"],"picked":"Calculated Gamble","floor":55}],"player_experience":5672924,"relics_obtained":[{"floor":9.0,"key":"Sundial"},{"floor":20,"key":"Red Mask"},{"floor":26,"key":"Bag of Marbles"},{"floor":28,"key":"Pear"},{"floor":39,"key":"WingedGreaves"},{"floor":41,"key":"Unceasing Top"},{"floor":42,"key":"Kunai"},{"floor":44,"key":"Pen Nib"},{"floor":47,"key":"Anchor"},{"floor":55,"key":"Art of War"}],"event_choices":[{"damage_healed":0.0,"max_hp_gain":0.0,"max_hp_loss":0.0,"gold_gain":0.0,"event_name":"Scrap Ooze","player_choice":"Success","floor":2.0,"gold_loss":0.0,"damage_taken":26.0,"relics_obtained":["Orichalcum"]},{"damage_healed":0.0,"max_hp_gain":0.0,"max_hp_loss":0.0,"gold_gain":0.0,"event_name":"Accursed Blacksmith","player_choice":"Forge","floor":3.0,"gold_loss":0.0,"damage_taken":0.0,"cards_upgraded":["Tactician"]},{"damage_healed":0.0,"max_hp_gain":0.0,"max_hp_loss":0.0,"gold_gain":50.0,"event_name":"Nest","player_choice":"Stole From Cult","floor":19.0,"gold_loss":0.0,"damage_taken":0.0},{"damage_healed":0,"gold_gain":0,"player_choice":"Fought Bandits","damage_taken":0,"max_hp_gain":0,"max_hp_loss":0,"event_name":"Masked Bandits","floor":20,"gold_loss":0},{"damage_healed":0,"gold_gain":0,"player_choice":"Ignored","damage_taken":0,"max_hp_gain":0,"max_hp_loss":0,"event_name":"Cursed Tome","floor":22,"gold_loss":0},{"damage_healed":0,"gold_gain":0,"player_choice":"Memory 3","damage_taken":10,"max_hp_gain":0,"max_hp_loss":0,"event_name":"SensoryStone","floor":37,"gold_loss":0},{"damage_healed":0,"gold_gain":0,"player_choice":"Fight","damage_taken":0,"max_hp_gain":0,"max_hp_loss":0,"event_name":"Mysterious Sphere","floor":39,"gold_loss":0}],"is_beta":false,"boss_relics":[{"not_picked":["Busted Crown","Eternal Feather"],"picked":"Runic Pyramid"},{"not_picked":["Runic Dome","Black Star"],"picked":"White Beast Statue"}],"items_purged_floors":[24,29,36,46],"is_endless":false,"potions_floor_spawned":[1,7,12,14,16,18,20,21,25,30,35,38,39,41,42,47,48,55],"ascension_level":20}