{"gold_per_floor":[365,378,44,64,80,80,115,115,191,4,32,44,44,60,60,158,158,171,171,191,191,211,211,231,231,313,332,332],"floor_reached":28,"playtime":924,"items_purged":["Strike_R","Strike_R"],"score":308,"play_id":"da8e7463-d605-4e5f-a12c-67c60e715bcb","local_time":"20190704212451","is_ascension_mode":true,"campfire_choices":[{"data":"ReplayTheSpireMod:Muscle Training","floor":6,"key":"SMITH"},{"data":"Heavy Blade","floor":8,"key":"SMITH"},{"floor":15,"key":"REST"},{"data":"strawberrySpire:DraftPunk","floor":23,"key":"SMITH"}],"neow_cost":"TEN_PERCENT_HP_LOSS","seed_source_timestamp":1153341818461676,"circlet_count":0,"master_deck":["Bash","ReplayTheSpireMod:Muscle Training+1","Heavy Blade+1","ReplayTheSpireMod:Muscle Training","Swift Strike","Cleave","vexMod:Elimination","Sword Boomerang","Limit Break","Inflame","strawberrySpire:PumpUp","strawberrySpire:DraftPunk+1","Flex","Flex","hubris:SharpeningStone","Clothesline","Defy Death","vexMod:CleverClash","Infernal Blade+1","Defy Death+1","Sentinel"],"relics":["Burning Blood","Shuriken","aspiration:Lifesprig","hubris:SphereOfDissonance","hubris:BottledRain","Pandora\u0027s Box","infinitespire:Cupcake","Golden Egg"],"potions_floor_usage":[7,12,12,18,22,24],"damage_taken":[{"damage":0,"enemies":"2 Louse","floor":1,"turns":3},{"damage":8,"enemies":"Cultist","floor":2,"turns":4},{"damage":0,"enemies":"Small Slimes","floor":4,"turns":3},{"damage":10,"enemies":"3 Louse","floor":5,"turns":4},{"damage":26,"enemies":"3 Sentries","floor":7,"turns":8},{"damage":29,"enemies":"Lagavulin","floor":11,"turns":5},{"damage":8,"enemies":"Gremlin Gang","floor":12,"turns":4},{"damage":2,"enemies":"Looter","floor":14,"turns":2},{"damage":47,"enemies":"Hexaghost","floor":16,"turns":5},{"damage":8,"enemies":"Spheric Guardian","floor":18,"turns":3},{"damage":12,"enemies":"Chosen","floor":20,"turns":2},{"damage":13,"enemies":"Snecko","floor":22,"turns":3},{"damage":18,"enemies":"Snake Plant","floor":24,"turns":2},{"damage":36,"enemies":"Centurion and Healer","floor":27,"turns":3},{"damage":36,"enemies":"Chosen and Byrds","floor":28,"turns":4}],"seed_played":"-2032286471359477786","potions_obtained":[{"floor":4,"key":"Strength Potion"},{"floor":5,"key":"Energy Potion"},{"floor":11,"key":"FearPotion"},{"floor":12,"key":"EssenceOfSteel"},{"floor":16,"key":"Dexterity Potion"},{"floor":20,"key":"AttackPotion"},{"floor":22,"key":"SkillPotion"}],"is_trial":false,"path_per_floor":["M","M","$","M","M","R","E","R","T","$","E","M","?","M","R","B",null,"M","?","M","?","M","R","M","AVR","T","M","M"],"character_chosen":"IRONCLAD","items_purchased":["Shuriken","Swift Strike"],"campfire_rested":1,"item_purchase_floors":[3,10],"current_hp_per_floor":[72,70,70,72,68,68,48,48,48,48,26,25,25,30,51,12,72,71,71,65,65,59,59,48,48,48,19,0],"gold":332,"neow_bonus":"TWO_FIFTY_GOLD","is_prod":false,"is_daily":false,"chose_seed":false,"campfire_upgraded":3,"win_rate":0,"timestamp":1562271891,"path_taken":["M","M","$","M","M","R","E","R","T","$","E","M","?","?","R","BOSS","M","?","M","?","M","R","M","AVR","T","?","M"],"build_version":"2019-07-01","purchased_purges":2,"victory":false,"max_hp_per_floor":[72,72,72,72,72,72,72,72,72,72,72,72,72,72,72,72,72,72,72,72,72,72,72,72,72,72,72,72],"card_choices":[{"not_picked":["Bloodletting","Iron Wave"],"picked":"ReplayTheSpireMod:Muscle Training","floor":1},{"not_picked":["Twin Strike","strawberrySpire:Conflagrate"],"picked":"Heavy Blade","floor":2},{"not_picked":["Replay:Undeath\u0027s Touch","Shrug It Off"],"picked":"ReplayTheSpireMod:Muscle Training","floor":4},{"not_picked":["Run Through","strawberrySpire:Spite","True Grit"],"picked":"SKIP","floor":5},{"not_picked":["ReplayTheSpireMod:Strike From Hell","Iron Wave","strawberrySpire:Endurance"],"picked":"SKIP","floor":7},{"not_picked":["Feel No Pain","Pommel Strike","Anger"],"picked":"SKIP","floor":11},{"not_picked":["Perfected Strike","Demonic Infusion"],"picked":"Cleave","floor":12},{"not_picked":["Fiend Fire","Dark Embrace"],"picked":"vexMod:Elimination","floor":13},{"not_picked":["conspire:Charge","Replay:Undeath\u0027s Touch"],"picked":"Sword Boomerang","floor":14},{"not_picked":["Demonic Infusion","Immolate"],"picked":"Limit Break","floor":16},{"not_picked":["Wild Strike","vexMod:TrainingStrike"],"picked":"Defy Death","floor":18},{"not_picked":["Run Through+1","vexMod:CrumblingCrash"],"picked":"vexMod:CleverClash","floor":20},{"not_picked":["Sword Boomerang","strawberrySpire:Spite"],"picked":"Defy Death+1","floor":22},{"not_picked":["strawberrySpire:FireDrill","Bloodletting+1","Body Slam"],"picked":"SKIP","floor":24},{"not_picked":["Thunderclap","Replay:Undeath\u0027s Touch"],"picked":"Sentinel","floor":27}],"player_experience":153186,"relics_obtained":[{"floor":7,"key":"aspiration:Lifesprig"},{"floor":9,"key":"hubris:SphereOfDissonance"},{"floor":11,"key":"hubris:BottledRain"},{"floor":26,"key":"Golden Egg"}],"event_choices":[],"is_beta":false,"boss_relics":[{"not_picked":["Abe\u0027s Treasure","White Beast Statue"],"picked":"Pandora\u0027s Box"}],"items_purged_floors":[3,10],"is_endless":false,"potions_floor_spawned":[4,5,11,12,16,20,22],"killed_by":"Chosen and Byrds","ascension_level":4}