{"gold_per_floor":[116,116,126,142,161,161,173,173,244,244,169,182,200,234,234,312,312,326,326,326,326,341,373,126,139,164,195,97,107,107,7,7,84,84,100,149,249,260,260,288,308,99,148,148,181,201,219,254,254,254,254,254,254,104,132,132],"floor_reached":57,"playtime":1396,"items_purged":["Strike_R","Strike_R","Strike_R","Bash"],"score":3314,"play_id":"950a6747-bece-4d04-b656-fdeb6b66d558","local_time":"20190628013525","is_ascension_mode":true,"campfire_choices":[{"data":"Limit Break","floor":6.0,"key":"SMITH"},{"data":"Flex","floor":8.0,"key":"SMITH"},{"data":"Battle Trance","floor":10.0,"key":"SMITH"},{"data":"Flex","floor":15.0,"key":"SMITH"},{"data":"Panacea","floor":30.0,"key":"SMITH"},{"data":"Sword Boomerang","floor":32.0,"key":"SMITH"},{"floor":44.0,"key":"RECALL"},{"data":"Offering","floor":49.0,"key":"SMITH"},{"data":"Offering","floor":53.0,"key":"SMITH"}],"neow_cost":"","seed_source_timestamp":801433248231500,"circlet_count":0,"master_deck":["Limit Break+1","Defend_R","Defend_R","Defend_R","Defend_R","Battle Trance+1","Pummel","Sword Boomerang+1","Flex+1","Flex+1","Offering+1","Offering+1","Seeing Red+1","Panacea+1","Offering+1"],"special_seed":0,"relics":["Burning Blood","Torii","Meat on the Bone","Blood Vial","Eternal Feather","Bottled Lightning","Bag of Preparation","Centennial Puzzle","Dream Catcher","Lizard Tail","Unceasing Top","StoneCalendar","Bronze Scales","PreservedInsect","Omamori","Ornamental Fan"],"potions_floor_usage":[56,56],"damage_taken":[{"damage":9.0,"enemies":"Small Slimes","floor":1.0,"turns":6.0},{"damage":1.0,"enemies":"2 Louse","floor":3.0,"turns":3.0},{"damage":3.0,"enemies":"Jaw Worm","floor":4.0,"turns":5.0},{"damage":5.0,"enemies":"Gremlin Gang","floor":5.0,"turns":5.0},{"damage":3.0,"enemies":"Exordium Wildlife","floor":7.0,"turns":5.0},{"damage":0.0,"enemies":"Blue Slaver","floor":12.0,"turns":1.0},{"damage":12.0,"enemies":"Large Slime","floor":13.0,"turns":4.0},{"damage":6.0,"enemies":"Gremlin Nob","floor":14.0,"turns":2.0},{"damage":42.0,"enemies":"Hexaghost","floor":16.0,"turns":4.0},{"damage":36.0,"enemies":"3 Byrds","floor":18.0,"turns":4.0},{"damage":18.0,"enemies":"2 Thieves","floor":22.0,"turns":3.0},{"damage":12.0,"enemies":"Gremlin Leader","floor":23.0,"turns":1.0},{"damage":12.0,"enemies":"Shelled Parasite and Fungi","floor":25.0,"turns":1.0},{"damage":12.0,"enemies":"Book of Stabbing","floor":27.0,"turns":1.0},{"damage":6.0,"enemies":"Snake Plant","floor":29.0,"turns":1.0},{"damage":12.0,"enemies":"Collector","floor":33.0,"turns":1.0},{"damage":6.0,"enemies":"Orb Walker","floor":35.0,"turns":1.0},{"damage":12.0,"enemies":"2 Orb Walkers","floor":36.0,"turns":1.0},{"damage":18.0,"enemies":"Mind Bloom Boss Battle","floor":37.0,"turns":1.0},{"damage":27.0,"enemies":"3 Darklings","floor":38.0,"turns":3.0},{"damage":25.0,"enemies":"Giant Head","floor":40.0,"turns":4.0},{"damage":6.0,"enemies":"Spire Growth","floor":41.0,"turns":1.0},{"damage":6.0,"enemies":"Nemesis","floor":45.0,"turns":1.0},{"damage":29.0,"enemies":"Maw","floor":46.0,"turns":6.0},{"damage":18.0,"enemies":"4 Shapes","floor":47.0,"turns":1.0},{"damage":12.0,"enemies":"Giant Head","floor":48.0,"turns":1.0},{"damage":18.0,"enemies":"Awakened One","floor":50.0,"turns":2.0},{"damage":32.0,"enemies":"Time Eater","floor":51.0,"turns":2.0},{"damage":12.0,"enemies":"Shield and Spear","floor":55.0,"turns":1.0},{"damage":168,"enemies":"The Heart","floor":56,"turns":7}],"seed_played":"3821471345633600539","potions_obtained":[{"floor":1.0,"key":"AttackPotion"},{"floor":4.0,"key":"Block Potion"},{"floor":7.0,"key":"Dexterity Potion"},{"floor":12.0,"key":"Strength Potion"},{"floor":22.0,"key":"GamblersBrew"},{"floor":23.0,"key":"Swift Potion"},{"floor":29.0,"key":"Block Potion"},{"floor":37.0,"key":"EntropicBrew"},{"floor":38.0,"key":"Regen Potion"}],"is_trial":true,"path_per_floor":["M","?","M","M","M","R","M","R","T","R","?","M","M","E","R","B",null,"M","?","?","?","M","E","$","M","T","E","$","M","R","$","R","B",null,"M","?","?","M","?","E","M","$","T","R","E","M","M","E","R","B","B",null,"R","$","E","B",null],"character_chosen":"IRONCLAD","items_purchased":["Bag of Preparation","Panacea","Regen Potion"],"campfire_rested":0,"item_purchase_floors":[24,28,42],"current_hp_per_floor":[65,47,52,55,56,56,59,59,59,59,59,65,59,59,59,37,66,50,50,50,50,52,48,48,44,44,52,52,54,63,63,72,68,73,75,69,59,52,52,47,49,49,49,58,60,51,53,49,58,48,36,65,74,74,69,39],"gold":132,"neow_bonus":"","is_prod":false,"is_daily":false,"chose_seed":false,"campfire_upgraded":8,"win_rate":0,"timestamp":1561653325,"path_taken":["M","?","M","M","M","R","M","R","T","R","?","?","?","E","R","BOSS","M","?","?","?","?","E","$","M","T","E","$","M","R","$","R","BOSS","M","?","?","M","?","E","M","?","T","R","E","?","?","E","R","BOSS","BOSS","R","$","E","BOSS"],"build_version":"2019-01-23","purchased_purges":4,"victory":true,"max_hp_per_floor":[75,75,75,75,75,75,75,75,75,75,75,75,75,75,75,75,75,75,75,75,75,75,75,75,75,75,75,75,75,75,75,75,75,75,75,75,75,75,75,75,75,75,75,75,75,75,75,75,75,75,75,75,75,75,75,75],"card_choices":[{"not_picked":["Cleave","Dropkick"],"picked":"Battle Trance","floor":1.0},{"not_picked":["Havoc","Seeing Red"],"picked":"Pummel","floor":3.0},{"not_picked":["Bloodletting","Pommel Strike","Clothesline"],"picked":"SKIP","floor":4.0},{"not_picked":["Power Through","Infernal Blade"],"picked":"Sword Boomerang","floor":5.0},{"not_picked":["Warcry","Sword Boomerang"],"picked":"Flex","floor":7.0},{"not_picked":["Havoc","True Grit"],"picked":"Flex","floor":12.0},{"not_picked":["Combust","Rupture"],"picked":"Offering","floor":13.0},{"not_picked":["Rupture","Perfected Strike","Intimidate"],"picked":"SKIP","floor":14.0},{"not_picked":["Exhume","Demon Form"],"picked":"Offering","floor":16.0},{"not_picked":["Iron Wave","Bloodletting","Warcry"],"picked":"SKIP","floor":18.0},{"not_picked":["Headbutt","Twin Strike","Wild Strike"],"picked":"SKIP","floor":22.0},{"not_picked":["Body Slam","Spot Weakness","Anger"],"picked":"SKIP","floor":23.0},{"not_picked":["Corruption","Whirlwind"],"picked":"Seeing Red+1","floor":25.0},{"not_picked":["Rupture","Burning Pact","Rage"],"picked":"SKIP","floor":27.0},{"not_picked":["Iron Wave","Headbutt","Bloodletting"],"picked":"SKIP","floor":29.0},{"not_picked":["Demon Form","Exhume"],"picked":"Offering","floor":33.0},{"not_picked":["Twin Strike","Hemokinesis","Combust"],"picked":"SKIP","floor":35.0},{"not_picked":["Rampage","Iron Wave","Shrug It Off"],"picked":"SKIP","floor":38.0},{"not_picked":["Double Tap","Iron Wave","Battle Trance+1"],"picked":"SKIP","floor":40.0},{"not_picked":["Pommel Strike+1","True Grit","Sword Boomerang"],"picked":"SKIP","floor":41.0},{"not_picked":["Pommel Strike+1","True Grit","Sword Boomerang"],"picked":"SKIP","floor":41.0},{"not_picked":["Pummel","Havoc","Shrug It Off"],"picked":"SKIP","floor":45.0},{"not_picked":["Clash","Heavy Blade","Warcry"],"picked":"SKIP","floor":46.0},{"not_picked":["Fire Breathing+1","Evolve","Flex+1"],"picked":"SKIP","floor":47.0},{"not_picked":["Dual Wield","Dark Embrace","Shockwave"],"picked":"SKIP","floor":48.0},{"not_picked":["Clash","Clothesline","Havoc"],"picked":"SKIP","floor":55.0}],"player_experience":5512202,"relics_obtained":[{"floor":9.0,"key":"Meat on the Bone"},{"floor":14.0,"key":"Blood Vial"},{"floor":23.0,"key":"Bottled Lightning"},{"floor":26.0,"key":"Centennial Puzzle"},{"floor":27.0,"key":"Dream Catcher"},{"floor":36.0,"key":"Unceasing Top"},{"floor":37.0,"key":"StoneCalendar"},{"floor":40.0,"key":"Bronze Scales"},{"floor":45.0,"key":"PreservedInsect"},{"floor":48.0,"key":"Omamori"},{"floor":55.0,"key":"Ornamental Fan"}],"event_choices":[{"damage_healed":0.0,"max_hp_gain":0.0,"max_hp_loss":0.0,"gold_gain":0.0,"event_name":"Scrap Ooze","player_choice":"Success","floor":2.0,"gold_loss":0.0,"damage_taken":18.0,"relics_obtained":["Torii"]},{"cards_removed":["Strike_R"],"damage_healed":0.0,"max_hp_gain":0.0,"max_hp_loss":0.0,"gold_gain":0.0,"event_name":"The Cleric","player_choice":"Card Removal","floor":11.0,"gold_loss":75.0,"damage_taken":0.0},{"damage_healed":0.0,"max_hp_gain":0.0,"max_hp_loss":0.0,"gold_gain":0.0,"event_name":"Cursed Tome","player_choice":"Ignored","floor":19.0,"gold_loss":0.0,"damage_taken":0.0},{"cards_removed":["Strike_R"],"damage_healed":0.0,"max_hp_gain":0.0,"max_hp_loss":0.0,"gold_gain":0.0,"event_name":"Back to Basics","player_choice":"Elegance","floor":20.0,"gold_loss":0.0,"damage_taken":0.0},{"damage_healed":0.0,"max_hp_gain":0.0,"max_hp_loss":0.0,"gold_gain":0.0,"event_name":"Accursed Blacksmith","player_choice":"Forge","floor":21.0,"gold_loss":0.0,"damage_taken":0.0,"cards_upgraded":["Offering"]},{"damage_healed":0.0,"max_hp_gain":0.0,"max_hp_loss":0.0,"gold_gain":0.0,"event_name":"Mysterious Sphere","player_choice":"Fight","floor":36.0,"gold_loss":0.0,"damage_taken":0.0},{"damage_healed":0.0,"max_hp_gain":0.0,"max_hp_loss":0.0,"gold_gain":0.0,"event_name":"MindBloom","player_choice":"Fight","floor":37.0,"gold_loss":0.0,"damage_taken":0.0},{"damage_healed":0.0,"max_hp_gain":0.0,"max_hp_loss":0.0,"gold_gain":0.0,"event_name":"Tomb of Lord Red Mask","player_choice":"Ignored","floor":39.0,"gold_loss":0.0,"damage_taken":0.0}],"is_beta":false,"boss_relics":[{"not_picked":["Ectoplasm","Orrery"],"picked":"Eternal Feather"},{"not_picked":["Calling Bell","Runic Cube"],"picked":"Lizard Tail"}],"items_purged_floors":[24,31,42,54],"is_endless":false,"potions_floor_spawned":[1,4,7,12,22,23,29,33,37,38,46,47,48],"ascension_level":20}