{"gold_per_floor":[114,130,130,145,159,159,178,212,282,313,313,15,15,28,28,104,104,122,137,156,166,166,166,185,185,185,203,231,231,35,60,60,136,136,155,58,71,84,34,64,8,19,99,131,148,181,181,213,213,213,213,213,11,37,37],"floor_reached":56,"playtime":4888,"items_purged":["Strike_G","Slice","Eviscerate","Flying Knee","Glass Knife"],"score":2208,"play_id":"58b07c57-38cc-477d-9a0f-8611ea38bd96","local_time":"20190623014031","is_ascension_mode":true,"campfire_choices":[{"floor":6,"key":"REST"},{"data":"A Thousand Cuts","floor":11,"key":"SMITH"},{"data":"Neutralize","floor":13,"key":"SMITH"},{"data":"Noxious Fumes","floor":15,"key":"SMITH"},{"floor":23,"key":"REST"},{"data":"Dodge and Roll","floor":29,"key":"SMITH"},{"data":"Well Laid Plans","floor":32,"key":"SMITH"},{"floor":47,"key":"RECALL"},{"data":"Footwork","floor":49,"key":"SMITH"},{"data":"After Image","floor":52,"key":"SMITH"}],"neow_cost":"NONE","seed_source_timestamp":366393120855600,"circlet_count":0,"master_deck":["AscendersBane","Survivor","Neutralize+1","A Thousand Cuts+1","Endless Agony","Dash+1","Underhanded Strike","Noxious Fumes+1","Dagger Throw+1","Dodge and Roll+1","Storm of Steel+1","Deadly Poison+1","Bullet Time+1","Terror+1","Tactician+1","Malaise+1","PiercingWail+1","After Image+1","Leg Sweep+1","Backflip+1","Grand Finale","Footwork+1","Well Laid Plans+1","Escape Plan+1","Adrenaline+1","Flechettes+1","Prepared+1","Escape Plan+1","Footwork+1","Catalyst+1","Dodge and Roll+1","Blur+1"],"relics":["Ring of the Snake","Smiling Mask","Toxic Egg 2","Pocketwatch","Meat on the Bone","Pandora\u0027s Box","Turnip","Bag of Preparation","Whetstone","Philosopher\u0027s Stone","Question Card","Bag of Marbles","Tingsha","Letter Opener","Omamori","Lantern"],"potions_floor_usage":[5,55],"damage_taken":[{"damage":1,"enemies":"Jaw Worm","floor":1,"turns":6},{"damage":0,"enemies":"2 Louse","floor":2,"turns":3},{"damage":0,"enemies":"Cultist","floor":4,"turns":4},{"damage":4,"enemies":"Exordium Thugs","floor":5,"turns":5},{"damage":1,"enemies":"Blue Slaver","floor":7,"turns":4},{"damage":12,"enemies":"3 Sentries","floor":8,"turns":7},{"damage":27,"enemies":"Gremlin Nob","floor":10,"turns":5},{"damage":1,"enemies":"Looter","floor":14,"turns":2},{"damage":1,"enemies":"The Guardian","floor":16,"turns":8},{"damage":0,"enemies":"Chosen","floor":18,"turns":3},{"damage":17,"enemies":"2 Thieves","floor":19,"turns":3},{"damage":9,"enemies":"Centurion and Healer","floor":20,"turns":6},{"damage":8,"enemies":"3 Cultists","floor":21,"turns":6},{"damage":3,"enemies":"Snake Plant","floor":24,"turns":5},{"damage":15,"enemies":"Centurion and Healer","floor":27,"turns":5},{"damage":7,"enemies":"Gremlin Leader","floor":28,"turns":5},{"damage":4,"enemies":"Book of Stabbing","floor":31,"turns":6},{"damage":18,"enemies":"Champ","floor":33,"turns":8},{"damage":21,"enemies":"3 Darklings","floor":35,"turns":5},{"damage":0,"enemies":"Orb Walker","floor":37,"turns":2},{"damage":0,"enemies":"Jaw Worm Horde","floor":38,"turns":3},{"damage":0,"enemies":"Giant Head","floor":40,"turns":5},{"damage":21,"enemies":"3 Darklings","floor":42,"turns":5},{"damage":0,"enemies":"Nemesis","floor":44,"turns":7},{"damage":0,"enemies":"Sphere and 2 Shapes","floor":45,"turns":4},{"damage":0,"enemies":"Reptomancer","floor":46,"turns":5},{"damage":0,"enemies":"Giant Head","floor":48,"turns":6},{"damage":4,"enemies":"Time Eater","floor":50,"turns":18},{"damage":36,"enemies":"Shield and Spear","floor":54,"turns":5},{"damage":23,"enemies":"The Heart","floor":55,"turns":12}],"seed_played":"-6367236200135340597","potions_obtained":[{"floor":2,"key":"PowerPotion"},{"floor":4,"key":"LiquidBronze"},{"floor":7,"key":"SpeedPotion"},{"floor":14,"key":"GhostInAJar"},{"floor":28,"key":"GhostInAJar"}],"is_trial":false,"path_per_floor":["M","M","?","M","M","R","M","E","T","E","R","$","R","M","R","B",null,"M","M","M","M","?","R","M","?","T","M","E","R","$","E","R","B",null,"M","$","M","M","$","E","?","M","T","E","M","E","R","E","R","B",null,"R","$","E","B",null],"character_chosen":"THE_SILENT","items_purchased":["Meat on the Bone","Well Laid Plans","Escape Plan+1","Prepared+1","Lantern"],"campfire_rested":2,"item_purchase_floors":[12,30,30,36,53],"current_hp_per_floor":[58,58,38,38,34,53,52,40,40,13,13,13,13,24,24,35,58,58,41,44,36,18,39,36,36,36,33,38,38,38,46,46,40,63,42,42,42,42,42,42,42,33,33,45,45,45,45,45,45,41,64,64,64,40,29],"gold":37,"neow_bonus":"ONE_RANDOM_RARE_CARD","is_prod":false,"is_daily":false,"chose_seed":false,"campfire_upgraded":7,"win_rate":0,"timestamp":1561221631,"path_taken":["M","M","?","M","M","R","M","E","T","E","R","$","R","M","R","BOSS","M","M","M","M","?","R","M","?","T","M","E","R","$","E","R","BOSS","M","$","M","M","$","E","?","?","T","E","M","E","R","E","R","BOSS","R","$","E","BOSS"],"build_version":"2019-01-23","purchased_purges":5,"victory":true,"max_hp_per_floor":[66,66,66,66,66,66,66,66,66,66,66,66,66,66,66,66,66,66,66,66,66,71,71,71,71,71,71,71,71,71,71,71,71,71,71,71,71,71,71,71,71,71,71,71,71,71,71,71,71,71,71,71,71,71,71],"card_choices":[{"not_picked":["Flying Knee","Outmaneuver"],"picked":"Endless Agony","floor":1},{"not_picked":["PiercingWail","Blade Dance"],"picked":"Dash","floor":2},{"not_picked":["Tactician","Bane"],"picked":"Underhanded Strike","floor":4},{"not_picked":["Blade Dance","Deadly Poison"],"picked":"Noxious Fumes","floor":5},{"not_picked":["Cloak And Dagger","Deadly Poison"],"picked":"Dagger Throw","floor":7},{"not_picked":["All Out Attack","Expertise"],"picked":"Dodge and Roll","floor":8},{"not_picked":["Bane","Dodge and Roll+1"],"picked":"Storm of Steel+1","floor":10},{"not_picked":["Outmaneuver+1","Expertise+1"],"picked":"Deadly Poison+1","floor":14},{"not_picked":["Night Terror+1","Glass Knife"],"picked":"Bullet Time+1","floor":16},{"not_picked":["Dagger Spray","Dagger Throw","Poisoned Stab"],"picked":"SKIP","floor":18},{"not_picked":["Dagger Spray","Dagger Throw","Poisoned Stab"],"picked":"SKIP","floor":18},{"not_picked":["Underhanded Strike","Bane"],"picked":"After Image","floor":19},{"not_picked":["Skewer","Flechettes","Accuracy"],"picked":"SKIP","floor":20},{"not_picked":["Dodge and Roll+1","Sucker Punch"],"picked":"Leg Sweep+1","floor":21},{"not_picked":["Quick Slash","Expertise+1"],"picked":"Backflip+1","floor":24},{"not_picked":["Dagger Throw+1","Heel Hook","Quick Slash"],"picked":"SKIP","floor":27},{"not_picked":["Dagger Throw+1","Heel Hook","Quick Slash"],"picked":"SKIP","floor":27},{"not_picked":["Sucker Punch","Grand Finale"],"picked":"Footwork+1","floor":28},{"not_picked":["Deadly Poison+1","Deflect+1","Blade Dance+1"],"picked":"SKIP","floor":31},{"not_picked":["Tools of the Trade","Doppelganger+1"],"picked":"Adrenaline+1","floor":33},{"not_picked":["Cloak And Dagger+1","Poisoned Stab"],"picked":"Flechettes+1","floor":35},{"not_picked":["Deflect+1","All Out Attack"],"picked":"Escape Plan+1","floor":37},{"not_picked":["Flying Knee","Distraction+1"],"picked":"Footwork","floor":38},{"not_picked":["Choke","Distraction+1","Masterful Stab"],"picked":"SKIP","floor":40},{"not_picked":["Choke","Distraction+1","Masterful Stab"],"picked":"SKIP","floor":40},{"not_picked":["Choke","Distraction+1","Masterful Stab"],"picked":"SKIP","floor":40},{"not_picked":["PiercingWail+1","Bane","Expertise+1"],"picked":"Catalyst+1","floor":42},{"not_picked":["Underhanded Strike+1","Flying Knee","Skewer"],"picked":"Dodge and Roll+1","floor":44},{"not_picked":["Flying Knee+1","Dash","Deadly Poison+1"],"picked":"Blur+1","floor":45},{"not_picked":["Accuracy","Well Laid Plans","Distraction+1","Dash+1"],"picked":"SKIP","floor":46},{"not_picked":["Distraction+1","Cloak And Dagger+1","Dash+1","Dagger Throw"],"picked":"SKIP","floor":48},{"not_picked":["Die Die Die","Blade Dance+1","Flechettes","Outmaneuver+1"],"picked":"SKIP","floor":54}],"player_experience":5453333,"relics_obtained":[{"floor":8,"key":"Smiling Mask"},{"floor":9,"key":"Toxic Egg 2"},{"floor":10,"key":"Pocketwatch"},{"floor":26,"key":"Turnip"},{"floor":28,"key":"Bag of Preparation"},{"floor":31,"key":"Whetstone"},{"floor":40,"key":"Question Card"},{"floor":44,"key":"Tingsha"},{"floor":46,"key":"Letter Opener"},{"floor":48,"key":"Omamori"}],"event_choices":[{"damage_healed":0,"gold_gain":0,"player_choice":"Entered Light","damage_taken":20,"max_hp_gain":0,"max_hp_loss":0,"event_name":"Shining Light","floor":3,"gold_loss":0,"cards_upgraded":["Strike_G","Defend_G"]},{"damage_healed":0,"gold_gain":0,"player_choice":"Shed Blood","damage_taken":23,"max_hp_gain":5,"max_hp_loss":0,"event_name":"Forgotten Altar","floor":22,"gold_loss":0},{"damage_healed":0,"gold_gain":0,"cards_transformed":["Bullet Time","Bullet Time"],"player_choice":"Became Test Subject","damage_taken":0,"max_hp_gain":0,"max_hp_loss":0,"event_name":"Drug Dealer","floor":25,"gold_loss":0,"cards_obtained":["Grand Finale","Eviscerate"]},{"damage_healed":0,"gold_gain":0,"player_choice":"Paid Gold","damage_taken":0,"relics_obtained":["Bag of Marbles"],"max_hp_gain":0,"max_hp_loss":0,"event_name":"WeMeetAgain","floor":41,"gold_loss":56}],"is_beta":false,"boss_relics":[{"not_picked":["Ectoplasm","Black Star"],"picked":"Pandora\u0027s Box"},{"not_picked":["Lizard Tail","Ring of the Serpent"],"picked":"Philosopher\u0027s Stone"}],"items_purged_floors":[12,30,36,39,53],"is_endless":false,"potions_floor_spawned":[2,4,7,14,28,31,33,35,38,44,46],"ascension_level":15}