{"gold_per_floor":[115,126,126,126,51,78,78,91,91,91,91,91,91,122,122,217,217,228,243,260,260,260,260,260,270,270,286,286,38,48,48,48,146,146,159,159,159,11,30,30,30,41,41,41,41,55,55,82,82,82],"floor_reached":51,"playtime":1118,"items_purged":["Reprogram","Shame"],"score":756,"play_id":"bd5fee68-bd96-4144-8f2e-bf7784d516d5","local_time":"20190628052124","is_ascension_mode":false,"campfire_choices":[{"data":"Chaos","floor":7.0,"key":"SMITH"},{"data":"Zap","floor":10.0,"key":"SMITH"},{"data":"Dualcast","floor":13.0,"key":"SMITH"},{"data":"Defragment","floor":15.0,"key":"SMITH"},{"data":"Chaos","floor":23.0,"key":"SMITH"},{"data":"Echo Form","floor":32.0,"key":"SMITH"},{"data":"Electrodynamics","floor":40.0,"key":"SMITH"},{"data":"Conserve Battery","floor":47.0,"key":"SMITH"},{"data":"Self Repair","floor":49.0,"key":"SMITH"}],"neow_cost":"NONE","seed_source_timestamp":14457032077858,"circlet_count":0,"master_deck":["Zap+1","Dualcast+1","Self Repair+1","Biased Cognition+1","Echo Form+1","Sweeping Beam","Chaos+1","Electrodynamics+1","Steam+1","Conserve Battery+1","Chaos+1","Defragment+1","Defragment+1","Tempest+1","Biased Cognition+1","Flash of Steel+1","Ball Lightning+1","Ball Lightning+1"],"special_seed":0,"relics":["Pandora\u0027s Box","Molten Egg 2","Cables","Bottled Lightning","Question Card","Nuclear Battery","Mango","Dodecahedron","Darkstone Periapt","War Paint","Coffee Dripper","DataDisk","The Courier","Potion Belt"],"potions_floor_usage":[50,50],"damage_taken":[{"damage":0.0,"enemies":"2 Louse","floor":1.0,"turns":2.0},{"damage":2.0,"enemies":"Cultist","floor":2.0,"turns":4.0},{"damage":0.0,"enemies":"Lagavulin","floor":6.0,"turns":4.0},{"damage":4.0,"enemies":"Small Slimes","floor":8.0,"turns":3.0},{"damage":10.0,"enemies":"Gremlin Nob","floor":14.0,"turns":4.0},{"damage":8.0,"enemies":"The Guardian","floor":16.0,"turns":6.0},{"damage":0.0,"enemies":"Spheric Guardian","floor":18.0,"turns":3.0},{"damage":0.0,"enemies":"3 Byrds","floor":19.0,"turns":2.0},{"damage":0.0,"enemies":"Snake Plant","floor":20.0,"turns":3.0},{"damage":5.0,"enemies":"3 Cultists","floor":25.0,"turns":3.0},{"damage":0.0,"enemies":"Snecko","floor":27.0,"turns":2.0},{"damage":0.0,"enemies":"Sentry and Sphere","floor":30.0,"turns":2.0},{"damage":14.0,"enemies":"Automaton","floor":33.0,"turns":5.0},{"damage":29.0,"enemies":"3 Shapes","floor":35.0,"turns":2.0},{"damage":8.0,"enemies":"Orb Walker","floor":39.0,"turns":2.0},{"damage":0.0,"enemies":"Writhing Mass","floor":42.0,"turns":2.0},{"damage":0.0,"enemies":"Maw","floor":46.0,"turns":5.0},{"damage":13.0,"enemies":"Giant Head","floor":48.0,"turns":4.0},{"damage":49,"enemies":"Awakened One","floor":50,"turns":7}],"seed_played":"-3649221828433936976","potions_obtained":[{"floor":1.0,"key":"AttackPotion"},{"floor":2.0,"key":"FocusPotion"},{"floor":14.0,"key":"SteroidPotion"},{"floor":20.0,"key":"LiquidBronze"},{"floor":27.0,"key":"FairyPotion"}],"is_trial":false,"path_per_floor":["M","M","?","?","$","E","R","M","T","R","?","$","R","E","R","B",null,"M","M","M","?","?","R","?","M","T","M","?","$","M","$","R","B",null,"M","?","?","$","M","R","?","M","T","?","$","M","R","E","R","B",null],"character_chosen":"DEFECT","items_purchased":["War Paint","DataDisk"],"campfire_rested":0,"item_purchase_floors":[29,38],"current_hp_per_floor":[75,75,68,61,61,68,68,71,71,71,75,75,75,72,72,71,75,75,75,75,75,75,75,89,89,89,89,95,95,95,95,95,88,95,73,73,73,73,72,72,72,72,72,72,72,79,79,73,73,34],"gold":82,"neow_bonus":"BOSS_RELIC","is_prod":false,"is_daily":false,"chose_seed":false,"campfire_upgraded":9,"win_rate":0,"timestamp":1561720884,"path_taken":["M","M","?","?","$","E","R","M","T","R","?","$","R","E","R","BOSS","M","?","M","?","?","R","?","M","T","?","?","$","M","$","R","BOSS","M","?","?","$","M","R","?","?","T","?","$","?","R","E","R","BOSS"],"build_version":"2019-01-23","purchased_purges":2,"victory":true,"max_hp_per_floor":[75,75,75,75,75,75,75,75,75,75,75,75,75,75,75,75,75,75,75,75,75,75,75,89,89,89,89,95,95,95,95,95,95,95,95,95,95,95,95,95,95,95,95,95,95,95,95,95,95,95],"card_choices":[{"not_picked":["Scrape","Streamline"],"picked":"Steam","floor":1.0},{"not_picked":["Genetic Algorithm","Sweeping Beam"],"picked":"Conserve Battery","floor":2.0},{"not_picked":["Chill","Coolheaded"],"picked":"Chaos","floor":6.0},{"not_picked":["Force Field","Redo","Barrage+1"],"picked":"SKIP","floor":8.0},{"not_picked":["Steam","Go for the Eyes+1"],"picked":"Defragment","floor":14.0},{"not_picked":["Redo","Skim+1","Rebound+1","Stack"],"picked":"SKIP","floor":18.0},{"not_picked":["Sunder+1","Cold Snap+1","Beam Cell+1"],"picked":"Defragment+1","floor":19.0},{"not_picked":["Blizzard+1","Skim","Cold Snap+1"],"picked":"Tempest","floor":20.0},{"not_picked":["Beam Cell+1","Skim+1","Barrage+1","Seek"],"picked":"SKIP","floor":25.0},{"not_picked":["Steam Power+1","Sweeping Beam+1","Stack","Doom and Gloom+1"],"picked":"SKIP","floor":27.0},{"not_picked":["Lockon+1","Scrape+1","Streamline+1","White Noise"],"picked":"SKIP","floor":30.0},{"not_picked":["Core Surge+1","Electrodynamics","Buffer"],"picked":"Biased Cognition","floor":33.0},{"not_picked":["Turbo+1","Conserve Battery","Leap","Melter+1"],"picked":"SKIP","floor":35.0},{"not_picked":["Violence","Blind","Panacea"],"picked":"Flash of Steel+1","floor":37.0},{"not_picked":["Stack+1","Compile Driver+1","Heatsinks+1","Hello World"],"picked":"SKIP","floor":39.0},{"not_picked":["Coolheaded","Streamline+1","Conserve Battery","Self Repair"],"picked":"SKIP","floor":42.0},{"not_picked":["Gash+1","Self Repair","Conserve Battery"],"picked":"Ball Lightning+1","floor":46.0},{"not_picked":["Coolheaded","Recycle","Doom and Gloom+1"],"picked":"Ball Lightning+1","floor":48.0}],"player_experience":1519817,"relics_obtained":[{"floor":6.0,"key":"Cables"},{"floor":9.0,"key":"Bottled Lightning"},{"floor":14.0,"key":"Question Card"},{"floor":24.0,"key":"Mango"},{"floor":26.0,"key":"Dodecahedron"},{"floor":43.0,"key":"The Courier"},{"floor":48.0,"key":"Potion Belt"}],"event_choices":[{"damage_healed":0.0,"max_hp_gain":0.0,"max_hp_loss":0.0,"gold_gain":0.0,"event_name":"Scrap Ooze","player_choice":"Success","floor":3.0,"gold_loss":0.0,"damage_taken":7.0,"relics_obtained":["Molten Egg 2"]},{"cards_removed":["Scrape"],"damage_healed":0.0,"max_hp_gain":0.0,"max_hp_loss":0.0,"gold_gain":0.0,"event_name":"Golden Wing","player_choice":"Card Removal","floor":4.0,"gold_loss":0.0,"damage_taken":7.0},{"damage_healed":4.0,"max_hp_gain":0.0,"max_hp_loss":0.0,"gold_gain":0.0,"event_name":"Wheel of Change","player_choice":"Full Heal","floor":11.0,"gold_loss":0.0,"damage_taken":0.0},{"damage_healed":0.0,"max_hp_gain":0.0,"max_hp_loss":0.0,"gold_gain":0.0,"event_name":"Vampires","player_choice":"Ignored","floor":21.0,"gold_loss":0.0,"damage_taken":0.0},{"damage_healed":0.0,"max_hp_gain":0.0,"max_hp_loss":0.0,"gold_gain":0.0,"event_name":"Ghosts","player_choice":"Ignored","floor":22.0,"gold_loss":0.0,"damage_taken":0.0},{"damage_healed":0.0,"max_hp_gain":0.0,"max_hp_loss":0.0,"gold_gain":0.0,"event_name":"Wheel of Change","player_choice":"Relic","floor":24.0,"gold_loss":0.0,"damage_taken":0.0},{"damage_healed":0.0,"max_hp_gain":0.0,"max_hp_loss":0.0,"gold_gain":0.0,"event_name":"Addict","player_choice":"Stole Relic","floor":28.0,"gold_loss":0.0,"damage_taken":0.0,"relics_obtained":["Darkstone Periapt"],"cards_obtained":["Shame"]},{"damage_healed":0.0,"max_hp_gain":0.0,"max_hp_loss":0.0,"gold_gain":0.0,"event_name":"Mysterious Sphere","player_choice":"Ignored","floor":36.0,"gold_loss":0.0,"damage_taken":0.0},{"damage_healed":0.0,"max_hp_gain":0.0,"max_hp_loss":0.0,"gold_gain":0.0,"event_name":"SensoryStone","player_choice":"Memory 1","floor":37.0,"gold_loss":0.0,"damage_taken":0.0},{"damage_healed":0.0,"max_hp_gain":0.0,"max_hp_loss":0.0,"gold_gain":0.0,"event_name":"Accursed Blacksmith","player_choice":"Forge","floor":41.0,"gold_loss":0.0,"damage_taken":0.0,"cards_upgraded":["Biased Cognition"]},{"damage_healed":0.0,"max_hp_gain":0.0,"max_hp_loss":0.0,"gold_gain":0.0,"event_name":"Upgrade Shrine","player_choice":"Upgraded","floor":44.0,"gold_loss":0.0,"damage_taken":0.0,"cards_upgraded":["Biased Cognition"]}],"is_beta":false,"boss_relics":[{"not_picked":["Snecko Eye","Astrolabe"],"picked":"Nuclear Battery"},{"not_picked":["Calling Bell","Eternal Feather"],"picked":"Coffee Dripper"}],"items_purged_floors":[5,29],"is_endless":false,"potions_floor_spawned":[1,2,14,20,27,30,39,46],"ascension_level":0}