{"gold_per_floor":[116,131,131,146,158,188,188,221,247,262,262,262],"floor_reached":12,"playtime":179,"items_purged":[],"score":180,"play_id":"3e4c0385-ca90-49ca-bdf2-0a3e3db9113f","local_time":"20190413024051","is_ascension_mode":true,"campfire_choices":[{"floor":7,"key":"REST"},{"data":"Armaments","floor":11,"key":"SMITH"}],"neow_cost":"NONE","seed_source_timestamp":96862165663700,"circlet_count":0,"master_deck":["AscendersBane","Strike_R","Strike_R","Strike_R","Strike_R","Defend_R","Defend_R","Defend_R","Defend_R","Bash","Offering","Second Wind","Whirlwind","Rage","Body Slam","Armaments+1"],"relics":["Burning Blood","Centennial Puzzle","Orichalcum","Omamori"],"potions_floor_usage":[6,12],"damage_taken":[{"damage":8,"enemies":"Cultist","floor":1,"turns":4},{"damage":16,"enemies":"Small Slimes","floor":2,"turns":4},{"damage":13,"enemies":"Jaw Worm","floor":4,"turns":3},{"damage":8,"enemies":"3 Louse","floor":5,"turns":2},{"damage":38,"enemies":"Gremlin Nob","floor":6,"turns":4},{"damage":23,"enemies":"3 Sentries","floor":8,"turns":3},{"damage":17,"enemies":"Exordium Thugs","floor":10,"turns":5},{"damage":14,"enemies":"Large Slime","floor":12,"turns":4}],"seed_played":"2266606427374299430","potions_obtained":[{"floor":4,"key":"Block Potion"},{"floor":5,"key":"Energy Potion"},{"floor":8,"key":"Strength Potion"}],"is_trial":false,"path_per_floor":["M","M","?","M","M","E","R","E","T","M","R","M"],"character_chosen":"IRONCLAD","items_purchased":[],"campfire_rested":1,"item_purchase_floors":[],"current_hp_per_floor":[66,56,56,49,47,15,37,20,20,9,9,0],"gold":262,"neow_bonus":"ONE_RANDOM_RARE_CARD","is_prod":false,"is_daily":false,"chose_seed":false,"campfire_upgraded":1,"win_rate":0,"timestamp":1555090851,"path_taken":["M","?","?","M","?","E","R","E","T","M","R","M"],"build_version":"2019-01-23","purchased_purges":0,"victory":false,"max_hp_per_floor":[75,75,75,75,75,75,75,75,75,75,75,75],"card_choices":[{"not_picked":["Anger","Inflame"],"picked":"Second Wind","floor":1},{"not_picked":["Heavy Blade","Intimidate"],"picked":"Whirlwind","floor":2},{"not_picked":["Heavy Blade","Sever Soul"],"picked":"Rage","floor":4},{"not_picked":["Cleave","Twin Strike","Whirlwind"],"picked":"SKIP","floor":5},{"not_picked":["True Grit","Perfected Strike","Pommel Strike"],"picked":"SKIP","floor":6},{"not_picked":["Sentinel","Sword Boomerang"],"picked":"Body Slam","floor":8},{"not_picked":["Pommel Strike","Rupture"],"picked":"Armaments","floor":10}],"player_experience":4772307,"relics_obtained":[{"floor":6,"key":"Centennial Puzzle"},{"floor":8,"key":"Orichalcum"},{"floor":9,"key":"Omamori"}],"event_choices":[{"cards_removed":["Strike_R"],"damage_healed":0,"gold_gain":0,"player_choice":"Purged","damage_taken":0,"max_hp_gain":0,"max_hp_loss":0,"event_name":"Purifier","floor":3,"gold_loss":0}],"is_beta":false,"boss_relics":[],"items_purged_floors":[],"is_endless":false,"potions_floor_spawned":[4,5,8],"killed_by":"Large Slime","ascension_level":20}