{"gold_per_floor":[117,117,42,42,61,61,75,135,161,161,180,230,298,332,332,410,410,426,476,491,551,151,178,178,278,278,298,273,5,24,39,39,39],"floor_reached":33,"playtime":1184,"items_purged":["Strike_R","Hemokinesis+1"],"score":588,"play_id":"788b3fee-b4e9-4e07-b44b-59a11c2c4562","local_time":"20190721040128","is_ascension_mode":true,"campfire_choices":[{"data":"Hemokinesis","floor":6.0,"key":"SMITH"},{"data":"Body Slam","floor":10.0,"key":"SMITH"},{"data":"True Grit","floor":15.0,"key":"SMITH"},{"floor":24.0,"key":"REST"},{"floor":32.0,"key":"REST"}],"neow_cost":"TEN_PERCENT_HP_LOSS","seed_source_timestamp":19555858142200,"circlet_count":0,"master_deck":["AscendersBane","Defend_R","Defend_R","Bash","Pummel","Carnage+1","Power Through","Body Slam+1","True Grit+1","Burning Pact","Evolve","Rage","Second Wind"],"special_seed":0,"relics":["Burning Blood","SsserpentHead","Vajra","Blood Vial","Black Star","Toy Ornithopter","PreservedInsect","Prayer Wheel","Membership Card"],"potions_floor_usage":[33],"damage_taken":[{"damage":7.0,"enemies":"Jaw Worm","floor":1.0,"turns":3.0},{"damage":0.0,"enemies":"Small Slimes","floor":5.0,"turns":3.0},{"damage":2.0,"enemies":"Cultist","floor":7.0,"turns":2.0},{"damage":1.0,"enemies":"Exordium Wildlife","floor":8.0,"turns":3.0},{"damage":2.0,"enemies":"Red Slaver","floor":11.0,"turns":2.0},{"damage":0.0,"enemies":"Large Slime","floor":13.0,"turns":2.0},{"damage":2.0,"enemies":"Gremlin Nob","floor":14.0,"turns":2.0},{"damage":50.0,"enemies":"The Guardian","floor":16.0,"turns":12.0},{"damage":21.0,"enemies":"3 Byrds","floor":18.0,"turns":7.0},{"damage":7.0,"enemies":"Chosen","floor":20.0,"turns":5.0},{"damage":32.0,"enemies":"3 Cultists","floor":21.0,"turns":7.0},{"damage":29.0,"enemies":"Slavers","floor":23.0,"turns":5.0},{"damage":21.0,"enemies":"Sentry and Sphere","floor":27.0,"turns":10.0},{"damage":28.0,"enemies":"Snake Plant","floor":30.0,"turns":6.0},{"damage":9.0,"enemies":"Cultist and Chosen","floor":31.0,"turns":6.0},{"damage":49,"enemies":"Collector","floor":33,"turns":15}],"seed_played":"-8879383154324251187","potions_obtained":[{"floor":5.0,"key":"Weak Potion"},{"floor":8.0,"key":"Block Potion"},{"floor":18.0,"key":"Weak Potion"},{"floor":27.0,"key":"Regen Potion"},{"floor":30.0,"key":"GamblersBrew"},{"floor":31.0,"key":"SkillPotion"}],"is_trial":false,"path_per_floor":["M","?","?","?","M","R","M","M","T","R","M","?","M","E","R","B",null,"M","?","M","M","$","E","R","?","T","M","?","$","M","M","R","B"],"character_chosen":"IRONCLAD","items_purchased":["Toy Ornithopter","SteroidPotion","Energy Potion","Membership Card"],"campfire_rested":2,"item_purchase_floors":[22,22,22,29],"current_hp_per_floor":[67,67,67,67,68,68,68,68,68,68,68,68,68,68,68,24,57,44,44,45,21,21,10,30,30,30,17,17,17,17,21,41,0],"gold":39,"neow_bonus":"TRANSFORM_TWO_CARDS","is_prod":false,"is_daily":false,"chose_seed":false,"campfire_upgraded":3,"win_rate":0,"timestamp":1563649288,"path_taken":["M","?","?","?","M","R","M","?","T","R","M","?","?","E","R","BOSS","M","?","M","?","$","E","R","?","T","M","?","$","M","M","R","BOSS"],"build_version":"2019-07-17","purchased_purges":2,"victory":false,"max_hp_per_floor":[68,68,68,68,68,68,68,68,68,68,68,68,68,68,68,68,68,68,68,68,68,68,68,68,68,68,68,68,68,68,68,68,68],"card_choices":[{"not_picked":["Clash","Heavy Blade","Thunderclap"],"picked":"SKIP","floor":1.0},{"not_picked":["Fire Breathing","Intimidate"],"picked":"Hemokinesis","floor":5.0},{"not_picked":["Inflame","Body Slam"],"picked":"Power Through","floor":7.0},{"not_picked":["Anger","Searing Blow"],"picked":"Body Slam","floor":8.0},{"not_picked":["Wild Strike","Flex","Heavy Blade"],"picked":"SKIP","floor":11.0},{"not_picked":["Wild Strike","Flex","Heavy Blade"],"picked":"SKIP","floor":11.0},{"not_picked":["Twin Strike","Power Through","Clothesline"],"picked":"SKIP","floor":13.0},{"not_picked":["Twin Strike","Power Through","Clothesline"],"picked":"SKIP","floor":13.0},{"not_picked":["Clash","Offering"],"picked":"True Grit","floor":14.0},{"not_picked":["Pommel Strike","Anger","True Grit"],"picked":"SKIP","floor":18.0},{"not_picked":["Armaments","Headbutt"],"picked":"Burning Pact","floor":20.0},{"not_picked":["Ghostly Armor","Whirlwind","Rampage"],"picked":"SKIP","floor":21.0},{"not_picked":["Cleave","Anger+1","Warcry"],"picked":"SKIP","floor":23.0},{"not_picked":["Uppercut","Wild Strike"],"picked":"Evolve","floor":27.0},{"not_picked":["Flame Barrier","Headbutt","Warcry"],"picked":"SKIP","floor":27.0},{"not_picked":["Perfected Strike","Havoc"],"picked":"Rage","floor":30.0},{"not_picked":["Iron Wave","Wild Strike","Pommel Strike"],"picked":"SKIP","floor":30.0},{"not_picked":["Sword Boomerang","Cleave"],"picked":"Second Wind","floor":31.0},{"not_picked":["Iron Wave","Shrug It Off","Immolate"],"picked":"SKIP","floor":31.0}],"player_experience":5770254,"relics_obtained":[{"floor":9.0,"key":"Vajra"},{"floor":14.0,"key":"Blood Vial"},{"floor":23.0,"key":"PreservedInsect"},{"floor":23.0,"key":"Prayer Wheel"}],"event_choices":[{"cards_removed":["Strike_R"],"damage_healed":0.0,"max_hp_gain":0.0,"max_hp_loss":0.0,"gold_gain":0.0,"event_name":"Living Wall","player_choice":"Forget","floor":2.0,"gold_loss":0.0,"damage_taken":0.0},{"cards_removed":["Strike_R"],"damage_healed":0.0,"max_hp_gain":0.0,"max_hp_loss":0.0,"gold_gain":0.0,"event_name":"The Cleric","player_choice":"Card Removal","floor":3.0,"gold_loss":75.0,"damage_taken":0.0},{"damage_healed":0.0,"max_hp_gain":0.0,"max_hp_loss":0.0,"gold_gain":0.0,"event_name":"FaceTrader","player_choice":"Trade","floor":4.0,"gold_loss":0.0,"damage_taken":0.0,"relics_obtained":["SsserpentHead"]},{"damage_healed":0.0,"max_hp_gain":0.0,"max_hp_loss":0.0,"gold_gain":0.0,"event_name":"Accursed Blacksmith","player_choice":"Forge","floor":12.0,"gold_loss":0.0,"damage_taken":0.0,"cards_upgraded":["Carnage"]},{"cards_removed":["Defend_R"],"damage_healed":0.0,"max_hp_gain":0.0,"max_hp_loss":0.0,"gold_gain":0.0,"event_name":"Bonfire Elementals","player_choice":"Offered Basic","floor":19.0,"gold_loss":0.0,"damage_taken":0.0},{"damage_healed":0.0,"max_hp_gain":0.0,"max_hp_loss":0.0,"gold_gain":50.0,"event_name":"Nest","player_choice":"Stole From Cult","floor":25.0,"gold_loss":0.0,"damage_taken":0.0},{"cards_removed":["Defend_R"],"damage_healed":0.0,"max_hp_gain":0.0,"max_hp_loss":0.0,"gold_gain":0.0,"event_name":"Beggar","player_choice":"Gave Gold","floor":28.0,"gold_loss":75.0,"damage_taken":0.0}],"is_beta":false,"boss_relics":[{"not_picked":["Lizard Tail","Mark of Pain"],"picked":"Black Star"}],"items_purged_floors":[22,29],"is_endless":false,"potions_floor_spawned":[5,8,11,18,27,30,31],"killed_by":"Collector","ascension_level":20}