{"gold_per_floor":[117,392,402,415,64,64,21,21,45,56,56,56],"floor_reached":12,"playtime":328,"items_purged":["Regret"],"score":136,"play_id":"55fd20f0-b819-48c2-baeb-4a4533b0c82f","local_time":"20190723000255","is_ascension_mode":true,"campfire_choices":[{"floor":6,"key":"REST"},{"data":"Bash","floor":8,"key":"SMITH"}],"neow_cost":"","seed_source_timestamp":2715044223109819,"circlet_count":0,"master_deck":["AscendersBane","Strike_R","Strike_R","Strike_R","Strike_R","Strike_R","Defend_R","Defend_R","Defend_R","Defend_R","Bash+1","Feed","Thunderclap","Cleave","Shrug It Off","Sword Boomerang","Intimidate","Disarm"],"relics":["Burning Blood","Turnip","Molten Egg 2","Bronze Scales","Gremlin Horn"],"potions_floor_usage":[10,12],"damage_taken":[{"damage":9,"enemies":"Jaw Worm","floor":1,"turns":4},{"damage":6,"enemies":"Cultist","floor":3,"turns":3},{"damage":12,"enemies":"2 Louse","floor":4,"turns":2},{"damage":6,"enemies":"Large Slime","floor":10,"turns":8},{"damage":77,"enemies":"Lagavulin Event","floor":12,"turns":8}],"seed_played":"665775055786591000","potions_obtained":[{"floor":4,"key":"EssenceOfSteel"},{"floor":10,"key":"GamblersBrew"}],"is_trial":false,"path_per_floor":["M","?","M","M","$","R","$","R","T","M","T","?"],"character_chosen":"IRONCLAD","items_purchased":["Feed","Turnip","Thunderclap","Block Potion","Molten Egg 2","Intimidate"],"campfire_rested":1,"item_purchase_floors":[0,0,0,0,5,7],"current_hp_per_floor":[47,47,50,47,47,72,72,72,72,75,75,0],"gold":56,"neow_bonus":"","is_prod":false,"is_daily":false,"chose_seed":false,"campfire_upgraded":1,"win_rate":0,"timestamp":1563832975,"path_taken":["M","?","M","?","$","R","$","R","T","M","?","?"],"build_version":"2019-07-17","purchased_purges":1,"victory":false,"max_hp_per_floor":[78,78,81,84,84,84,84,84,84,87,87,87],"card_choices":[{"not_picked":["Anger","Clash"],"picked":"Cleave","floor":1},{"not_picked":["Warcry","Flex"],"picked":"Shrug It Off","floor":3},{"not_picked":["Seeing Red","Anger"],"picked":"Sword Boomerang","floor":4},{"not_picked":["Headbutt+1","Bloodletting"],"picked":"Disarm","floor":10}],"player_experience":543760,"relics_obtained":[{"floor":9,"key":"Bronze Scales"},{"floor":11,"key":"Gremlin Horn"}],"event_choices":[{"damage_healed":0,"gold_gain":275,"player_choice":"Desecrate","damage_taken":0,"max_hp_gain":0,"max_hp_loss":0,"event_name":"Golden Shrine","floor":2,"gold_loss":0,"cards_obtained":["Regret"]},{"damage_healed":0,"gold_gain":0,"player_choice":"Searched \u00271\u0027 times","damage_taken":0,"max_hp_gain":0,"max_hp_loss":0,"event_name":"Dead Adventurer","floor":12,"gold_loss":0}],"is_beta":false,"boss_relics":[],"items_purged_floors":[5],"is_endless":false,"potions_floor_spawned":[4,10],"killed_by":"Lagavulin Event","ascension_level":20}