{"gold_per_floor":[364,376,445,461,475,475,94,94,94,107,121,136,136,153,153,254,254,266,266,23,40,40,40,40,65,92,109,109,119,16,16,16,16],"floor_reached":33,"playtime":1216,"items_purged":["Clumsy","Strike_R","Strike_R"],"score":259,"play_id":"fa1e3c5b-aebe-446e-9288-91e8a53a47e6","local_time":"20190708013437","is_ascension_mode":false,"campfire_choices":[{"data":"Bash","floor":6,"key":"SMITH"},{"data":"Defend_R","floor":8,"key":"SMITH"},{"data":"Defend_R","floor":15,"key":"SMITH"},{"data":"Defend_R","floor":23,"key":"SMITH"},{"data":"Defend_R","floor":28,"key":"SMITH"},{"floor":32,"key":"REST"}],"neow_cost":"CURSE","seed_source_timestamp":1427238281373693,"circlet_count":0,"master_deck":["Strike_R","Strike_R","Strike_R","Defend_R+1","Defend_R+1","Defend_R+1","Defend_R+1","Bash+1","Dropkick","Dropkick"],"relics":["Burning Blood","Letter Opener","StoneCalendar","Pocketwatch","Snecko Eye","Membership Card","Meat on the Bone","Charon\u0027s Ashes","Bag of Preparation"],"potions_floor_usage":[14,14,16,16,25,33],"damage_taken":[{"damage":1,"enemies":"Cultist","floor":1,"turns":3},{"damage":2,"enemies":"Small Slimes","floor":2,"turns":5},{"damage":9,"enemies":"2 Louse","floor":4,"turns":3},{"damage":29,"enemies":"Lots of Slimes","floor":5,"turns":6},{"damage":0,"enemies":"2 Fungi Beasts","floor":10,"turns":4},{"damage":6,"enemies":"Exordium Wildlife","floor":11,"turns":6},{"damage":2,"enemies":"Large Slime","floor":12,"turns":7},{"damage":6,"enemies":"2 Fungi Beasts","floor":14,"turns":2},{"damage":22,"enemies":"The Guardian","floor":16,"turns":13},{"damage":11,"enemies":"Spheric Guardian","floor":18,"turns":4},{"damage":2,"enemies":"Shell Parasite","floor":21,"turns":4},{"damage":58,"enemies":"Gremlin Leader","floor":25,"turns":8},{"damage":16,"enemies":"Shelled Parasite and Fungi","floor":27,"turns":7},{"damage":10,"enemies":"Sentry and Sphere","floor":29,"turns":7},{"damage":77,"enemies":"Automaton","floor":33,"turns":10}],"seed_played":"-282708119580156129","potions_obtained":[{"floor":5,"key":"Weak Potion"},{"floor":11,"key":"Explosive Potion"},{"floor":12,"key":"FearPotion"},{"floor":14,"key":"AttackPotion"},{"floor":21,"key":"Poison Potion"},{"floor":29,"key":"Poison Potion"}],"is_trial":false,"path_per_floor":["M","M","T","M","M","R","$","R","T","M","M","M","?","M","R","B",null,"M","?","$","M","?","R","T","E","T","M","R","M","$","?","R","B"],"character_chosen":"IRONCLAD","items_purchased":["StoneCalendar","Membership Card","Dropkick"],"campfire_rested":1,"item_purchase_floors":[7,20,30],"current_hp_per_floor":[80,80,80,77,54,54,54,54,54,60,60,64,64,64,64,48,80,75,75,75,79,79,79,79,39,39,41,41,49,49,49,73,0],"gold":16,"neow_bonus":"TWO_FIFTY_GOLD","is_prod":false,"is_daily":false,"chose_seed":false,"campfire_upgraded":5,"win_rate":0,"timestamp":1562546077,"path_taken":["M","M","?","?","M","R","$","R","T","M","M","M","?","M","R","BOSS","M","?","$","?","?","R","?","E","T","M","R","M","$","?","R","BOSS"],"build_version":"2019-07-05","purchased_purges":3,"victory":false,"max_hp_per_floor":[80,80,80,80,80,80,80,80,80,80,80,80,80,80,80,80,80,80,80,80,80,80,80,80,80,80,80,80,80,80,80,80,80],"card_choices":[{"not_picked":["True Grit","Inflame","Pommel Strike"],"picked":"SKIP","floor":1},{"not_picked":["Twin Strike","Clothesline","Shockwave"],"picked":"SKIP","floor":2},{"not_picked":["Feel No Pain","Anger","Twin Strike"],"picked":"SKIP","floor":4},{"not_picked":["Twin Strike","Shrug It Off","Combust"],"picked":"SKIP","floor":5},{"not_picked":["Entrench","Flex","Armaments"],"picked":"SKIP","floor":10},{"not_picked":["Perfected Strike","Body Slam","Ghostly Armor"],"picked":"SKIP","floor":11},{"not_picked":["Havoc","True Grit","Iron Wave"],"picked":"SKIP","floor":12},{"not_picked":["Pommel Strike","True Grit","Iron Wave"],"picked":"SKIP","floor":14},{"not_picked":["Carnage","Fire Breathing+1","Perfected Strike"],"picked":"SKIP","floor":18},{"not_picked":["Body Slam+1","Pommel Strike","Rampage"],"picked":"SKIP","floor":21},{"not_picked":["Clash","Pommel Strike","Thunderclap"],"picked":"SKIP","floor":25},{"not_picked":["Flex","Headbutt"],"picked":"Dropkick","floor":27},{"not_picked":["Perfected Strike","Clash","Body Slam+1"],"picked":"SKIP","floor":29}],"player_experience":259221,"relics_obtained":[{"floor":3,"key":"Letter Opener"},{"floor":9,"key":"Pocketwatch"},{"floor":24,"key":"Meat on the Bone"},{"floor":25,"key":"Charon\u0027s Ashes"},{"floor":26,"key":"Bag of Preparation"}],"event_choices":[{"damage_healed":0,"gold_gain":0,"player_choice":"Searched \u00270\u0027 times","damage_taken":0,"max_hp_gain":0,"max_hp_loss":0,"event_name":"Dead Adventurer","floor":13,"gold_loss":0},{"damage_healed":0,"gold_gain":0,"player_choice":"Ignored","damage_taken":0,"max_hp_gain":0,"max_hp_loss":0,"event_name":"N\u0027loth","floor":19,"gold_loss":0},{"damage_healed":0,"gold_gain":0,"player_choice":"Ignored","damage_taken":0,"max_hp_gain":0,"max_hp_loss":0,"event_name":"Ghosts","floor":22,"gold_loss":0},{"damage_healed":0,"gold_gain":0,"player_choice":"Ignored","damage_taken":0,"max_hp_gain":0,"max_hp_loss":0,"event_name":"Cursed Tome","floor":31,"gold_loss":0}],"is_beta":false,"boss_relics":[{"not_picked":["Tiny House","Velvet Choker"],"picked":"Snecko Eye"}],"items_purged_floors":[7,20,30],"is_endless":false,"potions_floor_spawned":[5,11,12,14,21,29],"killed_by":"Automaton","ascension_level":0}