{"gold_per_floor":[119,119,132,132,146,170,170,220,275,275,300,323,53,76,76,172,172,197,220,240,279,129,129,254,268,268,309,309,309,309,324,324,417,417,430,449,60,282,615,615,640,640,667,702,722,33,67,81,81,81,81,81,81,24,56,56],"floor_reached":57,"playtime":2379,"items_purged":["Strike_R","Strike_R","Strike_R"],"score":2679,"play_id":"6bffd3b2-bf51-48c5-83b5-82cd570ab435","local_time":"20190603014109","is_ascension_mode":true,"campfire_choices":[{"data":"1","floor":7.0,"key":"LIFT"},{"data":"2","floor":10.0,"key":"LIFT"},{"data":"3","floor":15.0,"key":"LIFT"},{"data":"Armaments","floor":23.0,"key":"SMITH"},{"floor":28.0,"key":"REST"},{"data":"Evolve","floor":30.0,"key":"SMITH"},{"floor":32.0,"key":"REST"},{"data":"Inflame","floor":40.0,"key":"SMITH"},{"data":"Master of Strategy","floor":42.0,"key":"SMITH"},{"floor":49.0,"key":"RECALL"},{"data":"Dual Wield","floor":53.0,"key":"SMITH"}],"neow_cost":"TEN_PERCENT_HP_LOSS","seed_source_timestamp":617069120676200,"circlet_count":0,"master_deck":["AscendersBane","Defend_R+1","Defend_R","Defend_R","Defend_R","Bash+1","Headbutt+1","Shrug It Off","Sword Boomerang+1","Whirlwind","Disarm","Armaments+1","Havoc+1","Feed","Spot Weakness","Dual Wield+1","Whirlwind","Evolve+1","Second Wind","Pummel","Reaper","Disarm+1","Master of Strategy+1","Inflame+1","Whirlwind","Flex","Seeing Red","Metallicize","Battle Trance","Dual Wield"],"special_seed":0,"relics":["Burning Blood","Girya","Centennial Puzzle","Chemical X","Empty Cage","Red Mask","Du-Vu Doll","Blue Candle","Mummified Hand","Art of War","Lizard Tail","Pen Nib","Peace Pipe","OrangePellets","War Paint","Whetstone","Dodecahedron"],"potions_floor_usage":[56],"damage_taken":[{"damage":9.0,"enemies":"Jaw Worm","floor":1.0,"turns":5.0},{"damage":1.0,"enemies":"Cultist","floor":3.0,"turns":3.0},{"damage":15.0,"enemies":"Small Slimes","floor":5.0,"turns":5.0},{"damage":10.0,"enemies":"3 Louse","floor":6.0,"turns":4.0},{"damage":13.0,"enemies":"Lots of Slimes","floor":11.0,"turns":3.0},{"damage":11.0,"enemies":"Exordium Wildlife","floor":12.0,"turns":4.0},{"damage":0.0,"enemies":"2 Fungi Beasts","floor":14.0,"turns":1.0},{"damage":15.0,"enemies":"The Guardian","floor":16.0,"turns":11.0},{"damage":0.0,"enemies":"Chosen","floor":18.0,"turns":2.0},{"damage":11.0,"enemies":"Shell Parasite","floor":19.0,"turns":5.0},{"damage":12.0,"enemies":"Cultist and Chosen","floor":20.0,"turns":5.0},{"damage":0.0,"enemies":"Masked Bandits","floor":21.0,"turns":1.0},{"damage":11.0,"enemies":"Colosseum Slavers","floor":24.0,"turns":2.0},{"damage":6.0,"enemies":"Colosseum Nobs","floor":24.0,"turns":3.0},{"damage":22.0,"enemies":"Snake Plant","floor":25.0,"turns":4.0},{"damage":20.0,"enemies":"Book of Stabbing","floor":27.0,"turns":3.0},{"damage":27.0,"enemies":"Shelled Parasite and Fungi","floor":31.0,"turns":3.0},{"damage":35.0,"enemies":"Collector","floor":33.0,"turns":5.0},{"damage":13.0,"enemies":"3 Darklings","floor":35.0,"turns":4.0},{"damage":24.0,"enemies":"3 Shapes","floor":36.0,"turns":7.0},{"damage":21.0,"enemies":"Reptomancer","floor":41.0,"turns":5.0},{"damage":108.0,"enemies":"Giant Head","floor":44.0,"turns":7.0},{"damage":9.0,"enemies":"Transient","floor":45.0,"turns":6.0},{"damage":21.0,"enemies":"Reptomancer","floor":47.0,"turns":3.0},{"damage":11.0,"enemies":"Writhing Mass","floor":48.0,"turns":5.0},{"damage":93.0,"enemies":"Awakened One","floor":50.0,"turns":11.0},{"damage":41.0,"enemies":"Donu and Deca","floor":51.0,"turns":3.0},{"damage":46.0,"enemies":"Shield and Spear","floor":55.0,"turns":6.0},{"damage":152,"enemies":"The Heart","floor":56,"turns":8}],"seed_played":"-514272519111829110","potions_obtained":[{"floor":6.0,"key":"LiquidBronze"},{"floor":11.0,"key":"GamblersBrew"},{"floor":16.0,"key":"Energy Potion"},{"floor":18.0,"key":"SkillPotion"},{"floor":20.0,"key":"SkillPotion"},{"floor":27.0,"key":"Regen Potion"},{"floor":31.0,"key":"Fire Potion"},{"floor":36.0,"key":"Poison Potion"},{"floor":47.0,"key":"SmokeBomb"},{"floor":48.0,"key":"Poison Potion"}],"is_trial":false,"path_per_floor":["M","?","M","?","M","M","R","?","T","R","M","M","$","M","R","B",null,"M","M","M","?","$","R","?","M","T","E","R","?","R","M","R","B",null,"M","M","$","?","?","R","E","R","T","E","M","$","E","M","R","B","B",null,"R","$","E","B",null],"character_chosen":"IRONCLAD","items_purchased":["Chemical X","Armaments","Whirlwind","Master of Strategy","Inflame","Flex","OrangePellets","Seeing Red","War Paint","Metallicize","SpeedPotion"],"campfire_rested":2,"item_purchase_floors":[13,13,22,37,37,46,46,46,46,46,54],"current_hp_per_floor":[65,65,68,45,36,32,32,32,32,32,25,20,20,26,26,17,55,61,59,53,59,59,59,60,47,47,33,57,57,57,36,60,43,71,68,67,67,67,67,67,84,84,84,16,25,25,31,40,40,14,66,87,87,87,59,15],"gold":56,"neow_bonus":"ONE_RARE_RELIC","is_prod":false,"is_daily":false,"chose_seed":false,"campfire_upgraded":5,"win_rate":0,"timestamp":1559493669,"path_taken":["M","?","?","?","M","M","R","?","T","R","?","M","$","M","R","BOSS","M","M","M","?","$","R","?","M","T","E","R","?","R","M","R","BOSS","M","M","$","?","?","R","E","R","T","E","M","$","E","M","R","BOSS","BOSS","R","$","E","BOSS"],"build_version":"2019-01-23","purchased_purges":3,"victory":true,"max_hp_per_floor":[68,68,68,68,68,68,68,68,68,68,68,68,68,68,68,68,68,68,71,71,71,71,71,77,80,80,80,80,80,80,80,80,80,80,80,84,84,84,84,84,84,84,84,87,87,87,87,87,87,91,94,94,94,94,94,94],"card_choices":[{"not_picked":["Iron Wave","Thunderclap"],"picked":"Headbutt","floor":1.0},{"not_picked":["Clash","Headbutt"],"picked":"Shrug It Off","floor":3.0},{"not_picked":["Thunderclap","Reckless Charge"],"picked":"Sword Boomerang","floor":5.0},{"not_picked":["Juggernaut","Thunderclap"],"picked":"Whirlwind","floor":6.0},{"not_picked":["Clash","Clothesline","Twin Strike"],"picked":"SKIP","floor":11.0},{"not_picked":["Infernal Blade","Shrug It Off"],"picked":"Disarm","floor":12.0},{"not_picked":["Sever Soul","Armaments"],"picked":"Havoc","floor":14.0},{"not_picked":["Reaper","Brutality"],"picked":"Feed","floor":16.0},{"not_picked":["Perfected Strike","Metallicize"],"picked":"Spot Weakness","floor":18.0},{"not_picked":["Shockwave","Body Slam"],"picked":"Dual Wield","floor":19.0},{"not_picked":["Blood for Blood","Dropkick","Twin Strike"],"picked":"SKIP","floor":20.0},{"not_picked":["Headbutt+1","Clash","Anger"],"picked":"SKIP","floor":25.0},{"not_picked":["Whirlwind","Demon Form"],"picked":"Evolve","floor":27.0},{"not_picked":["Metallicize","Twin Strike"],"picked":"Pummel","floor":31.0},{"not_picked":["Exhume","Offering"],"picked":"Reaper","floor":33.0},{"not_picked":["Body Slam+1","Iron Wave+1","Hemokinesis+1"],"picked":"SKIP","floor":35.0},{"not_picked":["Corruption","Carnage+1"],"picked":"Disarm+1","floor":36.0},{"not_picked":["Dropkick","Twin Strike+1","Blood for Blood"],"picked":"SKIP","floor":41.0},{"not_picked":["Berserk","Shrug It Off","Corruption"],"picked":"SKIP","floor":44.0},{"not_picked":["Havoc","True Grit+1"],"picked":"Whirlwind","floor":45.0},{"not_picked":["Second Wind","Feel No Pain"],"picked":"Battle Trance","floor":47.0},{"not_picked":["Second Wind","True Grit"],"picked":"Dual Wield","floor":48.0},{"not_picked":["Heavy Blade","Sever Soul","Flame Barrier"],"picked":"SKIP","floor":55.0}],"player_experience":5248331,"relics_obtained":[{"floor":9.0,"key":"Centennial Puzzle"},{"floor":21.0,"key":"Red Mask"},{"floor":24.0,"key":"Du-Vu Doll"},{"floor":24.0,"key":"Blue Candle"},{"floor":26.0,"key":"Mummified Hand"},{"floor":27.0,"key":"Art of War"},{"floor":41.0,"key":"Pen Nib"},{"floor":44.0,"key":"Peace Pipe"},{"floor":47.0,"key":"Whetstone"},{"floor":55.0,"key":"Dodecahedron"}],"event_choices":[{"damage_healed":0.0,"max_hp_gain":0.0,"max_hp_loss":0.0,"gold_gain":0.0,"event_name":"Upgrade Shrine","player_choice":"Upgraded","floor":2.0,"gold_loss":0.0,"damage_taken":0.0,"cards_upgraded":["Bash"]},{"damage_healed":0.0,"max_hp_gain":0.0,"max_hp_loss":0.0,"gold_gain":0.0,"event_name":"Golden Idol","player_choice":"Take Damage","floor":4.0,"gold_loss":0.0,"damage_taken":23.0,"relics_obtained":["Golden Idol"]},{"damage_healed":0.0,"max_hp_gain":0.0,"max_hp_loss":0.0,"gold_gain":50.0,"event_name":"Golden Shrine","player_choice":"Pray","floor":8.0,"gold_loss":0.0,"damage_taken":0.0},{"damage_healed":0.0,"max_hp_gain":0.0,"max_hp_loss":0.0,"gold_gain":0.0,"event_name":"Masked Bandits","player_choice":"Fought Bandits","floor":21.0,"gold_loss":0.0,"damage_taken":0.0},{"damage_healed":0.0,"max_hp_gain":0.0,"max_hp_loss":0.0,"gold_gain":0.0,"event_name":"Colosseum","player_choice":"Fight","floor":24.0,"gold_loss":0.0,"damage_taken":0.0},{"damage_healed":0.0,"max_hp_gain":0.0,"max_hp_loss":0.0,"gold_gain":0.0,"event_name":"Colosseum","player_choice":"Fought Nobs","floor":24.0,"gold_loss":0.0,"damage_taken":0.0},{"damage_healed":0.0,"max_hp_gain":0.0,"max_hp_loss":0.0,"gold_gain":0.0,"event_name":"The Library","player_choice":"Read","floor":29.0,"gold_loss":0.0,"damage_taken":0.0,"cards_obtained":["Second Wind"]},{"damage_healed":0.0,"max_hp_gain":0.0,"max_hp_loss":0.0,"gold_gain":222.0,"event_name":"Tomb of Lord Red Mask","player_choice":"Wore Mask","floor":38.0,"gold_loss":0.0,"damage_taken":0.0},{"damage_healed":0.0,"max_hp_gain":0.0,"max_hp_loss":0.0,"gold_gain":333.0,"event_name":"The Moai Head","player_choice":"Gave Idol","floor":39.0,"relics_lost":["Golden Idol"],"gold_loss":0.0,"damage_taken":0.0}],"is_beta":false,"boss_relics":[{"not_picked":["Calling Bell","Philosopher\u0027s Stone"],"picked":"Empty Cage"},{"not_picked":["Busted Crown","Tiny House"],"picked":"Lizard Tail"}],"items_purged_floors":[22,37,46],"is_endless":false,"potions_floor_spawned":[6,11,16,18,20,24,27,31,36,47,48],"ascension_level":20}