{"gold_per_floor":[119,44,61,72,91,91,114,114,138,3,32,32,64,131,131,208,208,220,84,134,234,85,135,135,149,149,149,99,74,74,86,86,165,165,176,226,276,289,18,18,18],"floor_reached":41,"playtime":1368,"items_purged":["Strike_R","Strike_R","Strike_R","Strike_R"],"score":790,"play_id":"f3428152-5424-466d-a942-155002af48ac","local_time":"20190702003051","is_ascension_mode":true,"campfire_choices":[{"data":"Whirlwind","floor":6.0,"key":"SMITH"},{"data":"Inflame","floor":8.0,"key":"SMITH"},{"data":"Clothesline","floor":15.0,"key":"SMITH"},{"data":"Evolve","floor":24,"key":"SMITH"},{"data":"Barricade","floor":27,"key":"SMITH"},{"floor":30,"key":"REST"},{"floor":32,"key":"REST"},{"floor":40,"key":"REST"}],"neow_cost":"NONE","seed_source_timestamp":1143309368579800,"circlet_count":0,"master_deck":["AscendersBane","Defend_R","Second Wind","Whirlwind+1","Clothesline+1","Inflame+1","Blood for Blood","Battle Trance","Shrug It Off","Immolate","Barricade+1","Evolve+1","Dark Embrace","Immolate","Wild Strike","Shrug It Off","Shrug It Off+1"],"special_seed":0,"relics":["Burning Blood","Odd Mushroom","Smiling Mask","Dream Catcher","SsserpentHead","Strawberry","Velvet Choker","Kunai","Empty Cage","Toy Ornithopter"],"potions_floor_usage":[33,41],"damage_taken":[{"damage":9.0,"enemies":"Jaw Worm","floor":1.0,"turns":7.0},{"damage":3.0,"enemies":"2 Louse","floor":3.0,"turns":4.0},{"damage":14.0,"enemies":"Small Slimes","floor":4.0,"turns":4.0},{"damage":19.0,"enemies":"Red Slaver","floor":5.0,"turns":4.0},{"damage":6.0,"enemies":"The Mushroom Lair","floor":7.0,"turns":3.0},{"damage":15.0,"enemies":"3 Sentries","floor":11.0,"turns":4.0},{"damage":37.0,"enemies":"Lagavulin","floor":13.0,"turns":7.0},{"damage":3.0,"enemies":"Looter","floor":14.0,"turns":3.0},{"damage":36.0,"enemies":"The Guardian","floor":16.0,"turns":13.0},{"damage":0.0,"enemies":"3 Byrds","floor":18.0,"turns":5.0},{"damage":43,"enemies":"Spheric Guardian","floor":25,"turns":7},{"damage":25,"enemies":"Cultist and Chosen","floor":31,"turns":5},{"damage":55,"enemies":"Collector","floor":33,"turns":11},{"damage":18,"enemies":"3 Shapes","floor":35,"turns":4},{"damage":25,"enemies":"Orb Walker","floor":38,"turns":5},{"damage":91,"enemies":"Giant Head","floor":41,"turns":8}],"seed_played":"-4081804251929009008","potions_obtained":[{"floor":5.0,"key":"AttackPotion"},{"floor":7.0,"key":"Regen Potion"},{"floor":14.0,"key":"Regen Potion"},{"floor":16.0,"key":"Weak Potion"},{"floor":33,"key":"Poison Potion"}],"is_trial":false,"path_per_floor":["M","?","M","M","M","R","?","R","T","$","E","?","E","M","R","B",null,"M","$","?","?","$","T","R","M","T","R","$","?","R","M","R","B",null,"M","?","?","M","$","R","E"],"character_chosen":"IRONCLAD","items_purchased":["Blood for Blood","Evolve","Dark Embrace","Shrug It Off","Toy Ornithopter"],"campfire_rested":3,"item_purchase_floors":[10,19,22,39,39],"current_hp_per_floor":[65,65,68,60,47,47,47,47,47,47,50,50,26,29,29,14,65,71,71,71,71,71,71,71,34,34,34,34,34,58,39,63,14,65,53,53,53,34,34,57,0],"gold":18,"neow_bonus":"THREE_CARDS","is_prod":false,"is_daily":false,"chose_seed":false,"campfire_upgraded":5,"win_rate":0,"timestamp":1561995051,"path_taken":["M","?","M","M","M","R","?","R","T","$","E","?","E","?","R","BOSS","M","$","?","?","?","?","R","M","T","R","$","?","R","M","R","BOSS","M","?","?","M","$","R","E"],"build_version":"2019-01-23","purchased_purges":4,"victory":false,"max_hp_per_floor":[75,75,75,75,75,75,75,75,75,75,75,75,82,82,82,82,82,82,82,82,82,82,82,82,82,82,82,82,82,82,82,82,82,82,82,78,78,78,78,78,78],"card_choices":[{"not_picked":["Clash","Shrug It Off"],"picked":"Second Wind","floor":1.0},{"not_picked":["Pommel Strike","Clothesline"],"picked":"Whirlwind","floor":3.0},{"not_picked":["Headbutt","True Grit"],"picked":"Clothesline","floor":4.0},{"not_picked":["Heavy Blade","Clothesline","Body Slam"],"picked":"SKIP","floor":5.0},{"not_picked":["Pommel Strike","Wild Strike"],"picked":"Inflame","floor":7.0},{"not_picked":["Burning Pact","Bloodletting"],"picked":"Battle Trance","floor":11.0},{"not_picked":["Rampage","Body Slam"],"picked":"Shrug It Off","floor":13.0},{"not_picked":["Anger","Clothesline"],"picked":"Immolate","floor":14.0},{"not_picked":["Bludgeon","Juggernaut"],"picked":"Barricade","floor":16.0},{"not_picked":["Rupture","Burning Pact","Clothesline"],"picked":"SKIP","floor":18.0},{"not_picked":["Flex","Warcry","Sword Boomerang"],"picked":"SKIP","floor":25},{"not_picked":["Rupture","True Grit","Cleave"],"picked":"SKIP","floor":31},{"not_picked":["Barricade","Double Tap"],"picked":"Immolate","floor":33},{"not_picked":["Evolve","Uppercut","True Grit"],"picked":"SKIP","floor":35},{"not_picked":["Pummel","Flex+1"],"picked":"Wild Strike","floor":38},{"not_picked":["Whirlwind","Evolve"],"picked":"Shrug It Off+1","floor":40}],"player_experience":5546303,"relics_obtained":[{"floor":7.0,"key":"Odd Mushroom"},{"floor":9.0,"key":"Smiling Mask"},{"floor":11.0,"key":"Dream Catcher"},{"floor":13.0,"key":"Strawberry"},{"floor":23,"key":"Kunai"}],"event_choices":[{"cards_removed":["Strike_R"],"damage_healed":0.0,"max_hp_gain":0.0,"max_hp_loss":0.0,"gold_gain":0.0,"event_name":"The Cleric","player_choice":"Card Removal","floor":2.0,"gold_loss":75.0,"damage_taken":0.0},{"damage_healed":0.0,"max_hp_gain":0.0,"max_hp_loss":0.0,"gold_gain":0.0,"event_name":"Mushrooms","player_choice":"Fought Mushrooms","floor":7.0,"gold_loss":0.0,"damage_taken":0.0},{"damage_healed":0.0,"max_hp_gain":0.0,"max_hp_loss":0.0,"gold_gain":0.0,"event_name":"FaceTrader","player_choice":"Trade","floor":12.0,"gold_loss":0.0,"damage_taken":0.0,"relics_obtained":["SsserpentHead"]},{"damage_healed":0,"gold_gain":0,"player_choice":"Ignored","damage_taken":0,"max_hp_gain":0,"max_hp_loss":0,"event_name":"Vampires","floor":20,"gold_loss":0},{"damage_healed":0,"gold_gain":50,"player_choice":"Stole From Cult","damage_taken":0,"max_hp_gain":0,"max_hp_loss":0,"event_name":"Nest","floor":21,"gold_loss":0},{"cards_removed":["Defend_R"],"damage_healed":0,"gold_gain":0,"player_choice":"Gave Gold","damage_taken":0,"max_hp_gain":0,"max_hp_loss":0,"event_name":"Beggar","floor":29,"gold_loss":75},{"damage_healed":0,"gold_gain":0,"player_choice":"Max HP","damage_taken":0,"max_hp_gain":0,"max_hp_loss":4,"event_name":"Winding Halls","floor":36,"gold_loss":0},{"cards_removed":["Defend_R"],"damage_healed":0,"gold_gain":0,"player_choice":"Removed Skill","damage_taken":0,"max_hp_gain":0,"max_hp_loss":0,"event_name":"Falling","floor":37,"gold_loss":0}],"is_beta":false,"boss_relics":[{"not_picked":["White Beast Statue","Lizard Tail"],"picked":"Velvet Choker"},{"not_picked":["Calling Bell","Runic Cube"],"picked":"Empty Cage"}],"items_purged_floors":[10,19,22,28],"is_endless":false,"potions_floor_spawned":[5,7,14,16,33],"killed_by":"Giant Head","ascension_level":20}