{"gold_per_floor":[109,124,138,138,152,152,168,168,168,188,200,228,278,294,294,366,366,384,309,10,10,22,22,22],"floor_reached":24,"playtime":727,"items_purged":["Streamline","Zap"],"score":450,"play_id":"1c336c9b-e1b2-4e2c-b93f-ea4d3b843f38","local_time":"20190719001207","is_ascension_mode":true,"campfire_choices":[{"data":"Fission","floor":6,"key":"SMITH"},{"data":"Dualcast","floor":8,"key":"SMITH"},{"data":"Chaos","floor":15,"key":"SMITH"},{"floor":23,"key":"REST"}],"neow_cost":"NONE","seed_source_timestamp":714018936389300,"circlet_count":0,"master_deck":["AscendersBane","Dualcast+1","Fission+1","Reinforced Body","Streamline","Cold Snap","Ball Lightning","Ball Lightning","White Noise","Glacier","Coolheaded","Chaos+1","Rainbow","Electrodynamics","Chaos","Glacier","Force Field","Machine Learning","Leap","Consume","Doom and Gloom","Capacitor"],"relics":["Cracked Core","Singing Bowl","Vajra","Pandora\u0027s Box","PreservedInsect"],"potions_floor_usage":[11,16,16,24,24],"damage_taken":[{"damage":4,"enemies":"Jaw Worm","floor":1,"turns":4},{"damage":1,"enemies":"2 Louse","floor":2,"turns":2},{"damage":1,"enemies":"Cultist","floor":3,"turns":3},{"damage":5,"enemies":"2 Fungi Beasts","floor":5,"turns":5},{"damage":11,"enemies":"3 Louse","floor":7,"turns":4},{"damage":0,"enemies":"Large Slime","floor":10,"turns":3},{"damage":16,"enemies":"Lots of Slimes","floor":11,"turns":3},{"damage":0,"enemies":"Lagavulin","floor":12,"turns":5},{"damage":0,"enemies":"2 Fungi Beasts","floor":14,"turns":2},{"damage":14,"enemies":"The Guardian","floor":16,"turns":10},{"damage":12,"enemies":"3 Byrds","floor":18,"turns":2},{"damage":23,"enemies":"Shell Parasite","floor":22,"turns":4},{"damage":47,"enemies":"Slavers","floor":24,"turns":3}],"seed_played":"9193478522546475696","potions_obtained":[{"floor":3,"key":"Swift Potion"},{"floor":5,"key":"LiquidBronze"},{"floor":14,"key":"Dexterity Potion"},{"floor":16,"key":"SpeedPotion"},{"floor":22,"key":"FearPotion"}],"is_trial":false,"path_per_floor":["M","M","M","?","M","R","M","R","T","M","M","E","?","M","R","B",null,"M","$","$","?","M","R","E"],"character_chosen":"DEFECT","items_purchased":["PreservedInsect","Doom and Gloom"],"campfire_rested":1,"item_purchase_floors":[20,20],"current_hp_per_floor":[60,59,58,58,53,53,42,42,42,42,26,26,26,26,26,12,56,44,44,44,44,23,44,0],"gold":22,"neow_bonus":"ONE_RANDOM_RARE_CARD","is_prod":false,"is_daily":false,"chose_seed":false,"campfire_upgraded":3,"win_rate":0,"timestamp":1563462727,"path_taken":["M","M","M","?","M","R","M","R","T","M","M","E","?","M","R","BOSS","M","?","$","?","M","R","E"],"build_version":"2019-07-17","purchased_purges":2,"victory":false,"max_hp_per_floor":[71,71,71,71,71,71,71,71,71,71,71,71,71,71,71,71,71,71,71,71,71,73,73,73],"card_choices":[{"not_picked":["Steam","Coolheaded"],"picked":"Reinforced Body","floor":1},{"not_picked":["Conserve Battery","Steam Power"],"picked":"Streamline","floor":2},{"not_picked":["Leap","Blizzard"],"picked":"Cold Snap","floor":3},{"not_picked":["Coolheaded","Cold Snap"],"picked":"Ball Lightning","floor":5},{"not_picked":["Hologram","Redo"],"picked":"Ball Lightning","floor":7},{"not_picked":["Blizzard","Ball Lightning"],"picked":"White Noise","floor":10},{"not_picked":["Go for the Eyes","Static Discharge"],"picked":"Glacier","floor":11},{"not_picked":["Lockon","Cold Snap"],"picked":"Coolheaded","floor":12},{"not_picked":["Loop","Reprogram"],"picked":"Chaos","floor":14},{"not_picked":["Machine Learning","Fission"],"picked":"Rainbow","floor":16},{"not_picked":["Steam","Sweeping Beam"],"picked":"Consume","floor":18},{"not_picked":["Hologram","Gash+1","Cold Snap"],"picked":"Singing Bowl","floor":22}],"player_experience":5736803,"relics_obtained":[{"floor":9,"key":"Singing Bowl"},{"floor":12,"key":"Vajra"}],"event_choices":[{"cards_removed":["Strike_B"],"damage_healed":0,"gold_gain":0,"player_choice":"Forget","damage_taken":0,"max_hp_gain":0,"max_hp_loss":0,"event_name":"Living Wall","floor":4,"gold_loss":0},{"damage_healed":0,"gold_gain":50,"player_choice":"Pray","damage_taken":0,"max_hp_gain":0,"max_hp_loss":0,"event_name":"Golden Shrine","floor":13,"gold_loss":0},{"damage_healed":0,"gold_gain":0,"player_choice":"Read","damage_taken":0,"max_hp_gain":0,"max_hp_loss":0,"event_name":"The Library","floor":21,"gold_loss":0,"cards_obtained":["Capacitor"]}],"is_beta":false,"boss_relics":[{"not_picked":["Philosopher\u0027s Stone","Nuclear Battery"],"picked":"Pandora\u0027s Box"}],"items_purged_floors":[19,20],"is_endless":false,"potions_floor_spawned":[3,5,14,16,22],"killed_by":"Slavers","ascension_level":20}