{"gold_per_floor":[109,127,127,127,152,192,192,206,285,268,268],"floor_reached":11,"playtime":266,"items_purged":[],"score":150,"play_id":"16a5b098-18ce-4100-a8ba-74faa0b0322b","local_time":"20190510024749","is_ascension_mode":true,"campfire_choices":[{"floor":7,"key":"REST"}],"neow_cost":"PERCENT_DAMAGE","seed_source_timestamp":377285239413200,"circlet_count":0,"master_deck":["AscendersBane","Strike_R","Strike_R","Strike_R","Strike_R","Strike_R","Defend_R","Defend_R","Defend_R","Defend_R","Bash","Anger","Cleave","Pommel Strike","Bludgeon","Shrug It Off"],"relics":["Burning Blood","StoneCalendar","Golden Idol","Champion Belt","Ornamental Fan"],"potions_floor_usage":[11],"damage_taken":[{"damage":7,"enemies":"Jaw Worm","floor":1,"turns":4},{"damage":9,"enemies":"2 Louse","floor":2,"turns":3},{"damage":1,"enemies":"Cultist","floor":5,"turns":3},{"damage":35,"enemies":"Lagavulin","floor":6,"turns":7},{"damage":13,"enemies":"Blue Slaver","floor":8,"turns":3},{"damage":26,"enemies":"Exordium Thugs","floor":10,"turns":4},{"damage":40,"enemies":"Gremlin Nob","floor":11,"turns":4}],"seed_played":"-4013307435285007942","potions_obtained":[{"floor":1,"key":"LiquidBronze"},{"floor":5,"key":"Dexterity Potion"},{"floor":10,"key":"Block Potion"}],"is_trial":false,"path_per_floor":["M","M","?","?","M","E","R","M","T","M","E"],"character_chosen":"IRONCLAD","items_purchased":[],"campfire_rested":1,"item_purchase_floors":[],"current_hp_per_floor":[49,46,46,51,56,27,48,41,41,21,0],"gold":268,"neow_bonus":"ONE_RARE_RELIC","is_prod":false,"is_daily":false,"chose_seed":false,"campfire_upgraded":0,"win_rate":0,"timestamp":1557424069,"path_taken":["M","M","?","?","M","E","R","M","T","M","E"],"build_version":"2019-01-23","purchased_purges":0,"victory":false,"max_hp_per_floor":[75,75,68,73,73,73,73,73,73,73,73],"card_choices":[{"not_picked":["Spot Weakness","Clash"],"picked":"Anger","floor":1},{"not_picked":["Perfected Strike","Body Slam"],"picked":"Cleave","floor":2},{"not_picked":["Body Slam","Havoc"],"picked":"Pommel Strike","floor":5},{"not_picked":["Heavy Blade","Flame Barrier"],"picked":"Bludgeon","floor":6},{"not_picked":["Pommel Strike","Wild Strike","Flex"],"picked":"SKIP","floor":8},{"not_picked":["Cleave","Hemokinesis"],"picked":"Shrug It Off","floor":10}],"player_experience":4971055,"relics_obtained":[{"floor":6,"key":"Champion Belt"},{"floor":9,"key":"Ornamental Fan"}],"event_choices":[{"damage_healed":0,"gold_gain":0,"player_choice":"Lose Max HP","damage_taken":0,"relics_obtained":["Golden Idol"],"max_hp_gain":0,"max_hp_loss":7,"event_name":"Golden Idol","floor":3,"gold_loss":0},{"damage_healed":0,"gold_gain":0,"player_choice":"Donut","damage_taken":0,"max_hp_gain":5,"max_hp_loss":0,"event_name":"Big Fish","floor":4,"gold_loss":0}],"is_beta":false,"boss_relics":[],"items_purged_floors":[],"is_endless":false,"potions_floor_spawned":[1,5,10],"killed_by":"Gremlin Nob","ascension_level":20}