{"gold_per_floor":[110,120,134,153,153,183,183,183],"floor_reached":8,"playtime":257,"items_purged":[],"score":116,"play_id":"ca9fb35d-5f8b-4cd1-a4de-fb5b3e1fa0fa","local_time":"20190607005208","is_ascension_mode":true,"campfire_choices":[{"floor":7,"key":"REST"}],"neow_cost":"NONE","seed_source_timestamp":962343535684400,"circlet_count":0,"master_deck":["AscendersBane","Defend_G","Defend_G","Defend_G","Defend_G","Defend_G","Strike_G","Strike_G","Strike_G","Strike_G","Strike_G+1","Survivor","Neutralize","Dagger Spray+1","PiercingWail","Flying Knee","Dagger Throw","Dodge and Roll"],"relics":["Ring of the Snake","Oddly Smooth Stone"],"potions_floor_usage":[6],"damage_taken":[{"damage":6,"enemies":"Jaw Worm","floor":1,"turns":6},{"damage":2,"enemies":"2 Louse","floor":2,"turns":3},{"damage":4,"enemies":"Small Slimes","floor":3,"turns":4},{"damage":6,"enemies":"Blue Slaver","floor":4,"turns":6},{"damage":24,"enemies":"Gremlin Nob","floor":6,"turns":4},{"damage":40,"enemies":"Lagavulin","floor":8,"turns":9}],"seed_played":"7264451594127680557","potions_obtained":[{"floor":1,"key":"GamblersBrew"}],"is_trial":false,"path_per_floor":["M","M","M","M","?","E","R","E"],"character_chosen":"THE_SILENT","items_purchased":[],"campfire_rested":1,"item_purchase_floors":[],"current_hp_per_floor":[59,57,53,47,25,1,22,0],"gold":183,"neow_bonus":"TEN_PERCENT_HP_BONUS","is_prod":false,"is_daily":false,"chose_seed":false,"campfire_upgraded":0,"win_rate":0,"timestamp":1559836328,"path_taken":["M","M","M","M","?","E","R","E"],"build_version":"2019-01-23","purchased_purges":0,"victory":false,"max_hp_per_floor":[72,72,72,72,72,72,72,72],"card_choices":[{"not_picked":["Blade Dance","Reflex"],"picked":"Dagger Spray","floor":1},{"not_picked":["Dagger Spray","Slice"],"picked":"PiercingWail","floor":2},{"not_picked":["Acrobatics","Sucker Punch"],"picked":"Flying Knee","floor":3},{"not_picked":["Dagger Spray","Blade Dance"],"picked":"Dagger Throw","floor":4},{"not_picked":["Catalyst","Outmaneuver"],"picked":"Dodge and Roll","floor":6}],"player_experience":5287430,"relics_obtained":[{"floor":6,"key":"Oddly Smooth Stone"}],"event_choices":[{"damage_healed":0,"gold_gain":0,"player_choice":"Entered Light","damage_taken":22,"max_hp_gain":0,"max_hp_loss":0,"event_name":"Shining Light","floor":5,"gold_loss":0,"cards_upgraded":["Strike_G","Dagger Spray"]}],"is_beta":false,"boss_relics":[],"items_purged_floors":[],"is_endless":false,"potions_floor_spawned":[1],"killed_by":"Lagavulin","ascension_level":20}