{"gold_per_floor":[111,111,121,121,135,135,155,44,44,44,71,84,84,118,118,118],"floor_reached":16,"playtime":397,"items_purged":["Strike_G"],"score":220,"play_id":"37701d0e-934b-482f-ac65-24bee8ac06ed","local_time":"20190611013554","is_ascension_mode":true,"campfire_choices":[{"data":"Dagger Spray","floor":6.0,"key":"SMITH"},{"data":"Terror","floor":10.0,"key":"SMITH"},{"floor":13,"key":"REST"},{"data":"Caltrops","floor":15,"key":"SMITH"}],"neow_cost":"TEN_PERCENT_HP_LOSS","seed_source_timestamp":1310386767810300,"circlet_count":0,"master_deck":["AscendersBane","Defend_G","Defend_G","Defend_G","Defend_G","Strike_G","Strike_G","Strike_G","Survivor","Neutralize","Dagger Spray+1","Slice+1","PiercingWail","Terror+1","Caltrops+1","Heel Hook","Bouncing Flask","Masterful Stab"],"special_seed":0,"relics":["Ring of the Snake","Question Card","Gremlin Horn"],"potions_floor_usage":[12,14],"damage_taken":[{"damage":1.0,"enemies":"Jaw Worm","floor":1.0,"turns":5.0},{"damage":0.0,"enemies":"2 Louse","floor":3.0,"turns":4.0},{"damage":0.0,"enemies":"Cultist","floor":5.0,"turns":4.0},{"damage":3.0,"enemies":"Exordium Thugs","floor":7.0,"turns":5.0},{"damage":50.0,"enemies":"Gremlin Nob","floor":11.0,"turns":4.0},{"damage":9,"enemies":"Gremlin Gang","floor":12,"turns":4},{"damage":9,"enemies":"Lagavulin","floor":14,"turns":7},{"damage":11,"enemies":"Hexaghost","floor":16,"turns":7}],"seed_played":"-1144070286343068395","potions_obtained":[{"floor":5.0,"key":"Dexterity Potion"},{"floor":11.0,"key":"Energy Potion"}],"is_trial":false,"path_per_floor":["M","?","M","?","M","R","M","$","T","R","E","M","R","E","R","B"],"character_chosen":"THE_SILENT","items_purchased":["Caltrops"],"campfire_rested":1,"item_purchase_floors":[8],"current_hp_per_floor":[58,63,63,63,63,63,60,60,60,60,10,1,20,11,11,0],"gold":118,"neow_bonus":"REMOVE_TWO","is_prod":false,"is_daily":false,"chose_seed":false,"campfire_upgraded":3,"win_rate":0,"timestamp":1560184554,"path_taken":["M","?","M","?","M","R","M","$","T","R","E","?","R","E","R","BOSS"],"build_version":"2019-01-23","purchased_purges":1,"victory":false,"max_hp_per_floor":[60,65,65,65,65,65,65,65,65,65,65,65,65,65,65,65],"card_choices":[{"not_picked":["Poisoned Stab","Prepared"],"picked":"Dagger Spray","floor":1.0},{"not_picked":["Distraction","Quick Slash"],"picked":"Slice","floor":3.0},{"not_picked":["Infinite Blades","Prepared"],"picked":"PiercingWail","floor":5.0},{"not_picked":["Crippling Poison","All Out Attack"],"picked":"Terror","floor":7.0},{"not_picked":["Slice","Sucker Punch"],"picked":"Heel Hook","floor":11.0},{"not_picked":["Flying Knee","Quick Slash","Deflect"],"picked":"Bouncing Flask","floor":12},{"not_picked":["Setup","Prepared","Eviscerate"],"picked":"Masterful Stab","floor":14}],"player_experience":5321256,"relics_obtained":[{"floor":11.0,"key":"Question Card"},{"floor":14,"key":"Gremlin Horn"}],"event_choices":[{"damage_healed":0.0,"max_hp_gain":5.0,"max_hp_loss":0.0,"gold_gain":0.0,"event_name":"Big Fish","player_choice":"Donut","floor":2.0,"gold_loss":0.0,"damage_taken":0.0},{"damage_healed":0.0,"max_hp_gain":0.0,"max_hp_loss":0.0,"gold_gain":0.0,"event_name":"Accursed Blacksmith","player_choice":"Forge","floor":4.0,"gold_loss":0.0,"damage_taken":0.0,"cards_upgraded":["Slice"]}],"is_beta":false,"boss_relics":[],"items_purged_floors":[8],"is_endless":false,"potions_floor_spawned":[5,11],"killed_by":"Hexaghost","ascension_level":20}