{"gold_per_floor":[115,129,144,157,157,157,175,175,198,211,35,64,80,155,155,254,254,266,191,156,169,169,197,207,207],"floor_reached":25,"playtime":2050,"items_purged":[],"score":217,"play_id":"68184c91-878b-415a-8d9c-c98c39cd567c","local_time":"20190702151853","is_ascension_mode":false,"campfire_choices":[{"data":"Dagger Throw","floor":6,"key":"SMITH"},{"data":"Bane","floor":8,"key":"SMITH"},{"floor":15,"key":"REST"}],"neow_cost":"NONE","seed_source_timestamp":21528250829500,"circlet_count":0,"master_deck":["Strike_G","Strike_G","Strike_G","Strike_G","Strike_G","Defend_G","Defend_G","Defend_G","Defend_G","Survivor","Neutralize","Bane+1","Finisher+1","PiercingWail","Dagger Throw+1","Venomology","Backflip","Mayhem","Flying Knee","Endless Agony","After Image","Deadly Poison","PiercingWail","Well Laid Plans+1","Endless Agony+1","Blade Dance"],"relics":["Ring of the Snake","Bronze Scales","Odd Mushroom","Coffee Dripper","Orichalcum"],"potions_floor_usage":[7,13,16,16,16,20,23,23,23,24,25],"damage_taken":[{"damage":0,"enemies":"2 Louse","floor":1,"turns":3},{"damage":0,"enemies":"Cultist","floor":2,"turns":4},{"damage":0,"enemies":"Small Slimes","floor":3,"turns":2},{"damage":16,"enemies":"Exordium Wildlife","floor":4,"turns":4},{"damage":4,"enemies":"2 Fungi Beasts","floor":7,"turns":3},{"damage":0,"enemies":"Blue Slaver","floor":10,"turns":3},{"damage":16,"enemies":"The Mushroom Lair","floor":12,"turns":5},{"damage":5,"enemies":"Red Slaver","floor":13,"turns":2},{"damage":21,"enemies":"Hexaghost","floor":16,"turns":9},{"damage":12,"enemies":"Spheric Guardian","floor":18,"turns":5},{"damage":27,"enemies":"2 Thieves","floor":20,"turns":5},{"damage":5,"enemies":"Snake Plant","floor":21,"turns":4},{"damage":23,"enemies":"Gremlin Leader","floor":23,"turns":6},{"damage":33,"enemies":"Sentry and Sphere","floor":24,"turns":8},{"damage":2,"enemies":"Book of Stabbing","floor":25,"turns":4}],"seed_played":"7164175261996403535","potions_obtained":[{"floor":3,"key":"Fire Potion"},{"floor":4,"key":"FearPotion"},{"floor":10,"key":"Swift Potion"},{"floor":18,"key":"LiquidBronze"},{"floor":20,"key":"SkillPotion"}],"is_trial":false,"path_per_floor":["M","M","M","M","?","R","M","R","T","M","$","?","M","?","R","B",null,"M","?","M","M","?","E","M","E"],"character_chosen":"THE_SILENT","items_purchased":["Mayhem"],"campfire_rested":1,"item_purchase_floors":[11],"current_hp_per_floor":[77,77,77,61,61,61,57,57,57,57,57,41,36,25,48,27,77,65,65,38,33,58,35,2,0],"gold":207,"neow_bonus":"TEN_PERCENT_HP_BONUS","is_prod":false,"is_daily":false,"chose_seed":false,"campfire_upgraded":2,"win_rate":0.0,"timestamp":1562098733,"path_taken":["M","M","M","M","?","R","M","R","T","M","?","?","M","?","R","BOSS","M","?","M","M","?","E","M","E"],"build_version":"2019-07-01","purchased_purges":0,"victory":false,"max_hp_per_floor":[77,77,77,77,77,77,77,77,77,77,77,77,77,77,77,77,77,77,77,77,77,77,77,77,77],"card_choices":[{"not_picked":["Deflect","Underhanded Strike"],"picked":"Bane","floor":1},{"not_picked":["Riddle With Holes","Deflect"],"picked":"Finisher","floor":2},{"not_picked":["Prepared","Dagger Spray"],"picked":"PiercingWail","floor":3},{"not_picked":["Outmaneuver","Deflect"],"picked":"Dagger Throw","floor":4},{"not_picked":["Skewer","Riddle With Holes"],"picked":"Venomology","floor":7},{"not_picked":["Dodge and Roll","Riddle With Holes"],"picked":"Backflip","floor":10},{"not_picked":["Leg Sweep","All Out Attack"],"picked":"Flying Knee","floor":12},{"not_picked":["Tactician","Outmaneuver"],"picked":"Endless Agony","floor":13},{"not_picked":["Burst","Envenom"],"picked":"After Image","floor":16},{"not_picked":["Well Laid Plans+1","Skewer"],"picked":"Deadly Poison","floor":18},{"not_picked":["Dagger Spray","Backflip"],"picked":"PiercingWail","floor":20},{"not_picked":["Dagger Spray","Leg Sweep"],"picked":"Well Laid Plans+1","floor":21},{"not_picked":["Sucker Punch+1","Flechettes+1"],"picked":"Endless Agony+1","floor":23},{"not_picked":["Eviscerate","PiercingWail"],"picked":"Blade Dance","floor":24}],"player_experience":24147,"relics_obtained":[{"floor":9,"key":"Bronze Scales"},{"floor":12,"key":"Odd Mushroom"},{"floor":23,"key":"Orichalcum"}],"event_choices":[{"damage_healed":0,"gold_gain":0,"player_choice":"Upgraded","damage_taken":0,"max_hp_gain":0,"max_hp_loss":0,"event_name":"Upgrade Shrine","floor":5,"gold_loss":0,"cards_upgraded":["Finisher"]},{"damage_healed":0,"gold_gain":0,"player_choice":"Fought Mushrooms","damage_taken":0,"max_hp_gain":0,"max_hp_loss":0,"event_name":"Mushrooms","floor":12,"gold_loss":0},{"damage_healed":0,"gold_gain":75,"player_choice":"Gather Gold","damage_taken":11,"max_hp_gain":0,"max_hp_loss":0,"event_name":"World of Goop","floor":14,"gold_loss":0},{"cards_removed":["Defend_G"],"damage_healed":0,"gold_gain":0,"player_choice":"Gave Gold","damage_taken":0,"max_hp_gain":0,"max_hp_loss":0,"event_name":"Beggar","floor":19,"gold_loss":75},{"damage_healed":25,"gold_gain":0,"player_choice":"Heal","damage_taken":0,"max_hp_gain":0,"max_hp_loss":0,"event_name":"The Library","floor":22,"gold_loss":0}],"is_beta":false,"boss_relics":[{"not_picked":["Runic Pyramid","White Beast Statue"],"picked":"Coffee Dripper"}],"items_purged_floors":[],"is_endless":false,"potions_floor_spawned":[3,4,10,13,18,20],"killed_by":"Book of Stabbing","ascension_level":0}