{"gold_per_floor":[214,214,19,37,53,87,103,121,193,193,193,193,213,224,224,319,319,329,419,437,437],"floor_reached":21,"playtime":1143,"items_purged":[],"score":201,"play_id":"6fece498-25e3-4778-93f0-5d18971cc837","local_time":"20190120212645","is_ascension_mode":true,"campfire_choices":[{"floor":11.0,"key":"REST"},{"floor":15.0,"key":"REST"}],"neow_cost":"NONE","seed_source_timestamp":132571928857229,"circlet_count":0,"master_deck":["Strike_R","Strike_R","Strike_R","Defend_R","Defend_R","Defend_R","Defend_R","Bash","Rage","Pommel Strike","Juggernaut","Intimidate","Shockwave","Dropkick","Bludgeon","Dark Embrace","Iron Wave+1","Mind Blast","Madness","Havoc+1"],"special_seed":0,"relics":["Burning Blood","Strange Spoon","Bag of Marbles","Matryoshka","Empty Cage"],"potions_floor_usage":[20,20,20],"damage_taken":[{"damage":10.0,"enemies":"Small Slimes","floor":1.0,"turns":4.0},{"damage":1.0,"enemies":"Cultist","floor":4.0,"turns":3.0},{"damage":3.0,"enemies":"Jaw Worm","floor":5.0,"turns":4.0},{"damage":42.0,"enemies":"Lagavulin","floor":6.0,"turns":9.0},{"damage":16.0,"enemies":"Exordium Thugs","floor":7.0,"turns":5.0},{"damage":18.0,"enemies":"Lots of Slimes","floor":8.0,"turns":6.0},{"damage":1.0,"enemies":"3 Louse","floor":13.0,"turns":3.0},{"damage":5.0,"enemies":"Looter","floor":14.0,"turns":2.0},{"damage":12.0,"enemies":"Slime Boss","floor":16.0,"turns":7.0},{"damage":40.0,"enemies":"Spheric Guardian","floor":18.0,"turns":6.0},{"damage":12,"enemies":"3 Byrds","floor":20,"turns":5},{"damage":12,"enemies":"Snecko","floor":21,"turns":4}],"seed_played":"-4250343452855413948","potions_obtained":[{"floor":1.0,"key":"LiquidBronze"},{"floor":7.0,"key":"Swift Potion"},{"floor":12.0,"key":"AttackPotion"},{"floor":12.0,"key":"EssenceOfSteel"},{"floor":13.0,"key":"Strength Potion"},{"floor":18.0,"key":"Swift Potion"}],"is_trial":false,"path_per_floor":["M","?","$","M","M","E","M","M","T","?","R","?","M","M","R","B",null,"M","?","M","M"],"character_chosen":"IRONCLAD","items_purchased":["Strange Spoon"],"campfire_rested":2,"item_purchase_floors":[3],"current_hp_per_floor":[76,80,80,80,80,44,34,22,22,22,46,46,51,52,76,70,80,46,14,8,0],"gold":437,"neow_bonus":"HUNDRED_GOLD","is_prod":false,"is_daily":false,"chose_seed":false,"campfire_upgraded":0,"win_rate":0,"timestamp":1548037605,"path_taken":["M","?","$","M","M","E","?","M","T","?","R","?","M","M","R","BOSS","M","?","M","?"],"build_version":"2019-01-17v2","purchased_purges":0,"victory":false,"max_hp_per_floor":[80,80,80,80,80,80,80,80,80,80,80,80,80,80,80,80,80,80,80,80,80],"card_choices":[{"not_picked":["Shockwave","Body Slam"],"picked":"Rage","floor":1.0},{"not_picked":["Metallicize","Entrench"],"picked":"Rage","floor":4.0},{"not_picked":["Twin Strike","Sentinel"],"picked":"Pommel Strike","floor":5.0},{"not_picked":["Pommel Strike","Battle Trance"],"picked":"Juggernaut","floor":6.0},{"not_picked":["Warcry","Anger"],"picked":"Intimidate","floor":7.0},{"not_picked":["Body Slam","Twin Strike"],"picked":"Shockwave","floor":8.0},{"not_picked":["Clash","Perfected Strike"],"picked":"Dropkick","floor":13.0},{"not_picked":["Twin Strike","Perfected Strike"],"picked":"Bludgeon","floor":14.0},{"not_picked":["Juggernaut","Brutality"],"picked":"Dark Embrace","floor":16.0},{"not_picked":["Battle Trance+1","Perfected Strike"],"picked":"Iron Wave+1","floor":18.0},{"not_picked":["Shockwave","Sword Boomerang"],"picked":"Havoc+1","floor":20}],"player_experience":83917,"relics_obtained":[{"floor":6.0,"key":"Bag of Marbles"},{"floor":9.0,"key":"Matryoshka"}],"event_choices":[{"cards_removed":["Rage"],"damage_healed":4.0,"max_hp_gain":0.0,"max_hp_loss":0.0,"gold_gain":0.0,"event_name":"Bonfire Elementals","player_choice":"Offered Uncommon","floor":2.0,"gold_loss":0.0,"damage_taken":0.0},{"damage_healed":0.0,"max_hp_gain":0.0,"max_hp_loss":0.0,"gold_gain":0.0,"event_name":"Liars Game","player_choice":"Ignored","floor":10.0,"gold_loss":0.0,"damage_taken":0.0},{"damage_healed":0.0,"max_hp_gain":0.0,"max_hp_loss":0.0,"gold_gain":0.0,"event_name":"Lab","player_choice":"Got Potions","floor":12.0,"gold_loss":0.0,"damage_taken":0.0},{"damage_healed":0.0,"max_hp_gain":0.0,"max_hp_loss":0.0,"gold_gain":90.0,"event_name":"Knowing Skull","player_choice":"CARD GOLD CARD ","floor":19.0,"potions_obtained":[],"gold_loss":0.0,"damage_taken":32.0,"cards_obtained":["Mind Blast","Madness"]}],"is_beta":false,"boss_relics":[{"not_picked":["Sozu","Lizard Tail"],"picked":"Empty Cage"}],"items_purged_floors":[],"is_endless":false,"potions_floor_spawned":[1,7,13,14,18],"killed_by":"Snecko","ascension_level":2}