{"gold_per_floor":[114,114,77,77,90,90,116,116,140,170,183,199,10,24,24,128,128,140,158,158,171,96,96,96,196,220,238,57,69,69,80,80,187,187,212,212,238,44,44,44,63,63],"floor_reached":42,"playtime":1644,"items_purged":["Bash","strawberrySpire:ZonePlayer"],"score":812,"play_id":"46651c95-8b02-43e6-bf11-3d37c7686653","local_time":"20190701231753","is_ascension_mode":true,"campfire_choices":[{"data":"Perfected Strike","floor":6,"key":"SMITH"},{"data":"vexMod:TrainingStrike","floor":8,"key":"SMITH"},{"floor":15,"key":"REST"},{"data":"Apotheosis","floor":23,"key":"SMITH"},{"floor":32,"key":"DIG"},{"floor":40,"key":"REST"}],"neow_cost":"","seed_source_timestamp":900187913694602,"circlet_count":0,"master_deck":["Strike_R","Strike_R","Strike_R+1","Strike_R","Strike_R","Defend_R","Defend_R","Defend_R","Defend_R","Perfected Strike+1","conspire:ExplosiveBarrier","vexMod:TrainingStrike+1","vexMod:TrainingStrike","Twin Strike","StuffTheSpire:ChainStrike","Apotheosis+1","Double Tap","Shrug It Off","StuffTheSpire:ChainStrike","strawberrySpire:DebrisPile+1","Panacea","Iron Wave+1","StuffTheSpire:Flurry","Panacea","conspire:ExplosiveBarrier","StuffTheSpire:Unleash","Pommel Strike+1"],"relics":["Burning Blood","strawberrySpire:IronFlakes","strawberrySpire:ThornyGelberry","Winged Necklace","StuffTheSpire:HeavyRock","strawberrySpire:BonfireDress","StuffTheSpire:ChainArchetype","hubris:Backtick","hubris:Spice","Gremlin Food","infinitespire:EvilPickle","conspire:SpecialSausage","aspiration:Nostalgia","PokerPlayerMod:DeckCase"],"potions_floor_usage":[14,16,16,25,25,33,37],"damage_taken":[{"damage":3,"enemies":"Small Slimes","floor":1,"turns":4},{"damage":1,"enemies":"Cultist","floor":5,"turns":3},{"damage":14,"enemies":"2 Louse","floor":11,"turns":2},{"damage":13,"enemies":"Blue Slaver","floor":12,"turns":3},{"damage":13,"enemies":"3 Louse","floor":14,"turns":3},{"damage":25,"enemies":"Slime Boss","floor":16,"turns":10},{"damage":0,"enemies":"3 Byrds","floor":18,"turns":2},{"damage":0,"enemies":"Spheric Guardian","floor":19,"turns":3},{"damage":24,"enemies":"Snake Plant","floor":21,"turns":2},{"damage":40,"enemies":"Colosseum Slavers","floor":25,"turns":5},{"damage":36,"enemies":"Colosseum Nobs","floor":25,"turns":6},{"damage":9,"enemies":"Centurion and Healer","floor":27,"turns":5},{"damage":14,"enemies":"Chosen and Byrds","floor":29,"turns":5},{"damage":0,"enemies":"Snecko","floor":31,"turns":7},{"damage":26,"enemies":"Pondfish","floor":33,"turns":16},{"damage":0,"enemies":"Orb Walker","floor":35,"turns":4},{"damage":40,"enemies":"3 Darklings","floor":37,"turns":5},{"damage":37,"enemies":"Writhing Mass","floor":41,"turns":4},{"damage":22,"enemies":"Nightmare","floor":42,"turns":8}],"seed_played":"-2643501953793751839","potions_obtained":[{"floor":1,"key":"Toxic Potion"},{"floor":12,"key":"GamblersBrew"},{"floor":14,"key":"BloodPotion"},{"floor":18,"key":"Strength Potion"},{"floor":19,"key":"Dexterity Potion"},{"floor":27,"key":"Elixir"},{"floor":29,"key":"Swift Potion"},{"floor":33,"key":"SkillPotion"},{"floor":41,"key":"Elixir"}],"is_trial":false,"path_per_floor":["M","?","$","?","M","R","T","R","T","?","M","M","$","M","R","B",null,"M","M","?","M","$","R","?","?","T","M","$","M","?","M","R_BF","B",null,"M","?","M","$","?","R","M","NM"],"character_chosen":"IRONCLAD","items_purchased":["Perfected Strike","conspire:ExplosiveBarrier","vexMod:TrainingStrike","Apotheosis","Panacea","aspiration:Nostalgia"],"campfire_rested":2,"item_purchase_floors":[0,0,3,13,28,38],"current_hp_per_floor":[49,75,75,75,80,80,80,80,80,60,54,48,48,43,67,59,88,88,88,88,72,72,72,72,24,24,22,22,17,98,98,90,79,82,74,49,20,20,20,42,16,0],"gold":63,"neow_bonus":"","is_prod":false,"is_daily":false,"chose_seed":false,"campfire_upgraded":3,"win_rate":0,"timestamp":1562019473,"path_taken":["M","?","$","?","M","R","?","R","T","?","?","M","$","?","R","BOSS","M","M","?","M","$","R","?","?","T","M","$","M","?","?","R_BF","BOSS","M","?","M","$","?","R","?","NM"],"build_version":"2019-01-23","purchased_purges":2,"victory":false,"max_hp_per_floor":[80,80,80,80,80,80,80,80,80,80,80,80,80,80,80,80,88,88,88,88,88,88,88,88,88,88,88,88,88,98,98,90,82,82,74,74,74,74,74,74,74,74],"card_choices":[{"not_picked":["Warcry","strawberrySpire:PumpUp"],"picked":"strawberrySpire:ZonePlayer","floor":1},{"not_picked":["Disarm","vexMod:CursedStrike"],"picked":"Twin Strike","floor":5},{"not_picked":["StuffTheSpire:Resist","Rampage"],"picked":"StuffTheSpire:ChainStrike","floor":10},{"not_picked":["Flex","strawberrySpire:FireDrill","strawberrySpire:DraftPunk"],"picked":"SKIP","floor":11},{"not_picked":["strawberrySpire:Incursion","Clothesline","strawberrySpire:Spite"],"picked":"SKIP","floor":12},{"not_picked":["StuffTheSpire:Incineration","StuffTheSpire:RagingBull","Blood for Blood"],"picked":"SKIP","floor":14},{"not_picked":["vexMod:Elimination","StuffTheSpire:TitanForm"],"picked":"Double Tap","floor":16},{"not_picked":["Seeing Red","Heavy Blade","Shockwave"],"picked":"SKIP","floor":18},{"not_picked":["Clash","StuffTheSpire:Razor"],"picked":"Shrug It Off","floor":19},{"not_picked":["strawberrySpire:Spite+1","conspire:HitWhereItHurts","Clash+1"],"picked":"SKIP","floor":21},{"not_picked":["strawberrySpire:DebrisPile","StuffTheSpire:Resist"],"picked":"conspire:Purge","floor":25},{"not_picked":[],"picked":"StuffTheSpire:ChainStrike","floor":27},{"not_picked":["strawberrySpire:Spite","Iron Wave+1"],"picked":"strawberrySpire:DebrisPile+1","floor":27},{"not_picked":["Reckless Charge","StuffTheSpire:RockThrow+1","Sword Boomerang"],"picked":"SKIP","floor":29},{"not_picked":["Havoc+1","Reaper"],"picked":"Iron Wave+1","floor":31},{"not_picked":[],"picked":"StuffTheSpire:Flurry","floor":33},{"not_picked":["Barricade","Bludgeon"],"picked":"hubris:SpiceAddiction","floor":33},{"not_picked":["Twin Strike+1","hubris:SpiceAddiction"],"picked":"hubris:SpiceAddiction","floor":35},{"not_picked":[],"picked":"StuffTheSpire:Unleash","floor":37},{"not_picked":["strawberrySpire:ZonePlayer","Thunderclap+1"],"picked":"Pommel Strike+1","floor":37},{"not_picked":["StuffTheSpire:Slingshot","Wild Strike+1","Clothesline+1"],"picked":"SKIP","floor":41}],"player_experience":52463,"relics_obtained":[{"floor":7,"key":"Winged Necklace"},{"floor":9,"key":"StuffTheSpire:HeavyRock"},{"floor":10,"key":"strawberrySpire:BonfireDress"},{"floor":25,"key":"hubris:Spice"},{"floor":25,"key":"hubris:Spice"},{"floor":26,"key":"Gremlin Food"},{"floor":32,"key":"hubris:Spice"}],"event_choices":[{"damage_healed":26,"gold_gain":0,"player_choice":"Banana","damage_taken":0,"max_hp_gain":0,"max_hp_loss":0,"event_name":"Big Fish","floor":2,"gold_loss":0},{"damage_healed":0,"gold_gain":0,"player_choice":"Ignored","damage_taken":0,"max_hp_gain":0,"max_hp_loss":0,"event_name":"Golden Wing","floor":4,"gold_loss":0},{"damage_healed":0,"gold_gain":0,"player_choice":"Ignored","damage_taken":0,"max_hp_gain":0,"max_hp_loss":0,"event_name":"Ghosts","floor":20,"gold_loss":0},{"damage_healed":0,"gold_gain":0,"player_choice":"Fight","damage_taken":0,"max_hp_gain":0,"max_hp_loss":0,"event_name":"Colosseum","floor":25,"gold_loss":0},{"damage_healed":0,"gold_gain":0,"player_choice":"Fought Nobs","damage_taken":0,"max_hp_gain":0,"max_hp_loss":0,"event_name":"Colosseum","floor":25,"gold_loss":0},{"cards_removed":["conspire:Purge"],"damage_healed":71,"gold_gain":0,"player_choice":"Offered Rare","damage_taken":0,"max_hp_gain":10,"max_hp_loss":0,"event_name":"Bonfire Elementals","floor":30,"gold_loss":0}],"is_beta":false,"boss_relics":[{"not_picked":["ReplayTheSpireMod:DimensionalGlitch","StuffTheSpire:RunicHypercube"],"picked":"hubris:Backtick"},{"not_picked":["hubris:ScarierMask","strawberrySpire:SolarisEssence"],"picked":"conspire:SpecialSausage"}],"items_purged_floors":[22,28],"is_endless":false,"potions_floor_spawned":[1,12,14,18,19,27,29,33,41],"killed_by":"Nightmare","ascension_level":2}