{"gold_per_floor":[119,294,369,369,3,35,35,35,60,60,60,78,78,56,56,160,160,171,171,22,22,40,40,57,57,57,67,80,80],"floor_reached":29,"playtime":797,"items_purged":["Doubt"],"score":299,"play_id":"3fffaed5-0f29-4f6a-9484-3e95ef41ccef","local_time":"20190706150431","is_ascension_mode":true,"campfire_choices":[{"data":"Bash","floor":7.0,"key":"SMITH"},{"floor":10.0,"key":"REST"},{"data":"Shockwave","floor":13.0,"key":"SMITH"},{"floor":15.0,"key":"REST"},{"floor":23,"key":"REST"}],"neow_cost":"NONE","seed_source_timestamp":1303428429566172,"circlet_count":0,"master_deck":["Strike_R","Strike_R+1","Strike_R","Strike_R","Strike_R","Defend_R+1","Bash+1","Twin Strike","Shockwave+1","Flex","Armaments","Limit Break","Feel No Pain+1","Flex+1","Dropkick+1","Perfected Strike","Writhe","Flame Barrier","Pommel Strike+1","Rage","Seeing Red"],"special_seed":0,"relics":["Burning Blood","Boot","Turnip","Blue Candle","Ancient Tea Set","Astrolabe","Bag of Preparation","Enchiridion","Prayer Wheel"],"potions_floor_usage":[25,25,29],"damage_taken":[{"damage":5.0,"enemies":"Small Slimes","floor":1.0,"turns":5.0},{"damage":65.0,"enemies":"3 Sentries","floor":6.0,"turns":10.0},{"damage":1.0,"enemies":"2 Louse","floor":12.0,"turns":2.0},{"damage":42.0,"enemies":"The Guardian","floor":16.0,"turns":16.0},{"damage":13.0,"enemies":"2 Thieves","floor":18.0,"turns":4.0},{"damage":29,"enemies":"Spheric Guardian","floor":22,"turns":4},{"damage":8,"enemies":"Centurion and Healer","floor":24,"turns":4},{"damage":22,"enemies":"Gremlin Leader","floor":25,"turns":5},{"damage":0,"enemies":"Snake Plant","floor":27,"turns":2},{"damage":1,"enemies":"Snecko","floor":28,"turns":5},{"damage":40,"enemies":"Book of Stabbing","floor":29,"turns":4}],"seed_played":"8239021556232269041","potions_obtained":[{"floor":6.0,"key":"Regen Potion"},{"floor":16.0,"key":"Block Potion"},{"floor":18.0,"key":"Energy Potion"},{"floor":24,"key":"SmokeBomb"},{"floor":28,"key":"Block Potion"}],"is_trial":false,"path_per_floor":["M","?","?","?","$","E","R","?","T","R","$","M","R","$","R","B",null,"M","?","$","?","M","R","M","E","T","M","M","E"],"character_chosen":"IRONCLAD","items_purchased":["Turnip","Shockwave","Armaments","Flame Barrier"],"campfire_rested":3,"item_purchase_floors":[5,5,14,20],"current_hp_per_floor":[80,80,69,80,80,21,21,5,5,29,29,34,34,34,58,37,69,62,62,62,46,23,47,45,29,29,35,40,0],"gold":80,"neow_bonus":"RANDOM_COMMON_RELIC","is_prod":false,"is_daily":false,"chose_seed":false,"campfire_upgraded":2,"win_rate":0,"timestamp":1562421871,"path_taken":["M","?","?","?","$","E","R","?","T","R","?","M","R","$","R","BOSS","M","?","$","?","M","R","M","E","T","M","?","E"],"build_version":"2019-07-05","purchased_purges":1,"victory":false,"max_hp_per_floor":[80,80,80,80,80,80,80,80,80,80,80,80,80,80,80,80,80,80,80,80,80,80,80,80,80,80,80,80,80],"card_choices":[{"not_picked":["Spot Weakness","Entrench"],"picked":"Twin Strike","floor":1.0},{"not_picked":["Sword Boomerang","Corruption","Headbutt"],"picked":"SKIP","floor":6.0},{"not_picked":["Rampage","Combust"],"picked":"Flex","floor":12.0},{"not_picked":["Brutality","Juggernaut"],"picked":"Limit Break","floor":16.0},{"not_picked":["Heavy Blade","Flex+1"],"picked":"Perfected Strike","floor":18.0},{"not_picked":["Heavy Blade","Iron Wave+1"],"picked":"Pommel Strike+1","floor":22},{"not_picked":["Infernal Blade+1","Clothesline"],"picked":"Rage","floor":24},{"not_picked":["Havoc","Warcry"],"picked":"Seeing Red","floor":27},{"not_picked":["Body Slam","Bloodletting","Heavy Blade"],"picked":"SKIP","floor":27},{"not_picked":["Havoc","Rampage","Warcry+1"],"picked":"SKIP","floor":28},{"not_picked":["Clash","Heavy Blade","Sever Soul"],"picked":"SKIP","floor":28}],"player_experience":183294,"relics_obtained":[{"floor":6.0,"key":"Blue Candle"},{"floor":9.0,"key":"Ancient Tea Set"},{"floor":21,"key":"Enchiridion"},{"floor":26,"key":"Prayer Wheel"}],"event_choices":[{"damage_healed":0.0,"max_hp_gain":0.0,"max_hp_loss":0.0,"gold_gain":175.0,"event_name":"Liars Game","player_choice":"AGREE","floor":2.0,"gold_loss":0.0,"damage_taken":0.0,"cards_obtained":["Doubt"]},{"damage_healed":0.0,"max_hp_gain":0.0,"max_hp_loss":0.0,"gold_gain":75.0,"event_name":"World of Goop","player_choice":"Gather Gold","floor":3.0,"gold_loss":0.0,"damage_taken":11.0},{"damage_healed":26.0,"max_hp_gain":0.0,"max_hp_loss":0.0,"gold_gain":0.0,"event_name":"Big Fish","player_choice":"Banana","floor":4.0,"gold_loss":0.0,"damage_taken":0.0},{"damage_healed":0.0,"max_hp_gain":0.0,"max_hp_loss":0.0,"gold_gain":0.0,"event_name":"Shining Light","player_choice":"Entered Light","floor":8.0,"gold_loss":0.0,"damage_taken":16.0,"cards_upgraded":["Strike_R","Defend_R"]},{"damage_healed":0.0,"max_hp_gain":0.0,"max_hp_loss":0.0,"gold_gain":0.0,"event_name":"The Mausoleum","player_choice":"Opened","floor":19.0,"gold_loss":0.0,"damage_taken":0.0,"relics_obtained":["Bag of Preparation"],"cards_obtained":["Writhe"]},{"damage_healed":0,"gold_gain":0,"player_choice":"Obtained Book","damage_taken":16,"max_hp_gain":0,"max_hp_loss":0,"event_name":"Cursed Tome","floor":21,"gold_loss":0}],"is_beta":false,"boss_relics":[{"not_picked":["Runic Dome","Runic Cube"],"picked":"Astrolabe"}],"items_purged_floors":[20],"is_endless":false,"potions_floor_spawned":[6,16,18,24,25,28],"killed_by":"Book of Stabbing","ascension_level":5}