{"gold_per_floor":[218,218,3,3,3,19,19,19,70,70,15,45,10,30,30,101,101,117,117,23,23,23,23,23,23],"floor_reached":25,"playtime":434,"items_purged":[],"score":366,"play_id":"f204d828-deed-49fc-aab6-79e1c458132d","local_time":"20190720045733","is_ascension_mode":true,"campfire_choices":[{"data":"Bash","floor":7,"key":"SMITH"},{"data":"Combust","floor":10,"key":"SMITH"},{"floor":15,"key":"REST"},{"data":"Rupture","floor":23,"key":"SMITH"}],"neow_cost":"NONE","seed_source_timestamp":2473410982314925,"circlet_count":0,"master_deck":["AscendersBane","Strike_R","Strike_R","Strike_R","Strike_R","Strike_R","Defend_R","Defend_R","Defend_R","Defend_R","Bash+1","Combust+1","Shrug It Off","Demon Form+1","Thunderclap","Offering","Seeing Red+1","Rupture+1","Shrug It Off"],"relics":["Burning Blood","Sling","Juzu Bracelet","Odd Mushroom","Eternal Feather"],"potions_floor_usage":[12,25],"damage_taken":[{"damage":10,"enemies":"2 Louse","floor":1,"turns":4},{"damage":12,"enemies":"Jaw Worm","floor":6,"turns":3},{"damage":23,"enemies":"The Mushroom Lair","floor":12,"turns":4},{"damage":7,"enemies":"Small Slimes","floor":14,"turns":4},{"damage":41,"enemies":"Slime Boss","floor":16,"turns":7},{"damage":41,"enemies":"Spheric Guardian","floor":18,"turns":7},{"damage":43,"enemies":"Slavers","floor":25,"turns":2}],"seed_played":"-4819284126862223270","potions_obtained":[{"floor":1,"key":"Fire Potion"},{"floor":16,"key":"Strength Potion"}],"is_trial":false,"path_per_floor":["M","?","$","?","?","M","R","$","T","R","$","?","?","M","R","B",null,"M","?","$","?","?","R","?","E"],"character_chosen":"IRONCLAD","items_purchased":["Sling","Shrug It Off","Rupture","Shrug It Off"],"campfire_rested":1,"item_purchase_floors":[3,11,20,20],"current_hp_per_floor":[64,64,64,64,64,58,58,58,58,58,58,41,41,40,62,27,63,28,28,28,28,28,37,37,0],"gold":23,"neow_bonus":"HUNDRED_GOLD","is_prod":false,"is_daily":false,"chose_seed":false,"campfire_upgraded":3,"win_rate":0,"timestamp":1563591453,"path_taken":["M","?","$","?","?","M","R","$","T","R","?","?","?","M","R","BOSS","M","?","$","?","?","R","?","E"],"build_version":"2019-07-17","purchased_purges":0,"victory":false,"max_hp_per_floor":[75,75,75,75,75,75,75,75,75,75,75,75,75,75,75,75,75,75,75,75,75,75,75,75,75],"card_choices":[{"not_picked":["Fire Breathing","Pommel Strike","Combust"],"picked":"SKIP","floor":1},{"not_picked":["Fire Breathing","Pommel Strike"],"picked":"Combust","floor":1},{"not_picked":["Sword Boomerang","Flex","Havoc"],"picked":"SKIP","floor":6},{"not_picked":["Clash","Carnage"],"picked":"Demon Form","floor":12},{"not_picked":["Headbutt","True Grit"],"picked":"Thunderclap","floor":14},{"not_picked":["Impervious","Double Tap"],"picked":"Offering","floor":16},{"not_picked":["Headbutt","Twin Strike"],"picked":"Seeing Red+1","floor":18}],"player_experience":517041,"relics_obtained":[{"floor":9,"key":"Juzu Bracelet"},{"floor":12,"key":"Odd Mushroom"}],"event_choices":[{"damage_healed":0,"gold_gain":0,"player_choice":"Leave","damage_taken":0,"max_hp_gain":0,"max_hp_loss":0,"event_name":"The Cleric","floor":2,"gold_loss":0},{"damage_healed":0,"gold_gain":0,"player_choice":"Ignored","damage_taken":0,"max_hp_gain":0,"max_hp_loss":0,"event_name":"Golden Wing","floor":4,"gold_loss":0},{"damage_healed":0,"gold_gain":0,"player_choice":"Ignored","damage_taken":0,"max_hp_gain":0,"max_hp_loss":0,"event_name":"Liars Game","floor":5,"gold_loss":0},{"damage_healed":0,"gold_gain":0,"player_choice":"Fought Mushrooms","damage_taken":0,"max_hp_gain":0,"max_hp_loss":0,"event_name":"Mushrooms","floor":12,"gold_loss":0},{"damage_healed":0,"gold_gain":0,"player_choice":"Left Gold","damage_taken":0,"max_hp_gain":0,"max_hp_loss":0,"event_name":"World of Goop","floor":13,"gold_loss":35},{"damage_healed":0,"gold_gain":0,"player_choice":"Forge","damage_taken":0,"max_hp_gain":0,"max_hp_loss":0,"event_name":"Accursed Blacksmith","floor":19,"gold_loss":0,"cards_upgraded":["Demon Form"]},{"damage_healed":0,"gold_gain":0,"player_choice":"Ignored","damage_taken":0,"max_hp_gain":0,"max_hp_loss":0,"event_name":"Cursed Tome","floor":21,"gold_loss":0},{"damage_healed":0,"gold_gain":0,"player_choice":"Ignored","damage_taken":0,"max_hp_gain":0,"max_hp_loss":0,"event_name":"Ghosts","floor":22,"gold_loss":0}],"is_beta":false,"boss_relics":[{"not_picked":["Tiny House","Fusion Hammer"],"picked":"Eternal Feather"}],"items_purged_floors":[],"is_endless":false,"potions_floor_spawned":[1,16],"killed_by":"Slavers","ascension_level":20}