{"gold_per_floor":[109,109,72,83,97,97,109,109,109,125,158,178,197,223,223,300,300,310,327,40,67,67,95,107,153,165,177,207,219,247,209,221,308,320,347,23,41,41,53,53,85,85,132,32,32,50,50,88,88,113,138,138,138,13,44,44],"floor_reached":56,"playtime":2065,"items_purged":["Defend_G","Strike_G","Strike_G"],"score":1929,"play_id":"9e978315-f30e-4263-acc6-5b6d832aa26c","local_time":"20190502235737","is_ascension_mode":true,"campfire_choices":[{"data":"Crippling Poison","floor":6.0,"key":"SMITH"},{"data":"Riddle With Holes","floor":8.0,"key":"SMITH"},{"data":"Crippling Poison","floor":15.0,"key":"SMITH"},{"data":"Masterful Stab","floor":24.0,"key":"SMITH"},{"floor":27.0,"key":"REST"},{"data":"Cloak And Dagger","floor":29.0,"key":"SMITH"},{"data":"Calculated Gamble","floor":32.0,"key":"SMITH"},{"data":"1","floor":40.0,"key":"LIFT"},{"data":"2","floor":42.0,"key":"LIFT"},{"data":"3","floor":45.0,"key":"LIFT"},{"floor":47.0,"key":"RECALL"},{"data":"Tactician","floor":49.0,"key":"SMITH"},{"data":"Leg Sweep","floor":53.0,"key":"SMITH"}],"neow_cost":"TEN_PERCENT_HP_LOSS","seed_source_timestamp":1023810608754700,"circlet_count":0,"master_deck":["AscendersBane","Defend_G","Defend_G","Defend_G","Defend_G","Strike_G","Strike_G","Strike_G","Survivor","Neutralize","Dagger Spray","Tactician+1","Masterful Stab+1","Crippling Poison+1","Riddle With Holes+1","Leg Sweep+1","Dodge and Roll","Backflip","Leg Sweep","Crippling Poison+1","Night Terror","Calculated Gamble+1","Backstab+1","Mayhem","Cloak And Dagger+1","Predator+1","Choke+1","Envenom","Skewer+1","Acrobatics","HandOfGreed+1","Dash+1","Leg Sweep","Dash+1"],"special_seed":0,"relics":["Ring of the Snake","Du-Vu Doll","CultistMask","Paper Crane","Shuriken","Molten Egg 2","Snecko Eye","Omamori","MawBank","Bottled Lightning","Eternal Feather","Girya","Ancient Tea Set","Potion Belt","Kunai"],"potions_floor_usage":[56,56],"damage_taken":[{"damage":0.0,"enemies":"Jaw Worm","floor":1.0,"turns":5.0},{"damage":0.0,"enemies":"Cultist","floor":4.0,"turns":3.0},{"damage":0.0,"enemies":"Small Slimes","floor":5.0,"turns":3.0},{"damage":9.0,"enemies":"Gremlin Gang","floor":7.0,"turns":2.0},{"damage":3.0,"enemies":"Large Slime","floor":10.0,"turns":4.0},{"damage":4.0,"enemies":"Gremlin Nob","floor":11.0,"turns":3.0},{"damage":8.0,"enemies":"Blue Slaver","floor":12.0,"turns":2.0},{"damage":0.0,"enemies":"Looter","floor":13.0,"turns":4.0},{"damage":11.0,"enemies":"Lagavulin","floor":14.0,"turns":9.0},{"damage":3.0,"enemies":"The Guardian","floor":16.0,"turns":12.0},{"damage":8.0,"enemies":"Shell Parasite","floor":18.0,"turns":4.0},{"damage":1.0,"enemies":"2 Thieves","floor":19.0,"turns":4.0},{"damage":11.0,"enemies":"Gremlin Leader","floor":23.0,"turns":8.0},{"damage":11.0,"enemies":"Slavers","floor":25.0,"turns":3.0},{"damage":5.0,"enemies":"Cultist and Chosen","floor":28.0,"turns":4.0},{"damage":1.0,"enemies":"Snake Plant","floor":30.0,"turns":3.0},{"damage":0.0,"enemies":"Champ","floor":33.0,"turns":8.0},{"damage":0.0,"enemies":"3 Shapes","floor":35.0,"turns":5.0},{"damage":11.0,"enemies":"3 Darklings","floor":37.0,"turns":4.0},{"damage":17.0,"enemies":"Transient","floor":39.0,"turns":6.0},{"damage":17.0,"enemies":"Giant Head","floor":41.0,"turns":5.0},{"damage":2.0,"enemies":"Sphere and 2 Shapes","floor":46.0,"turns":3.0},{"damage":0.0,"enemies":"Jaw Worm Horde","floor":48.0,"turns":2.0},{"damage":47.0,"enemies":"Awakened One","floor":50.0,"turns":14.0},{"damage":3.0,"enemies":"Donu and Deca","floor":51.0,"turns":8.0},{"damage":56.0,"enemies":"Shield and Spear","floor":55.0,"turns":6.0},{"damage":39,"enemies":"The Heart","floor":56,"turns":3}],"seed_played":"8601011945443427016","potions_obtained":[{"floor":7.0,"key":"Dexterity Potion"},{"floor":10.0,"key":"PowerPotion"},{"floor":12.0,"key":"GhostInAJar"},{"floor":14.0,"key":"Dexterity Potion"},{"floor":16.0,"key":"LiquidBronze"},{"floor":25.0,"key":"Poison Potion"},{"floor":30.0,"key":"Dexterity Potion"},{"floor":46.0,"key":"Fire Potion"},{"floor":55.0,"key":"Regen Potion"}],"is_trial":false,"path_per_floor":["M","?","$","M","M","R","M","R","T","M","E","M","M","E","R","B",null,"M","M","$","T","?","E","R","E","T","R","M","R","M","?","R","B",null,"M","$","M","?","M","R","E","R","T","$","R","M","R","M","R","B","B",null,"R","$","E","B"],"character_chosen":"THE_SILENT","items_purchased":["Tactician","Mayhem","Girya"],"campfire_rested":1,"item_purchase_floors":[3,20,36],"current_hp_per_floor":[59,59,59,59,59,59,50,50,50,47,43,35,35,24,24,21,50,42,41,41,41,41,30,30,19,19,37,32,32,31,31,31,31,53,53,53,42,32,15,33,16,34,34,34,52,50,60,60,60,13,10,48,60,60,4,0],"gold":44,"neow_bonus":"ONE_RARE_RELIC","is_prod":false,"is_daily":false,"chose_seed":false,"campfire_upgraded":8,"win_rate":0,"timestamp":1556809057,"path_taken":["M","?","?","M","M","R","M","R","T","M","E","M","M","E","R","BOSS","M","M","$","?","?","E","R","E","T","R","M","R","M","?","R","BOSS","M","$","?","?","M","R","E","R","T","$","R","M","R","M","R","BOSS","BOSS","R","$","E","BOSS"],"build_version":"2019-01-23","purchased_purges":3,"victory":false,"max_hp_per_floor":[60,60,60,60,60,60,60,60,60,60,60,60,60,60,60,60,60,60,60,60,60,60,60,60,60,60,60,60,60,60,60,60,60,60,60,60,60,60,60,60,60,60,60,60,60,60,60,60,60,60,60,60,60,60,60,60],"card_choices":[{"not_picked":["Dagger Throw","Escape Plan"],"picked":"Dagger Spray","floor":1.0},{"not_picked":["Catalyst","Skewer"],"picked":"Masterful Stab","floor":4.0},{"not_picked":["Dagger Throw","Dodge and Roll"],"picked":"Crippling Poison","floor":5.0},{"not_picked":["Dash","Cloak And Dagger"],"picked":"Riddle With Holes","floor":7.0},{"not_picked":["Quick Slash","Sucker Punch"],"picked":"Leg Sweep","floor":10.0},{"not_picked":["Doppelganger","Flying Knee"],"picked":"Dodge and Roll","floor":11.0},{"not_picked":["Dagger Throw","Infinite Blades"],"picked":"Backflip","floor":12.0},{"not_picked":["Catalyst","Quick Slash"],"picked":"Leg Sweep","floor":13.0},{"not_picked":["Setup","Predator"],"picked":"Crippling Poison","floor":14.0},{"not_picked":["Venomology","Storm of Steel"],"picked":"Night Terror","floor":16.0},{"not_picked":["Flechettes+1","Quick Slash+1"],"picked":"Calculated Gamble","floor":18.0},{"not_picked":["Backflip","Quick Slash+1"],"picked":"Backstab+1","floor":19.0},{"not_picked":["Quick Slash+1","Deadly Poison","Backflip"],"picked":"SKIP","floor":23.0},{"not_picked":["Flying Knee+1","Bane+1"],"picked":"Cloak And Dagger","floor":25.0},{"not_picked":["Eviscerate+1","Dash+1"],"picked":"Predator+1","floor":28.0},{"not_picked":["Acrobatics","Cloak And Dagger"],"picked":"Choke+1","floor":30.0},{"not_picked":["Die Die Die+1","A Thousand Cuts"],"picked":"Envenom","floor":33.0},{"not_picked":["Sucker Punch+1","Dagger Throw+1"],"picked":"Skewer+1","floor":35.0},{"not_picked":["Deadly Poison","Quick Slash+1"],"picked":"Acrobatics","floor":37.0},{"not_picked":["Forethought","Bandage Up"],"picked":"HandOfGreed+1","floor":38.0},{"not_picked":["Prepared+1","Dagger Throw+1","Backflip"],"picked":"SKIP","floor":39.0},{"not_picked":["Sucker Punch+1","Cloak And Dagger"],"picked":"Dash+1","floor":41.0},{"not_picked":["Deflect","Prepared"],"picked":"Leg Sweep","floor":46.0},{"not_picked":["Dodge and Roll","Flying Knee+1"],"picked":"Dash+1","floor":48.0},{"not_picked":["Prepared","Noxious Fumes","Backstab+1"],"picked":"SKIP","floor":55.0}],"player_experience":4894570,"relics_obtained":[{"floor":9.0,"key":"Paper Crane"},{"floor":11.0,"key":"Shuriken"},{"floor":14.0,"key":"Molten Egg 2"},{"floor":21.0,"key":"Omamori"},{"floor":23.0,"key":"MawBank"},{"floor":25.0,"key":"Bottled Lightning"},{"floor":41.0,"key":"Ancient Tea Set"},{"floor":43.0,"key":"Potion Belt"},{"floor":55.0,"key":"Kunai"}],"event_choices":[{"damage_healed":0.0,"max_hp_gain":0.0,"max_hp_loss":0.0,"gold_gain":0.0,"event_name":"FaceTrader","player_choice":"Trade","floor":2.0,"gold_loss":0.0,"damage_taken":0.0,"relics_obtained":["CultistMask"]},{"damage_healed":0.0,"max_hp_gain":0.0,"max_hp_loss":0.0,"gold_gain":0.0,"event_name":"Forgotten Altar","player_choice":"Smashed Altar","floor":22.0,"gold_loss":0.0,"damage_taken":0.0,"cards_obtained":["Decay"]},{"damage_healed":0.0,"max_hp_gain":0.0,"max_hp_loss":0.0,"gold_gain":0.0,"event_name":"The Joust","player_choice":"Bet on Murderer","floor":31.0,"gold_loss":50.0,"damage_taken":0.0},{"damage_healed":0.0,"max_hp_gain":0.0,"max_hp_loss":0.0,"gold_gain":0.0,"event_name":"SensoryStone","player_choice":"Memory 3","floor":38.0,"gold_loss":0.0,"damage_taken":10.0}],"is_beta":false,"boss_relics":[{"not_picked":["Ring of the Serpent","Busted Crown"],"picked":"Snecko Eye"},{"not_picked":["Velvet Choker","Lizard Tail"],"picked":"Eternal Feather"}],"items_purged_floors":[20,44,54],"is_endless":false,"potions_floor_spawned":[7,10,11,12,14,16,23,25,28,30,39,46,55],"killed_by":"The Heart","ascension_level":20}