{"gold_per_floor":[114,132,152,169,185,185,217,234,303,332,332,332,11,39,39,39],"floor_reached":16,"playtime":422,"items_purged":[],"score":244,"play_id":"37cc1013-cf13-4975-897e-4fe48f6bacf0","local_time":"20190719233111","is_ascension_mode":true,"campfire_choices":[{"floor":6,"key":"REST"},{"floor":11,"key":"REST"},{"data":"Armaments","floor":15,"key":"SMITH"}],"neow_cost":"NONE","seed_source_timestamp":0,"circlet_count":0,"master_deck":["AscendersBane","Strike_R","Strike_R","Strike_R","Strike_R+1","Strike_R","Defend_R+1","Defend_R","Defend_R","Defend_R","Bash+1","Evolve","Perfected Strike","Perfected Strike","Thunderclap","Double Tap","Pommel Strike","Armaments+1","Twin Strike","Perfected Strike"],"special_seed":0,"relics":["Burning Blood","Nunchaku","Matryoshka","Pantograph","Ginger"],"potions_floor_usage":[4,8,10],"damage_taken":[{"damage":2,"enemies":"2 Louse","floor":1,"turns":4},{"damage":7,"enemies":"Small Slimes","floor":2,"turns":4},{"damage":18,"enemies":"Jaw Worm","floor":3,"turns":6},{"damage":17,"enemies":"Lots of Slimes","floor":4,"turns":4},{"damage":12,"enemies":"Looter","floor":5,"turns":3},{"damage":35,"enemies":"Lagavulin","floor":7,"turns":6},{"damage":13,"enemies":"Exordium Thugs","floor":8,"turns":4},{"damage":25,"enemies":"3 Sentries","floor":10,"turns":6},{"damage":20,"enemies":"Lagavulin","floor":14,"turns":5},{"damage":41,"enemies":"The Guardian","floor":16,"turns":8}],"seed_played":"-3749897670904893053","potions_obtained":[{"floor":1,"key":"Poison Potion"},{"floor":2,"key":"SteroidPotion"},{"floor":4,"key":"EssenceOfSteel"},{"floor":7,"key":"Regen Potion"},{"floor":8,"key":"FairyPotion"}],"is_trial":false,"path_per_floor":["M","M","M","M","M","R","E","M","T","E","R","?","$","E","R","B"],"character_chosen":"IRONCLAD","items_purchased":["Pantograph","Perfected Strike"],"campfire_rested":2,"item_purchase_floors":[13,13],"current_hp_per_floor":[72,71,59,48,42,64,35,40,40,21,43,20,20,13,13,0],"gold":39,"neow_bonus":"UPGRADE_CARD","is_prod":false,"is_daily":false,"chose_seed":false,"campfire_upgraded":1,"win_rate":0,"timestamp":1563546671,"path_taken":["M","M","M","M","M","R","E","M","T","E","R","?","$","E","R","BOSS"],"build_version":"2019-07-17","purchased_purges":0,"victory":false,"max_hp_per_floor":[75,75,75,75,75,75,75,75,75,75,75,75,75,75,75,75],"card_choices":[{"not_picked":["Clothesline","Infernal Blade"],"picked":"Evolve","floor":1},{"not_picked":["Clash","Warcry"],"picked":"Perfected Strike","floor":2},{"not_picked":["Barricade","Headbutt"],"picked":"Perfected Strike","floor":3},{"not_picked":["Shrug It Off","Headbutt"],"picked":"Thunderclap","floor":4},{"not_picked":["Body Slam","Power Through"],"picked":"Double Tap","floor":5},{"not_picked":["Heavy Blade","Twin Strike"],"picked":"Pommel Strike","floor":7},{"not_picked":["Sword Boomerang","Flex"],"picked":"Armaments","floor":8},{"not_picked":["Clothesline","Pummel"],"picked":"Twin Strike","floor":10},{"not_picked":["True Grit","Blood for Blood","Rampage"],"picked":"SKIP","floor":14}],"player_experience":5746135,"relics_obtained":[{"floor":7,"key":"Nunchaku"},{"floor":10,"key":"Matryoshka"},{"floor":14,"key":"Ginger"}],"event_choices":[{"damage_healed":0,"gold_gain":0,"player_choice":"Entered Light","damage_taken":23,"max_hp_gain":0,"max_hp_loss":0,"event_name":"Shining Light","floor":12,"gold_loss":0,"cards_upgraded":["Defend_R","Strike_R"]}],"is_beta":false,"boss_relics":[],"items_purged_floors":[],"is_endless":false,"potions_floor_spawned":[1,2,4,7,8],"killed_by":"The Guardian","ascension_level":20}