{"gold_per_floor":[112,112,127,139,153,153,303,303,303,29,57,73,73,85,85,159,159,172,185,110,30,30],"floor_reached":22,"playtime":513,"items_purged":["Doubt","Strike_R"],"score":372,"play_id":"c1f4dfdf-da19-4f39-8bb0-c6267d49d597","local_time":"20190627010651","is_ascension_mode":true,"campfire_choices":[{"data":"Wild Strike","floor":6,"key":"SMITH"},{"floor":13,"key":"REST"},{"data":"Offering","floor":15,"key":"SMITH"}],"neow_cost":"NONE","seed_source_timestamp":714371413987700,"circlet_count":0,"master_deck":["AscendersBane","Strike_R","Strike_R","Strike_R","Strike_R","Defend_R","Defend_R","Defend_R","Bash","Wild Strike+1","Shrug It Off","Offering+1","Pain","Disarm+1","Heavy Blade","Flex+1","Limit Break+1","Battle Trance+1"],"relics":["Runic Cube","The Courier","WarpedTongs","Toxic Egg 2","Self Forming Clay","Paper Frog","Mark of Pain"],"potions_floor_usage":[16,22,22],"damage_taken":[{"damage":2,"enemies":"2 Louse","floor":1,"turns":4},{"damage":6,"enemies":"Cultist","floor":3,"turns":3},{"damage":9,"enemies":"Jaw Worm","floor":4,"turns":3},{"damage":6,"enemies":"3 Louse","floor":5,"turns":4},{"damage":21,"enemies":"3 Sentries","floor":11,"turns":8},{"damage":11,"enemies":"Exordium Thugs","floor":12,"turns":4},{"damage":6,"enemies":"Blue Slaver","floor":14,"turns":1},{"damage":16,"enemies":"Hexaghost","floor":16,"turns":7},{"damage":25,"enemies":"Spheric Guardian","floor":18,"turns":4},{"damage":7,"enemies":"Chosen","floor":19,"turns":2},{"damage":28,"enemies":"Sentry and Sphere","floor":22,"turns":4}],"seed_played":"-8554338945863549099","potions_obtained":[{"floor":5,"key":"GamblersBrew"},{"floor":11,"key":"PowerPotion"},{"floor":16,"key":"Explosive Potion"},{"floor":18,"key":"Fire Potion"}],"is_trial":false,"path_per_floor":["M","?","M","M","M","R","?","?","T","$","E","M","R","M","R","B",null,"M","M","?","$","M"],"character_chosen":"IRONCLAD","items_purchased":["Self Forming Clay"],"campfire_rested":1,"item_purchase_floors":[10],"current_hp_per_floor":[66,66,60,51,45,45,45,45,45,45,24,13,35,29,29,13,60,35,28,28,28,0],"gold":30,"neow_bonus":"BOSS_RELIC","is_prod":false,"is_daily":false,"chose_seed":false,"campfire_upgraded":2,"win_rate":0,"timestamp":1561565211,"path_taken":["M","?","?","M","M","R","?","?","T","$","E","M","R","?","R","BOSS","M","M","?","$","M"],"build_version":"2019-01-23","purchased_purges":2,"victory":false,"max_hp_per_floor":[75,75,75,75,75,75,75,75,75,75,75,75,75,75,75,75,75,75,75,75,75,75],"card_choices":[{"not_picked":["Body Slam","True Grit"],"picked":"Cleave","floor":1},{"not_picked":["Dual Wield","Thunderclap"],"picked":"Wild Strike","floor":3},{"not_picked":["Anger","Power Through"],"picked":"Shrug It Off","floor":4},{"not_picked":["Thunderclap","Offering","True Grit"],"picked":"SKIP","floor":5},{"not_picked":["Thunderclap","True Grit"],"picked":"Offering","floor":5},{"not_picked":["Spot Weakness+1","Clash"],"picked":"Disarm+1","floor":11},{"not_picked":["Twin Strike","Uppercut"],"picked":"Heavy Blade","floor":12},{"not_picked":["Pommel Strike","Limit Break+1"],"picked":"Flex+1","floor":14},{"not_picked":["Feed","Berserk"],"picked":"Limit Break+1","floor":16},{"not_picked":["Armaments+1","Cleave"],"picked":"Battle Trance+1","floor":18},{"not_picked":["Hemokinesis","Clash","Uppercut"],"picked":"SKIP","floor":19}],"player_experience":5503098,"relics_obtained":[{"floor":9,"key":"Toxic Egg 2"},{"floor":11,"key":"Paper Frog"}],"event_choices":[{"cards_removed":["Cleave"],"damage_healed":0,"gold_gain":0,"player_choice":"Gave Card","damage_taken":0,"relics_obtained":["The Courier"],"max_hp_gain":0,"max_hp_loss":0,"event_name":"WeMeetAgain","floor":2,"gold_loss":0},{"damage_healed":0,"gold_gain":150,"player_choice":"AGREE","damage_taken":0,"max_hp_gain":0,"max_hp_loss":0,"event_name":"Liars Game","floor":7,"gold_loss":0,"cards_obtained":["Doubt"]},{"damage_healed":0,"gold_gain":0,"player_choice":"Rummage","damage_taken":0,"relics_obtained":["WarpedTongs"],"max_hp_gain":0,"max_hp_loss":0,"event_name":"Accursed Blacksmith","floor":8,"gold_loss":0,"cards_obtained":["Pain"]},{"cards_removed":["Defend_R"],"damage_healed":0,"gold_gain":0,"player_choice":"Gave Gold","damage_taken":0,"max_hp_gain":0,"max_hp_loss":0,"event_name":"Beggar","floor":20,"gold_loss":75}],"is_beta":false,"boss_relics":[{"not_picked":["Black Star","Sozu"],"picked":"Mark of Pain"}],"items_purged_floors":[10,21],"is_endless":false,"potions_floor_spawned":[5,11,16,18],"killed_by":"Sentry and Sphere","ascension_level":20}