{"gold_per_floor":[115,135,150,168,4,4,34,34,34,47,74,74,24,43,43,43],"floor_reached":16,"playtime":354,"items_purged":["Strike_R"],"score":224,"play_id":"49efb6c5-0031-4697-8d83-529fcde91cfd","local_time":"20190601020811","is_ascension_mode":true,"campfire_choices":[{"data":"Searing Blow","floor":6.0,"key":"SMITH"},{"data":"Searing Blow+1","floor":8.0,"key":"SMITH"},{"data":"Searing Blow+2","floor":12.0,"key":"SMITH"},{"data":"Searing Blow+3","floor":15.0,"key":"SMITH"}],"neow_cost":"TEN_PERCENT_HP_LOSS","seed_source_timestamp":448301586089400,"circlet_count":0,"master_deck":["AscendersBane","Strike_R","Strike_R","Strike_R","Defend_R","Defend_R","Defend_R","Bash","Seeing Red","Searing Blow+4","Shrug It Off","Carnage","Anger","Ghostly Armor","Thunderclap"],"special_seed":0,"relics":["Burning Blood","Potion Belt","Bottled Flame"],"potions_floor_usage":[],"damage_taken":[{"damage":9.0,"enemies":"Jaw Worm","floor":1.0,"turns":6.0},{"damage":10.0,"enemies":"Small Slimes","floor":2.0,"turns":3.0},{"damage":6.0,"enemies":"Cultist","floor":3.0,"turns":3.0},{"damage":22.0,"enemies":"Exordium Thugs","floor":4.0,"turns":5.0},{"damage":34.0,"enemies":"3 Sentries","floor":7.0,"turns":10.0},{"damage":1.0,"enemies":"Red Slaver","floor":10.0,"turns":2.0},{"damage":31.0,"enemies":"Gremlin Nob","floor":11.0,"turns":4.0},{"damage":4.0,"enemies":"3 Louse","floor":14.0,"turns":3.0},{"damage":18,"enemies":"Slime Boss","floor":16,"turns":4}],"seed_played":"6581883121019833489","potions_obtained":[{"floor":2.0,"key":"Explosive Potion"},{"floor":4.0,"key":"SkillPotion"},{"floor":10.0,"key":"Regen Potion"},{"floor":14.0,"key":"LiquidBronze"}],"is_trial":false,"path_per_floor":["M","M","M","M","$","R","E","R","T","M","E","R","?","M","R","B"],"character_chosen":"IRONCLAD","items_purchased":["Carnage"],"campfire_rested":0,"item_purchase_floors":[5],"current_hp_per_floor":[65,61,61,45,45,45,17,17,17,22,9,9,9,11,11,0],"gold":43,"neow_bonus":"REMOVE_TWO","is_prod":false,"is_daily":false,"chose_seed":false,"campfire_upgraded":4,"win_rate":0,"timestamp":1559322491,"path_taken":["M","M","M","M","$","R","E","R","T","M","E","R","?","M","R","BOSS"],"build_version":"2019-01-23","purchased_purges":1,"victory":false,"max_hp_per_floor":[68,68,68,68,68,68,68,68,68,68,68,68,68,68,68,68],"card_choices":[{"not_picked":["True Grit","Body Slam"],"picked":"Seeing Red","floor":1.0},{"not_picked":["Perfected Strike","Power Through"],"picked":"Searing Blow","floor":2.0},{"not_picked":["Cleave","Perfected Strike"],"picked":"Shrug It Off","floor":3.0},{"not_picked":["Burning Pact","Heavy Blade","Cleave"],"picked":"SKIP","floor":4.0},{"not_picked":["Dark Embrace","Wild Strike"],"picked":"Anger","floor":7.0},{"not_picked":["Perfected Strike","Sword Boomerang"],"picked":"Ghostly Armor","floor":10.0},{"not_picked":["Feel No Pain","Anger"],"picked":"Thunderclap","floor":11.0},{"not_picked":["Pommel Strike","Rampage","Spot Weakness"],"picked":"SKIP","floor":14.0}],"player_experience":5232960,"relics_obtained":[{"floor":7.0,"key":"Potion Belt"},{"floor":11.0,"key":"Bottled Flame"}],"event_choices":[{"damage_healed":0.0,"max_hp_gain":0.0,"max_hp_loss":0.0,"gold_gain":0.0,"event_name":"World of Goop","player_choice":"Left Gold","floor":13.0,"gold_loss":50.0,"damage_taken":0.0}],"is_beta":false,"boss_relics":[],"items_purged_floors":[5],"is_endless":false,"potions_floor_spawned":[2,4,10,14],"killed_by":"Slime Boss","ascension_level":20}