{"gold_per_floor":[117,117,117,128,146,146,176,195,195,195,220,239,249,264,264,335,335,353,268,268,105,5,32,32,51,75,75,91,122,10,10,10,87,137,147,163,178,193,213,213,213],"floor_reached":41,"playtime":951,"items_purged":["Strike_R","Strike_R"],"score":965,"play_id":"6b355567-2d14-4618-9400-1d178722c33e","local_time":"20190504020317","is_ascension_mode":true,"campfire_choices":[{"data":"Perfected Strike","floor":6.0,"key":"SMITH"},{"data":"Bludgeon","floor":10.0,"key":"SMITH"},{"data":"Inflame","floor":15.0,"key":"SMITH"},{"data":"Dark Embrace","floor":24.0,"key":"SMITH"},{"floor":32,"key":"REST"},{"data":"1","floor":40,"key":"LIFT"}],"neow_cost":"NONE","seed_source_timestamp":1118923077869100,"circlet_count":0,"master_deck":["AscendersBane","Strike_R+1","Strike_R+1","Strike_R+1","Defend_R+1","Defend_R+1","Defend_R+1","Defend_R+1","Bash","Corruption","Perfected Strike+1","Shockwave+1","Bludgeon+1","Reckless Charge","Anger+1","Inflame+1","True Grit","Dark Embrace+1","Fiend Fire","Whirlwind","Immolate","Power Through","Anger","Clash+1","Dropkick+1"],"special_seed":0,"relics":["Burning Blood","Happy Flower","War Paint","Paper Frog","Busted Crown","Darkstone Periapt","Potion Belt","Lantern","Pear","Girya","Tiny House"],"potions_floor_usage":[33,33,36,36,39],"damage_taken":[{"damage":9.0,"enemies":"Small Slimes","floor":1.0,"turns":5.0},{"damage":21.0,"enemies":"Jaw Worm","floor":4.0,"turns":5.0},{"damage":0.0,"enemies":"2 Louse","floor":5.0,"turns":3.0},{"damage":32.0,"enemies":"Gremlin Nob","floor":7.0,"turns":4.0},{"damage":15.0,"enemies":"Exordium Thugs","floor":8.0,"turns":4.0},{"damage":2.0,"enemies":"Lagavulin","floor":11.0,"turns":4.0},{"damage":0.0,"enemies":"Exordium Wildlife","floor":12.0,"turns":2.0},{"damage":17.0,"enemies":"3 Louse","floor":13.0,"turns":3.0},{"damage":13.0,"enemies":"Large Slime","floor":14.0,"turns":3.0},{"damage":11.0,"enemies":"Hexaghost","floor":16.0,"turns":5.0},{"damage":7.0,"enemies":"Chosen","floor":18.0,"turns":3.0},{"damage":43.0,"enemies":"Slavers","floor":23.0,"turns":5.0},{"damage":0.0,"enemies":"Spheric Guardian","floor":25.0,"turns":1.0},{"damage":40,"enemies":"Cultist and Chosen","floor":28,"turns":5},{"damage":0,"enemies":"Gremlin Leader","floor":29,"turns":3},{"damage":8,"enemies":"Collector","floor":33,"turns":4},{"damage":31,"enemies":"3 Shapes","floor":35,"turns":6},{"damage":2,"enemies":"Orb Walker","floor":36,"turns":3},{"damage":41,"enemies":"3 Darklings","floor":37,"turns":5},{"damage":5,"enemies":"Maw","floor":38,"turns":6},{"damage":19,"enemies":"Jaw Worm Horde","floor":39,"turns":3},{"damage":50,"enemies":"Nemesis","floor":41,"turns":3}],"seed_played":"7080041023471313384","potions_obtained":[{"floor":1.0,"key":"BloodPotion"},{"floor":4.0,"key":"FearPotion"},{"floor":7.0,"key":"Weak Potion"},{"floor":13.0,"key":"Energy Potion"},{"floor":18.0,"key":"GamblersBrew"},{"floor":28,"key":"SteroidPotion"},{"floor":33,"key":"BloodPotion"},{"floor":34,"key":"Block Potion"},{"floor":36,"key":"Ancient Potion"},{"floor":37,"key":"Energy Potion"},{"floor":38,"key":"Energy Potion"}],"is_trial":false,"path_per_floor":["M","?","?","M","M","R","E","M","T","R","E","M","M","M","R","B",null,"M","?","?","$","$","E","R","M","T","T","M","E","$","?","R","B",null,"M","M","M","M","M","R","E"],"character_chosen":"IRONCLAD","items_purchased":["Immolate","PowerPotion","FearPotion"],"campfire_rested":1,"item_purchase_floors":[21,30,30],"current_hp_per_floor":[72,72,77,62,68,68,50,41,41,41,45,51,40,33,33,28,72,71,71,71,71,71,34,34,40,40,50,16,22,22,22,51,49,90,65,79,44,45,32,32,0],"gold":213,"neow_bonus":"TEN_PERCENT_HP_BONUS","is_prod":false,"is_daily":false,"chose_seed":false,"campfire_upgraded":4,"win_rate":0,"timestamp":1556902997,"path_taken":["M","?","?","M","M","R","E","M","T","R","E","M","M","M","R","BOSS","M","?","?","?","$","E","R","M","T","?","?","E","$","?","R","BOSS","M","M","M","M","M","R","E"],"build_version":"2019-01-23","purchased_purges":2,"victory":false,"max_hp_per_floor":[82,82,87,87,87,87,87,87,87,87,87,87,87,87,87,87,87,87,87,87,87,87,87,87,87,87,97,97,97,97,97,97,97,102,102,102,102,102,102,102,102],"card_choices":[{"not_picked":["Pommel Strike","Rupture"],"picked":"Corruption","floor":1.0},{"not_picked":["Iron Wave","True Grit"],"picked":"Perfected Strike","floor":4.0},{"not_picked":["True Grit","Ghostly Armor"],"picked":"Shockwave","floor":5.0},{"not_picked":["Carnage","Body Slam"],"picked":"Bludgeon","floor":7.0},{"not_picked":["Headbutt","Thunderclap"],"picked":"Reckless Charge","floor":8.0},{"not_picked":["Brutality","Twin Strike"],"picked":"Anger","floor":11.0},{"not_picked":["Infernal Blade","Warcry"],"picked":"Inflame","floor":12.0},{"not_picked":["Heavy Blade","Shrug It Off"],"picked":"True Grit","floor":13.0},{"not_picked":["Cleave","Pommel Strike"],"picked":"Dark Embrace","floor":14.0},{"not_picked":["Juggernaut","Double Tap"],"picked":"Fiend Fire","floor":16.0},{"not_picked":["Rupture"],"picked":"SKIP","floor":18.0},{"not_picked":["Uppercut"],"picked":"SKIP","floor":23.0},{"not_picked":[],"picked":"Power Through","floor":25.0},{"not_picked":["Armaments"],"picked":"SKIP","floor":28},{"not_picked":["Headbutt"],"picked":"SKIP","floor":29},{"not_picked":[],"picked":"Anger","floor":34},{"not_picked":["Pommel Strike"],"picked":"SKIP","floor":35},{"not_picked":["Fire Breathing"],"picked":"SKIP","floor":36},{"not_picked":[],"picked":"Clash+1","floor":37},{"not_picked":[],"picked":"Dropkick+1","floor":38},{"not_picked":["Thunderclap+1"],"picked":"SKIP","floor":39}],"player_experience":4905128,"relics_obtained":[{"floor":7.0,"key":"Happy Flower"},{"floor":9.0,"key":"War Paint"},{"floor":11.0,"key":"Paper Frog"},{"floor":23.0,"key":"Potion Belt"},{"floor":26.0,"key":"Lantern"},{"floor":27.0,"key":"Pear"},{"floor":29,"key":"Girya"}],"event_choices":[{"damage_healed":0.0,"max_hp_gain":0.0,"max_hp_loss":0.0,"gold_gain":0.0,"event_name":"Liars Game","player_choice":"Ignored","floor":2.0,"gold_loss":0.0,"damage_taken":0.0},{"damage_healed":0.0,"max_hp_gain":5.0,"max_hp_loss":0.0,"gold_gain":0.0,"event_name":"Big Fish","player_choice":"Donut","floor":3.0,"gold_loss":0.0,"damage_taken":0.0},{"damage_healed":0.0,"max_hp_gain":0.0,"max_hp_loss":0.0,"gold_gain":0.0,"event_name":"Addict","player_choice":"Obtained Relic","floor":19.0,"gold_loss":85.0,"damage_taken":0.0,"relics_obtained":["Darkstone Periapt"]},{"damage_healed":0.0,"max_hp_gain":0.0,"max_hp_loss":0.0,"gold_gain":0.0,"event_name":"The Library","player_choice":"Read","floor":20.0,"gold_loss":0.0,"damage_taken":0.0,"cards_obtained":["Whirlwind"]},{"damage_healed":0,"gold_gain":0,"player_choice":"Simplicity","damage_taken":0,"max_hp_gain":0,"max_hp_loss":0,"event_name":"Back to Basics","floor":31,"gold_loss":0,"cards_upgraded":["Strike_R","Strike_R","Strike_R","Defend_R","Defend_R","Defend_R"]}],"is_beta":false,"boss_relics":[{"not_picked":["Fusion Hammer","Runic Cube"],"picked":"Busted Crown"},{"not_picked":["Pandora\u0027s Box","Orrery"],"picked":"Tiny House"}],"items_purged_floors":[21,22],"is_endless":false,"potions_floor_spawned":[1,4,5,7,13,18,28,33,36,37,38],"killed_by":"Nemesis","ascension_level":20}