{"gold_per_floor":[116,132,132,132,56,88,88,118,118,41,91,102,115,115,115,115],"floor_reached":16,"playtime":363,"items_purged":[],"score":240,"play_id":"fdb9ed1c-4784-45c9-9f4f-8381f647a1bb","local_time":"20190717003822","is_ascension_mode":true,"campfire_choices":[{"data":"Intimidate","floor":7,"key":"SMITH"},{"data":"Armaments","floor":15,"key":"SMITH"}],"neow_cost":"NONE","seed_source_timestamp":2198729752664083,"circlet_count":0,"master_deck":["AscendersBane","Strike_R","Strike_R","Strike_R","Strike_R","Strike_R","Defend_R","Defend_R","Defend_R","Defend_R","Bash+1","Feel No Pain","Warcry","Whirlwind","Intimidate+1","Shrug It Off","Armaments+1","True Grit","Infernal Blade"],"relics":["Burning Blood","NeowsBlessing","Lantern","Odd Mushroom","Self Forming Clay"],"potions_floor_usage":[16],"damage_taken":[{"damage":0,"enemies":"Cultist","floor":1,"turns":1},{"damage":0,"enemies":"Jaw Worm","floor":2,"turns":1},{"damage":0,"enemies":"Gremlin Nob","floor":6,"turns":1},{"damage":43,"enemies":"The Mushroom Lair","floor":8,"turns":5},{"damage":0,"enemies":"2 Louse","floor":12,"turns":1},{"damage":2,"enemies":"2 Fungi Beasts","floor":13,"turns":6},{"damage":72,"enemies":"Hexaghost","floor":16,"turns":14}],"seed_played":"6073288607068833101","potions_obtained":[{"floor":1,"key":"FairyPotion"},{"floor":8,"key":"PowerPotion"},{"floor":13,"key":"Regen Potion"}],"is_trial":false,"path_per_floor":["M","M","?","?","$","E","R","?","T","$","?","M","M","?","R","B"],"character_chosen":"IRONCLAD","items_purchased":["Whirlwind","Shrug It Off","Armaments"],"campfire_rested":0,"item_purchase_floors":[5,10,10],"current_hp_per_floor":[74,75,75,75,75,75,75,38,38,38,38,44,48,48,48,0],"gold":115,"neow_bonus":"THREE_ENEMY_KILL","is_prod":false,"is_daily":false,"chose_seed":false,"campfire_upgraded":2,"win_rate":0,"timestamp":1563316702,"path_taken":["M","M","?","?","$","E","R","?","T","$","?","M","?","?","R","BOSS"],"build_version":"2019-07-05","purchased_purges":0,"victory":false,"max_hp_per_floor":[75,75,75,75,75,75,75,75,75,75,75,75,75,75,75,75],"card_choices":[{"not_picked":["Cleave","Anger"],"picked":"Feel No Pain","floor":1},{"not_picked":["Wild Strike","Body Slam"],"picked":"Warcry","floor":2},{"not_picked":["Twin Strike","Spot Weakness"],"picked":"Intimidate","floor":6},{"not_picked":["Second Wind","Bludgeon"],"picked":"True Grit","floor":12},{"not_picked":["Iron Wave","Anger"],"picked":"Infernal Blade","floor":13}],"player_experience":457673,"relics_obtained":[{"floor":6,"key":"Lantern"},{"floor":8,"key":"Odd Mushroom"},{"floor":9,"key":"Self Forming Clay"}],"event_choices":[{"damage_healed":0,"gold_gain":0,"player_choice":"Grow","damage_taken":0,"max_hp_gain":0,"max_hp_loss":0,"event_name":"Living Wall","floor":3,"gold_loss":0,"cards_upgraded":["Bash"]},{"damage_healed":0,"gold_gain":0,"player_choice":"Leave","damage_taken":0,"max_hp_gain":0,"max_hp_loss":0,"event_name":"The Cleric","floor":4,"gold_loss":0},{"damage_healed":0,"gold_gain":0,"player_choice":"Fought Mushrooms","damage_taken":0,"max_hp_gain":0,"max_hp_loss":0,"event_name":"Mushrooms","floor":8,"gold_loss":0},{"damage_healed":0,"gold_gain":50,"player_choice":"Pray","damage_taken":0,"max_hp_gain":0,"max_hp_loss":0,"event_name":"Golden Shrine","floor":11,"gold_loss":0},{"damage_healed":0,"gold_gain":0,"player_choice":"Ignored","damage_taken":0,"max_hp_gain":0,"max_hp_loss":0,"event_name":"Liars Game","floor":14,"gold_loss":0}],"is_beta":false,"boss_relics":[],"items_purged_floors":[],"is_endless":false,"potions_floor_spawned":[1,8,13],"killed_by":"Hexaghost","ascension_level":19}