{"gold_per_floor":[116,41,41,53,67,67,98,98,98,109,140,140,140,159,159,254,254,268,268,5,5,23,50,50,84,107,126,161,180,211,211,211,290,290,306,319,338,42,52,83,83,117,162,180,198,233,233,253,253,253,253,253,253,40,68,68],"floor_reached":57,"playtime":3329,"items_purged":[],"score":2899,"play_id":"7d8a0098-c276-44bd-b316-a063fad2f94e","local_time":"20190522022451","is_ascension_mode":true,"campfire_choices":[{"data":"Choke","floor":6.0,"key":"SMITH"},{"data":"Blade Dance","floor":8.0,"key":"SMITH"},{"floor":13.0,"key":"REST"},{"data":"Terror","floor":15.0,"key":"SMITH"},{"floor":24.0,"key":"RECALL"},{"floor":32.0,"key":"REST"},{"floor":41.0,"key":"REST"},{"floor":49.0,"key":"REST"},{"floor":53.0,"key":"REST"}],"neow_cost":"NONE","seed_source_timestamp":278360196841400,"circlet_count":0,"master_deck":["AscendersBane","Defend_G+1","Defend_G+1","Defend_G+1","Defend_G+1","Defend_G+1","Strike_G+1","Strike_G+1","Strike_G+1","Strike_G+1","Survivor","Neutralize","Choke+1","Escape Plan","PiercingWail","Endless Agony","Blade Dance+1","Caltrops","Terror+1","Adrenaline","Infinite Blades","Blade Dance+1","PiercingWail","Caltrops+1","Malaise","Backstab+1","Malaise","Footwork","Bullet Time","Cloak And Dagger+1","Storm of Steel+1","Night Terror+1","After Image","Writhe","Backflip+1","Footwork","After Image"],"special_seed":0,"relics":["Ring of the Snake","Bird Faced Urn","Dead Branch","Bloody Idol","Fusion Hammer","Paper Crane","Vajra","Dream Catcher","Pear","Red Mask","Nloth\u0027s Gift","Eternal Feather","DollysMirror","Toxic Egg 2","Blue Candle","Strawberry","Bottled Tornado","ClockworkSouvenir","Orichalcum"],"potions_floor_usage":[56],"damage_taken":[{"damage":2.0,"enemies":"2 Louse","floor":1.0,"turns":4.0},{"damage":5.0,"enemies":"Small Slimes","floor":4.0,"turns":3.0},{"damage":18.0,"enemies":"Jaw Worm","floor":5.0,"turns":10.0},{"damage":3.0,"enemies":"Gremlin Nob","floor":7.0,"turns":3.0},{"damage":1.0,"enemies":"Exordium Wildlife","floor":10.0,"turns":3.0},{"damage":1.0,"enemies":"3 Sentries","floor":11.0,"turns":8.0},{"damage":0.0,"enemies":"3 Louse","floor":14.0,"turns":4.0},{"damage":2.0,"enemies":"Hexaghost","floor":16.0,"turns":7.0},{"damage":0.0,"enemies":"Spheric Guardian","floor":18.0,"turns":1.0},{"damage":2.0,"enemies":"3 Byrds","floor":22.0,"turns":2.0},{"damage":0.0,"enemies":"Gremlin Leader","floor":23.0,"turns":3.0},{"damage":12.0,"enemies":"Slavers","floor":25.0,"turns":2.0},{"damage":10.0,"enemies":"Snecko","floor":27.0,"turns":4.0},{"damage":1.0,"enemies":"Gremlin Leader","floor":28.0,"turns":5.0},{"damage":0.0,"enemies":"Snake Plant","floor":29.0,"turns":4.0},{"damage":4.0,"enemies":"Masked Bandits","floor":30.0,"turns":3.0},{"damage":42.0,"enemies":"Collector","floor":33.0,"turns":6.0},{"damage":27.0,"enemies":"3 Darklings","floor":35.0,"turns":5.0},{"damage":0.0,"enemies":"Orb Walker","floor":36.0,"turns":1.0},{"damage":8.0,"enemies":"Jaw Worm Horde","floor":37.0,"turns":3.0},{"damage":5.0,"enemies":"Writhing Mass","floor":39.0,"turns":5.0},{"damage":19.0,"enemies":"Nemesis","floor":40.0,"turns":5.0},{"damage":77.0,"enemies":"Giant Head","floor":42.0,"turns":9.0},{"damage":10.0,"enemies":"Transient","floor":44.0,"turns":6.0},{"damage":8.0,"enemies":"4 Shapes","floor":45.0,"turns":9.0},{"damage":32.0,"enemies":"Reptomancer","floor":46.0,"turns":10.0},{"damage":27.0,"enemies":"3 Darklings","floor":48.0,"turns":3.0},{"damage":8.0,"enemies":"Donu and Deca","floor":50.0,"turns":9.0},{"damage":48.0,"enemies":"Awakened One","floor":51.0,"turns":12.0},{"damage":56.0,"enemies":"Shield and Spear","floor":55.0,"turns":8.0},{"damage":57,"enemies":"The Heart","floor":56,"turns":11}],"seed_played":"-1877301433796094716","potions_obtained":[{"floor":1.0,"key":"GamblersBrew"},{"floor":5.0,"key":"Block Potion"},{"floor":11.0,"key":"SteroidPotion"},{"floor":23.0,"key":"Fire Potion"},{"floor":27.0,"key":"EssenceOfSteel"},{"floor":29.0,"key":"SteroidPotion"},{"floor":30.0,"key":"Energy Potion"},{"floor":39.0,"key":"Block Potion"},{"floor":40.0,"key":"Regen Potion"},{"floor":45.0,"key":"Energy Potion"},{"floor":55.0,"key":"FearPotion"}],"is_trial":false,"path_per_floor":["M","?","?","M","M","R","E","R","T","M","E","?","R","M","R","B",null,"M","?","$","?","M","E","R","E","T","M","E","M","?","?","R","B",null,"M","M","M","$","M","E","R","E","T","M","M","E","?","M","R","B","B",null,"R","$","E","B",null],"character_chosen":"THE_SILENT","items_purchased":["Paper Crane","DollysMirror","Footwork","ClockworkSouvenir"],"campfire_rested":5,"item_purchase_floors":[20,38,38,54],"current_hp_per_floor":[57,57,62,57,39,39,36,36,36,35,36,12,33,33,33,37,63,63,63,63,63,70,71,71,66,71,66,81,81,81,81,81,46,72,60,65,68,68,80,75,81,29,41,46,53,50,68,54,88,88,52,79,88,88,52,19],"gold":68,"neow_bonus":"THREE_CARDS","is_prod":false,"is_daily":false,"chose_seed":false,"campfire_upgraded":3,"win_rate":0,"timestamp":1558459491,"path_taken":["M","?","?","M","M","R","E","R","T","M","E","?","R","M","R","BOSS","M","?","$","?","M","E","R","E","T","M","E","M","?","?","R","BOSS","M","?","M","$","M","E","R","E","T","M","M","E","?","M","R","BOSS","BOSS","R","$","E","BOSS"],"build_version":"2019-01-23","purchased_purges":0,"victory":true,"max_hp_per_floor":[66,66,71,71,71,71,71,71,71,71,71,71,71,71,71,71,71,71,71,71,71,71,71,71,71,71,71,81,81,81,81,81,81,81,81,81,81,81,81,81,81,81,88,88,88,88,88,88,88,88,88,88,88,88,88,88],"card_choices":[{"not_picked":["Quick Slash","Setup"],"picked":"Choke","floor":0.0},{"not_picked":["Caltrops","Underhanded Strike"],"picked":"Escape Plan","floor":1.0},{"not_picked":["Acrobatics","Dodge and Roll"],"picked":"PiercingWail","floor":4.0},{"not_picked":["Prepared","Bane"],"picked":"Endless Agony","floor":5.0},{"not_picked":["Cloak And Dagger","Concentrate"],"picked":"Blade Dance","floor":7.0},{"not_picked":["Expertise","Heel Hook"],"picked":"Caltrops","floor":10.0},{"not_picked":["Caltrops","Prepared","Bane"],"picked":"SKIP","floor":11.0},{"not_picked":["Caltrops","Prepared","Bane"],"picked":"SKIP","floor":11.0},{"not_picked":["Outmaneuver","Acrobatics"],"picked":"Terror","floor":14.0},{"not_picked":["Doppelganger","Wraith Form v2"],"picked":"Adrenaline","floor":16.0},{"not_picked":["Bane+1","Caltrops+1"],"picked":"Infinite Blades","floor":18.0},{"not_picked":["Quick Slash","Deadly Poison"],"picked":"Blade Dance+1","floor":22.0},{"not_picked":["Expertise+1","Cloak And Dagger","A Thousand Cuts"],"picked":"SKIP","floor":23.0},{"not_picked":["Sucker Punch","Accuracy"],"picked":"PiercingWail","floor":25.0},{"not_picked":["PiercingWail","Deadly Poison","Dodge and Roll+1"],"picked":"SKIP","floor":27.0},{"not_picked":["Dagger Spray","Expertise","Blade Dance"],"picked":"SKIP","floor":28.0},{"not_picked":["Finisher","Underhanded Strike","Dagger Throw"],"picked":"SKIP","floor":29.0},{"not_picked":["Acrobatics","Blade Dance"],"picked":"Caltrops+1","floor":30.0},{"not_picked":["A Thousand Cuts","Wraith Form v2"],"picked":"Malaise","floor":33.0},{"not_picked":["Deflect","Flying Knee","Dagger Throw"],"picked":"SKIP","floor":35.0},{"not_picked":["Quick Slash","Dash"],"picked":"Backstab+1","floor":36.0},{"not_picked":["Acrobatics","Sucker Punch","Dagger Spray"],"picked":"SKIP","floor":37.0},{"not_picked":["Acrobatics","Sucker Punch","Dagger Spray"],"picked":"SKIP","floor":37.0},{"not_picked":["Deflect+1","Flying Knee"],"picked":"Bullet Time","floor":39.0},{"not_picked":["Phantasmal Killer","Deadly Poison"],"picked":"Cloak And Dagger+1","floor":40.0},{"not_picked":["Bane","Dagger Throw","Underhanded Strike+1"],"picked":"SKIP","floor":42.0},{"not_picked":["Acrobatics+1","Dodge and Roll+1"],"picked":"Storm of Steel+1","floor":44.0},{"not_picked":["Prepared+1","Dodge and Roll+1"],"picked":"Night Terror+1","floor":45.0},{"not_picked":["Deadly Poison+1","Footwork"],"picked":"After Image","floor":46.0},{"not_picked":["Slice+1","Acrobatics+1"],"picked":"Backflip+1","floor":48.0},{"not_picked":["Quick Slash","PiercingWail+1"],"picked":"Footwork","floor":49.0},{"not_picked":["Cloak And Dagger+1","Choke"],"picked":"After Image","floor":55.0}],"player_experience":5099586,"relics_obtained":[{"floor":7.0,"key":"Bird Faced Urn"},{"floor":9.0,"key":"Dead Branch"},{"floor":11.0,"key":"Darkstone Periapt"},{"floor":23.0,"key":"Vajra"},{"floor":25.0,"key":"Dream Catcher"},{"floor":28.0,"key":"Pear"},{"floor":30.0,"key":"Red Mask"},{"floor":40.0,"key":"Toxic Egg 2"},{"floor":42.0,"key":"Blue Candle"},{"floor":43.0,"key":"Strawberry"},{"floor":46.0,"key":"Bottled Tornado"},{"floor":55.0,"key":"Orichalcum"}],"event_choices":[{"cards_removed":["Strike_G"],"damage_healed":0.0,"max_hp_gain":0.0,"max_hp_loss":0.0,"gold_gain":0.0,"event_name":"The Cleric","player_choice":"Card Removal","floor":2.0,"gold_loss":75.0,"damage_taken":0.0},{"damage_healed":0.0,"max_hp_gain":5.0,"max_hp_loss":0.0,"gold_gain":0.0,"event_name":"Big Fish","player_choice":"Donut","floor":3.0,"gold_loss":0.0,"damage_taken":0.0},{"damage_healed":0.0,"max_hp_gain":0.0,"max_hp_loss":0.0,"gold_gain":0.0,"event_name":"Golden Idol","player_choice":"Take Damage","floor":12.0,"gold_loss":0.0,"damage_taken":24.0,"relics_obtained":["Golden Idol"]},{"damage_healed":0.0,"max_hp_gain":0.0,"max_hp_loss":0.0,"gold_gain":0.0,"event_name":"Forgotten Altar","player_choice":"Gave Idol","floor":19.0,"relics_lost":["Golden Idol"],"gold_loss":0.0,"damage_taken":0.0,"relics_obtained":["Bloody Idol"]},{"damage_healed":0.0,"max_hp_gain":0.0,"max_hp_loss":0.0,"gold_gain":0.0,"event_name":"Back to Basics","player_choice":"Simplicity","floor":21.0,"gold_loss":0.0,"damage_taken":0.0,"cards_upgraded":["Defend_G","Defend_G","Defend_G","Defend_G","Defend_G","Strike_G","Strike_G","Strike_G","Strike_G"]},{"damage_healed":0.0,"max_hp_gain":0.0,"max_hp_loss":0.0,"gold_gain":0.0,"event_name":"Masked Bandits","player_choice":"Fought Bandits","floor":30.0,"gold_loss":0.0,"damage_taken":0.0},{"damage_healed":0.0,"max_hp_gain":0.0,"max_hp_loss":0.0,"gold_gain":0.0,"event_name":"N\u0027loth","player_choice":"Traded Relic","floor":31.0,"relics_lost":["Darkstone Periapt"],"gold_loss":0.0,"damage_taken":0.0,"relics_obtained":["Nloth\u0027s Gift"]},{"damage_healed":18.0,"max_hp_gain":0.0,"max_hp_loss":0.0,"gold_gain":0.0,"event_name":"Winding Halls","player_choice":"Writhe","floor":47.0,"gold_loss":0.0,"damage_taken":0.0,"cards_obtained":["Writhe"]}],"is_beta":false,"boss_relics":[{"not_picked":["HoveringKite","Tiny House"],"picked":"Fusion Hammer"},{"not_picked":["Velvet Choker","Pandora\u0027s Box"],"picked":"Eternal Feather"}],"items_purged_floors":[],"is_endless":false,"potions_floor_spawned":[1,5,11,23,27,29,30,33,35,39,40,45,55],"ascension_level":20}