{"gold_per_floor":[116,116,129,149,172,172,211,211,238,238,279,279,204,228,228,321,321,241,241],"floor_reached":19,"playtime":548,"items_purged":["Strike_R"],"score":354,"play_id":"b8b0f526-277f-4667-bc35-2877caece389","local_time":"20190129145311","is_ascension_mode":true,"campfire_choices":[{"floor":6.0,"key":"REST"},{"floor":8.0,"key":"REST"},{"floor":12.0,"key":"REST"},{"data":"Whirlwind","floor":15.0,"key":"SMITH"}],"neow_cost":"NONE","seed_source_timestamp":12236707963388,"circlet_count":0,"master_deck":["AscendersBane","Strike_R","Strike_R","Strike_R","Defend_R","Defend_R","Defend_R","Defend_R","Bash","Whirlwind+1","Sword Boomerang","Pommel Strike","Corruption","Flame Barrier","Shrug It Off","Feel No Pain","Demon Form","Pommel Strike"],"special_seed":0,"relics":["Burning Blood","Golden Idol","Vajra","Ancient Tea Set","Red Skull","Shuriken","Ectoplasm"],"potions_floor_usage":[16],"damage_taken":[{"damage":11.0,"enemies":"Jaw Worm","floor":1.0,"turns":5.0},{"damage":12.0,"enemies":"Small Slimes","floor":3.0,"turns":5.0},{"damage":2.0,"enemies":"2 Louse","floor":4.0,"turns":2.0},{"damage":10.0,"enemies":"2 Fungi Beasts","floor":5.0,"turns":3.0},{"damage":32.0,"enemies":"Gremlin Nob","floor":7.0,"turns":4.0},{"damage":15.0,"enemies":"Lagavulin","floor":11.0,"turns":5.0},{"damage":0.0,"enemies":"Lots of Slimes","floor":14.0,"turns":1.0},{"damage":28,"enemies":"Slime Boss","floor":16,"turns":7},{"damage":36,"enemies":"2 Thieves","floor":18,"turns":3},{"damage":33,"enemies":"Masked Bandits","floor":19,"turns":2}],"seed_played":"3216256745654406281","potions_obtained":[{"floor":3.0,"key":"BloodPotion"},{"floor":4.0,"key":"Weak Potion"},{"floor":14.0,"key":"GamblersBrew"},{"floor":16,"key":"Regen Potion"}],"is_trial":false,"path_per_floor":["M","?","M","M","M","R","E","R","T","?","E","R","$","M","R","B",null,"M","?"],"character_chosen":"IRONCLAD","items_purchased":[],"campfire_rested":3,"item_purchase_floors":[],"current_hp_per_floor":[63,37,31,35,31,53,34,56,56,30,21,43,43,49,49,27,63,33,0],"gold":241,"neow_bonus":"REMOVE_CARD","is_prod":false,"is_daily":false,"chose_seed":false,"campfire_upgraded":1,"win_rate":0,"timestamp":1548773591,"path_taken":["M","?","M","M","M","R","E","R","T","?","E","R","$","M","R","BOSS","M","?"],"build_version":"2019-01-23","purchased_purges":1,"victory":false,"max_hp_per_floor":[75,75,75,75,75,75,75,75,75,75,75,75,75,75,75,75,75,75,75],"card_choices":[{"not_picked":["Heavy Blade","Clash"],"picked":"Whirlwind","floor":1.0},{"not_picked":["Reckless Charge","Havoc"],"picked":"Sword Boomerang","floor":3.0},{"not_picked":["Heavy Blade","Metallicize"],"picked":"Pommel Strike","floor":4.0},{"not_picked":["Iron Wave","Cleave"],"picked":"Corruption","floor":5.0},{"not_picked":["Sword Boomerang","Clash"],"picked":"Flame Barrier","floor":7.0},{"not_picked":["Searing Blow","Intimidate"],"picked":"Shrug It Off","floor":11.0},{"not_picked":["Sever Soul","Hemokinesis"],"picked":"Feel No Pain","floor":14.0},{"not_picked":["Feed","Dark Embrace"],"picked":"Demon Form","floor":16},{"not_picked":["Clothesline","Body Slam"],"picked":"Pommel Strike","floor":18}],"player_experience":1170600,"relics_obtained":[{"floor":7.0,"key":"Vajra"},{"floor":9.0,"key":"Ancient Tea Set"},{"floor":11.0,"key":"Shuriken"}],"event_choices":[{"damage_healed":0.0,"max_hp_gain":0.0,"max_hp_loss":0.0,"gold_gain":0.0,"event_name":"Golden Idol","player_choice":"Take Damage","floor":2.0,"gold_loss":0.0,"damage_taken":26.0,"relics_obtained":["Golden Idol"]},{"damage_healed":0.0,"max_hp_gain":0.0,"max_hp_loss":0.0,"gold_gain":0.0,"event_name":"Scrap Ooze","player_choice":"Success","floor":10.0,"gold_loss":0.0,"damage_taken":26.0,"relics_obtained":["Red Skull"]},{"damage_healed":0,"gold_gain":0,"player_choice":"Fought Bandits","damage_taken":0,"max_hp_gain":0,"max_hp_loss":0,"event_name":"Masked Bandits","floor":19,"gold_loss":0}],"is_beta":false,"boss_relics":[{"not_picked":["Pandora\u0027s Box","Runic Dome"],"picked":"Ectoplasm"}],"items_purged_floors":[13],"is_endless":false,"potions_floor_spawned":[3,4,14,16,18],"killed_by":"Masked Bandits","ascension_level":20}