{"gold_per_floor":[17,17,17,17,35,35,66,66,66,66,83,100,175,223,235,320,332,358,370,382,406,437,449,495,507,519,542,554,581,643,675,687,699],"floor_reached":33,"playtime":906,"items_purged":[],"score":530,"play_id":"6e3895cb-fff1-4e1d-abd0-bd3cfff6def2","local_time":"20190521221149","is_ascension_mode":true,"campfire_choices":[{"data":"Flying Knee","floor":6.0,"key":"SMITH"},{"floor":8.0,"key":"DIG"},{"floor":10.0,"key":"DIG"},{"floor":15.0,"key":"DIG"},{"floor":23.0,"key":"DIG"},{"floor":25.0,"key":"DIG"},{"floor":28.0,"key":"DIG"},{"floor":32,"key":"DIG"}],"neow_cost":"NO_GOLD","seed_source_timestamp":12287759640900,"circlet_count":0,"master_deck":["AscendersBane","Defend_G","Defend_G","Defend_G","Defend_G","Strike_G","Strike_G+1","Strike_G","Strike_G","Survivor","Neutralize+1","Dagger Spray+1","Flying Knee+1","Unload","Quick Slash+1","Terror","Tools of the Trade","Flechettes+1","Necronomicurse","Quick Slash+1","Endless Agony+1","Choke+1","Slice+1"],"special_seed":0,"relics":["Ring of the Snake","Shovel","Meat on the Bone","Molten Egg 2","MawBank","Whetstone","Sozu","Necronomicon","Bronze Scales","Centennial Puzzle","Dead Branch","Singing Bowl","Snake Skull","Shuriken"],"potions_floor_usage":[],"damage_taken":[{"damage":3.0,"enemies":"Cultist","floor":1.0,"turns":4.0},{"damage":4.0,"enemies":"Jaw Worm","floor":5.0,"turns":4.0},{"damage":37.0,"enemies":"3 Sentries","floor":7.0,"turns":10.0},{"damage":3.0,"enemies":"2 Louse","floor":11.0,"turns":3.0},{"damage":7.0,"enemies":"Large Slime","floor":12.0,"turns":5.0},{"damage":21.0,"enemies":"The Guardian","floor":16.0,"turns":11.0},{"damage":7.0,"enemies":"Chosen","floor":18.0,"turns":5.0},{"damage":0.0,"enemies":"3 Byrds","floor":21.0,"turns":3.0},{"damage":14.0,"enemies":"3 Cultists","floor":22.0,"turns":5.0},{"damage":14.0,"enemies":"Gremlin Leader","floor":24.0,"turns":6.0},{"damage":0.0,"enemies":"Snake Plant","floor":27.0,"turns":2.0},{"damage":11.0,"enemies":"Sentry and Sphere","floor":29.0,"turns":3.0},{"damage":22,"enemies":"Shelled Parasite and Fungi","floor":31,"turns":2},{"damage":64,"enemies":"Automaton","floor":33,"turns":6}],"seed_played":"3832595413091982845","potions_obtained":[{"floor":5.0,"key":"PowerPotion"},{"floor":12.0,"key":"SteroidPotion"},{"floor":16.0,"key":"PowerPotion"}],"is_trial":false,"path_per_floor":["M","?","?","?","M","R","E","R","T","R","M","M","?","T","R","B",null,"M","?","?","M","M","R","E","R","T","M","R","M","?","M","R","B"],"character_chosen":"THE_SILENT","items_purchased":[],"campfire_rested":0,"item_purchase_floors":[],"current_hp_per_floor":[56,56,61,61,57,57,20,20,20,20,29,34,23,23,23,14,57,50,30,9,21,19,19,17,17,17,31,31,32,32,24,24,0],"gold":699,"neow_bonus":"REMOVE_TWO","is_prod":false,"is_daily":false,"chose_seed":false,"campfire_upgraded":1,"win_rate":0,"timestamp":1558473109,"path_taken":["M","?","?","?","M","R","E","R","T","R","M","M","?","?","R","BOSS","M","?","?","M","M","R","E","R","T","M","R","M","?","M","R","BOSS"],"build_version":"2019-01-23","purchased_purges":0,"victory":false,"max_hp_per_floor":[66,66,71,71,71,71,71,71,71,71,71,71,71,71,71,71,71,71,76,76,76,76,76,76,76,76,78,78,78,78,80,80,80],"card_choices":[{"not_picked":["Crippling Poison","Sucker Punch"],"picked":"Dagger Spray","floor":1.0},{"not_picked":["Flechettes","PiercingWail"],"picked":"Flying Knee","floor":5.0},{"not_picked":["Sucker Punch","PiercingWail"],"picked":"Unload","floor":7.0},{"not_picked":["Bane+1","Deflect"],"picked":"Quick Slash+1","floor":11.0},{"not_picked":["Distraction","Night Terror"],"picked":"Terror","floor":12.0},{"not_picked":["Envenom","Venomology"],"picked":"Tools of the Trade","floor":16.0},{"not_picked":["Flying Knee+1","PiercingWail"],"picked":"Flechettes+1","floor":18.0},{"not_picked":["Calculated Gamble","Blade Dance"],"picked":"Quick Slash+1","floor":21.0},{"not_picked":["Flying Knee+1","Poisoned Stab+1"],"picked":"Endless Agony+1","floor":22.0},{"not_picked":["Deflect","Deadly Poison"],"picked":"Choke+1","floor":24.0},{"not_picked":["Skewer+1","Dodge and Roll","Deflect"],"picked":"Singing Bowl","floor":27.0},{"not_picked":["Escape Plan","Bullet Time"],"picked":"Slice+1","floor":29.0},{"not_picked":["Flechettes+1","Finisher+1","Cloak And Dagger"],"picked":"Singing Bowl","floor":31}],"player_experience":1375155,"relics_obtained":[{"floor":7.0,"key":"Shovel"},{"floor":8.0,"key":"Meat on the Bone"},{"floor":10.0,"key":"Molten Egg 2"},{"floor":14.0,"key":"MawBank"},{"floor":15.0,"key":"Whetstone"},{"floor":20.0,"key":"Necronomicon"},{"floor":23.0,"key":"Bronze Scales"},{"floor":24.0,"key":"Centennial Puzzle"},{"floor":25.0,"key":"Dead Branch"},{"floor":26.0,"key":"Singing Bowl"},{"floor":28.0,"key":"Snake Skull"},{"floor":32,"key":"Shuriken"}],"event_choices":[{"damage_healed":0.0,"max_hp_gain":0.0,"max_hp_loss":0.0,"gold_gain":0.0,"event_name":"Living Wall","player_choice":"Grow","floor":2.0,"gold_loss":0.0,"damage_taken":0.0,"cards_upgraded":["Neutralize"]},{"damage_healed":0.0,"max_hp_gain":5.0,"max_hp_loss":0.0,"gold_gain":0.0,"event_name":"Big Fish","player_choice":"Donut","floor":3.0,"gold_loss":0.0,"damage_taken":0.0},{"damage_healed":0.0,"max_hp_gain":0.0,"max_hp_loss":0.0,"gold_gain":0.0,"event_name":"The Cleric","player_choice":"Leave","floor":4.0,"gold_loss":0.0,"damage_taken":0.0},{"damage_healed":0.0,"max_hp_gain":0.0,"max_hp_loss":0.0,"gold_gain":75.0,"event_name":"World of Goop","player_choice":"Gather Gold","floor":13.0,"gold_loss":0.0,"damage_taken":11.0},{"damage_healed":0.0,"max_hp_gain":5.0,"max_hp_loss":0.0,"gold_gain":0.0,"event_name":"Forgotten Altar","player_choice":"Shed Blood","floor":19.0,"gold_loss":0.0,"damage_taken":25.0},{"damage_healed":0.0,"max_hp_gain":0.0,"max_hp_loss":0.0,"gold_gain":0.0,"event_name":"Cursed Tome","player_choice":"Obtained Book","floor":20.0,"gold_loss":0.0,"damage_taken":21.0},{"damage_healed":0.0,"max_hp_gain":0.0,"max_hp_loss":0.0,"gold_gain":50.0,"event_name":"Nest","player_choice":"Stole From Cult","floor":30.0,"gold_loss":0.0,"damage_taken":0.0}],"is_beta":false,"boss_relics":[{"not_picked":["Runic Dome","HoveringKite"],"picked":"Sozu"}],"items_purged_floors":[],"is_endless":false,"potions_floor_spawned":[5,12,16,24,27,31],"killed_by":"Automaton","ascension_level":20}