{"gold_per_floor":[111,126,126,143,160,187,187,215,239,8,8,37,37,55,55,151,151,134,145,160,172,172],"floor_reached":22,"playtime":2219,"items_purged":[],"score":239,"play_id":"832fabc2-14dd-40fb-9cea-2acace1e2d0a","local_time":"20181203231501","is_ascension_mode":true,"campfire_choices":[{"data":"Creative AI","floor":7.0,"key":"SMITH"},{"data":"Zap","floor":11,"key":"SMITH"},{"floor":13,"key":"REST"},{"data":"Dualcast","floor":15,"key":"SMITH"}],"neow_cost":"NONE","seed_source_timestamp":0,"circlet_count":0,"master_deck":["Strike_B","Strike_B","Strike_B","Strike_B","Defend_B","Defend_B","Defend_B","Defend_B","Zap+1","Dualcast+1","Gash","Conserve Battery","Gash","Go for the Eyes","Creative AI+1","Conserve Battery","FTL","Cold Snap","Self Repair","Echo Form","Go for the Eyes","Double Energy+1","Conserve Battery+1","All For One"],"special_seed":0,"relics":["Cracked Core","NeowsBlessing","CultistMask","PreservedInsect","Anchor","Smiling Mask","Art of War","Blood Vial","Nuclear Battery"],"potions_floor_usage":[21,21],"damage_taken":[{"damage":0.0,"enemies":"Cultist","floor":1.0,"turns":1.0},{"damage":0.0,"enemies":"Jaw Worm","floor":2.0,"turns":1.0},{"damage":0.0,"enemies":"Small Slimes","floor":4.0,"turns":1.0},{"damage":3.0,"enemies":"Blue Slaver","floor":5.0,"turns":2.0},{"damage":25.0,"enemies":"Gremlin Nob","floor":6.0,"turns":4.0},{"damage":23.0,"enemies":"Lagavulin","floor":8.0,"turns":6.0},{"damage":16,"enemies":"Gremlin Nob","floor":12,"turns":4},{"damage":0,"enemies":"Lots of Slimes","floor":14,"turns":4},{"damage":21,"enemies":"The Guardian","floor":16,"turns":11},{"damage":15,"enemies":"2 Thieves","floor":18,"turns":4},{"damage":16,"enemies":"Spheric Guardian","floor":19,"turns":4},{"damage":26,"enemies":"3 Cultists","floor":20,"turns":5},{"damage":31,"enemies":"Snake Plant","floor":21,"turns":7},{"damage":32,"enemies":"Cultist and Chosen","floor":22,"turns":4}],"seed_played":"-3853847707037803403","potions_obtained":[{"floor":2.0,"key":"Fire Potion"},{"floor":4.0,"key":"SteroidPotion"},{"floor":5.0,"key":"Strength Potion"},{"floor":16,"key":"FocusPotion"},{"floor":18,"key":"PowerPotion"},{"floor":19,"key":"Poison Potion"},{"floor":20,"key":"Weak Potion"}],"is_trial":false,"path_per_floor":["M","M","?","M","M","E","R","E","T","$","R","E","R","M","R","B",null,"M","M","M","M","M"],"character_chosen":"DEFECT","items_purchased":["FTL","Art of War","Cold Snap"],"campfire_rested":1,"item_purchase_floors":[10,10,10],"current_hp_per_floor":[75,75,75,75,72,47,47,24,24,24,24,8,30,39,39,27,75,74,66,49,27,0],"gold":172,"neow_bonus":"THREE_ENEMY_KILL","is_prod":false,"is_daily":false,"chose_seed":false,"campfire_upgraded":3,"win_rate":0,"timestamp":1543907701,"path_taken":["M","?","?","M","?","E","R","E","T","$","R","E","R","M","R","BOSS","M","M","?","M","?"],"build_version":"2018-11-15","purchased_purges":0,"victory":false,"max_hp_per_floor":[75,75,75,75,75,75,75,75,75,75,75,75,75,75,75,75,75,75,75,75,75,75],"card_choices":[{"not_picked":["Beam Cell","Chaos"],"picked":"Gash","floor":1.0},{"not_picked":["Compile Driver","Coolheaded"],"picked":"Conserve Battery","floor":2.0},{"not_picked":["Cold Snap","Steam"],"picked":"Gash","floor":4.0},{"not_picked":["Melter","Sweeping Beam"],"picked":"Go for the Eyes","floor":5.0},{"not_picked":["Hyperbeam","Chill"],"picked":"Creative AI","floor":6.0},{"not_picked":["Turbo","Beam Cell"],"picked":"Conserve Battery","floor":8.0},{"not_picked":["Turbo","Blizzard"],"picked":"Self Repair","floor":12},{"not_picked":["Barrage","Turbo","Static Discharge"],"picked":"SKIP","floor":14},{"not_picked":["Reboot","Hyperbeam"],"picked":"Echo Form","floor":16},{"not_picked":["Beam Cell","Heatsinks"],"picked":"Go for the Eyes","floor":18},{"not_picked":["Streamline+1","Sweeping Beam"],"picked":"Double Energy+1","floor":19},{"not_picked":["Turbo","Sweeping Beam+1"],"picked":"Conserve Battery+1","floor":20},{"not_picked":["Barrage","Cold Snap"],"picked":"All For One","floor":21}],"player_experience":297512,"relics_obtained":[{"floor":6.0,"key":"PreservedInsect"},{"floor":8.0,"key":"Anchor"},{"floor":9.0,"key":"Smiling Mask"},{"floor":12,"key":"Blood Vial"}],"event_choices":[{"damage_healed":0.0,"max_hp_gain":0.0,"max_hp_loss":0.0,"gold_gain":0.0,"event_name":"FaceTrader","player_choice":"Trade","floor":3.0,"gold_loss":0.0,"damage_taken":0.0,"relics_obtained":["CultistMask"]}],"is_beta":true,"boss_relics":[{"not_picked":["Philosopher\u0027s Stone","Tiny House"],"picked":"Nuclear Battery"}],"items_purged_floors":[],"is_endless":false,"potions_floor_spawned":[2,4,5,16,18,19,20],"killed_by":"Cultist and Chosen","ascension_level":3}