{"gold_per_floor":[114,41,41,216,235,263,223,223,248,259,275,102,112,137,137,236,286,296,310,310,341,341,368,368,384,384,384,396,596,596,119,119,119],"floor_reached":33,"playtime":1771,"items_purged":["Regret","Doubt"],"score":421,"play_id":"abd243c8-edcd-46b3-a89d-ce702c41545d","local_time":"20190307105548","is_ascension_mode":true,"campfire_choices":[{"data":"Neutralize","floor":8.0,"key":"SMITH"},{"floor":15.0,"key":"REST"},{"floor":24.0,"key":"REST"},{"data":"Doppelganger","floor":27,"key":"SMITH"},{"floor":30,"key":"REST"},{"data":"Footwork","floor":32,"key":"SMITH"}],"neow_cost":"NONE","seed_source_timestamp":53789334444676,"circlet_count":0,"master_deck":["Defend_G","Defend_G+1","Defend_G","Defend_G","Defend_G","Strike_G","Strike_G","Strike_G","Strike_G","Strike_G","Survivor","Neutralize+1","Dagger Throw","Dash","Prepared","Die Die Die","Blade Dance","Blade Dance","Dagger Spray","Cloak And Dagger","Doppelganger+1","Backstab","Footwork+1"],"special_seed":0,"relics":["Ring of the Snake","Orichalcum","Shuriken","Snake Skull","Boot","StoneCalendar","Tiny House","Red Mask","Bag of Preparation","WingedGreaves","Oddly Smooth Stone","Sling"],"potions_floor_usage":[],"damage_taken":[{"damage":3.0,"enemies":"Jaw Worm","floor":1.0,"turns":4.0},{"damage":2.0,"enemies":"2 Louse","floor":5.0,"turns":4.0},{"damage":38.0,"enemies":"Lagavulin","floor":6.0,"turns":8.0},{"damage":2.0,"enemies":"Cultist","floor":10.0,"turns":3.0},{"damage":4.0,"enemies":"Looter","floor":11.0,"turns":3.0},{"damage":1.0,"enemies":"Blue Slaver","floor":13.0,"turns":4.0},{"damage":5.0,"enemies":"Gremlin Nob","floor":14.0,"turns":3.0},{"damage":14.0,"enemies":"Hexaghost","floor":16.0,"turns":8.0},{"damage":0.0,"enemies":"3 Byrds","floor":18.0,"turns":3.0},{"damage":3.0,"enemies":"Spheric Guardian","floor":19.0,"turns":3.0},{"damage":22.0,"enemies":"Masked Bandits","floor":21.0,"turns":4.0},{"damage":17.0,"enemies":"Slavers","floor":23.0,"turns":5.0},{"damage":24,"enemies":"3 Cultists","floor":25,"turns":5},{"damage":5,"enemies":"Chosen and Byrds","floor":28,"turns":6},{"damage":38,"enemies":"Champ","floor":33,"turns":9}],"seed_played":"2018428633667751915","potions_obtained":[{"floor":7.0,"key":"EssenceOfSteel"},{"floor":7.0,"key":"SneckoOil"},{"floor":7.0,"key":"Ancient Potion"},{"floor":10.0,"key":"Weak Potion"},{"floor":11.0,"key":"Strength Potion"},{"floor":17.0,"key":"AttackPotion"},{"floor":18.0,"key":"SneckoOil"},{"floor":19.0,"key":"PowerPotion"},{"floor":21.0,"key":"Weak Potion"},{"floor":22.0,"key":"Fruit Juice"},{"floor":22.0,"key":"Energy Potion"}],"is_trial":false,"path_per_floor":["M","$","?","?","M","E","?","R","T","M","M","$","M","E","R","B",null,"M","M","?","?","?","E","R","M","T","R","M","?","R","$","R","B"],"character_chosen":"THE_SILENT","items_purchased":["Dash","Dagger Spray","Cloak And Dagger","Oddly Smooth Stone","Sling","Footwork"],"campfire_rested":3,"item_purchase_floors":[2,12,12,31,31,31],"current_hp_per_floor":[60,60,60,60,58,20,20,20,20,18,14,14,13,8,29,15,61,61,58,44,22,27,10,35,11,11,11,6,6,31,31,31,0],"gold":119,"neow_bonus":"RANDOM_COMMON_RELIC","is_prod":false,"is_daily":false,"chose_seed":false,"campfire_upgraded":3,"win_rate":0,"timestamp":1551984948,"path_taken":["M","$","?","?","M","E","?","R","T","?","M","$","M","E","R","BOSS","M","M","?","?","?","E","R","M","T","R","?","?","R","$","R","BOSS"],"build_version":"2019-01-23","purchased_purges":2,"victory":false,"max_hp_per_floor":[70,70,70,70,70,70,70,70,70,70,70,70,70,70,70,70,75,75,75,80,80,85,85,85,85,85,85,85,85,85,85,85,85],"card_choices":[{"not_picked":["Underhanded Strike","Noxious Fumes"],"picked":"Dagger Throw","floor":1.0},{"not_picked":["Tactician","Deadly Poison"],"picked":"Prepared","floor":5.0},{"not_picked":["Flying Knee","Predator"],"picked":"Die Die Die","floor":6.0},{"not_picked":["Poisoned Stab","Backflip"],"picked":"Blade Dance","floor":10.0},{"not_picked":["Calculated Gamble","Flechettes"],"picked":"Blade Dance","floor":11.0},{"not_picked":["Dodge and Roll","Grand Finale","Distraction"],"picked":"SKIP","floor":13.0},{"not_picked":["Endless Agony","Blur","Masterful Stab"],"picked":"SKIP","floor":14.0},{"not_picked":["Envenom","Malaise"],"picked":"Doppelganger","floor":16.0},{"not_picked":["Underhanded Strike","Dagger Spray","Quick Slash"],"picked":"SKIP","floor":18.0},{"not_picked":["All Out Attack+1","PiercingWail","Sucker Punch"],"picked":"SKIP","floor":19.0},{"not_picked":["Glass Knife","Underhanded Strike","Well Laid Plans"],"picked":"SKIP","floor":23.0},{"not_picked":["Well Laid Plans","Catalyst","Quick Slash"],"picked":"SKIP","floor":25},{"not_picked":["Riddle With Holes+1","Dodge and Roll"],"picked":"Backstab","floor":28}],"player_experience":423882,"relics_obtained":[{"floor":6.0,"key":"Snake Skull"},{"floor":9.0,"key":"Boot"},{"floor":14.0,"key":"StoneCalendar"},{"floor":21.0,"key":"Red Mask"},{"floor":23.0,"key":"Bag of Preparation"},{"floor":26,"key":"WingedGreaves"}],"event_choices":[{"damage_healed":0.0,"max_hp_gain":0.0,"max_hp_loss":0.0,"gold_gain":0.0,"event_name":"Big Fish","player_choice":"Box","floor":3.0,"gold_loss":0.0,"damage_taken":0.0,"relics_obtained":["Shuriken"],"cards_obtained":["Regret"]},{"damage_healed":0.0,"max_hp_gain":0.0,"max_hp_loss":0.0,"gold_gain":175.0,"event_name":"Liars Game","player_choice":"AGREE","floor":4.0,"gold_loss":0.0,"damage_taken":0.0,"cards_obtained":["Doubt"]},{"damage_healed":0.0,"max_hp_gain":0.0,"max_hp_loss":0.0,"gold_gain":0.0,"event_name":"The Woman in Blue","player_choice":"Bought 3 Potions","floor":7.0,"gold_loss":0.0,"damage_taken":0.0},{"damage_healed":0.0,"max_hp_gain":5.0,"max_hp_loss":0.0,"gold_gain":0.0,"event_name":"Forgotten Altar","player_choice":"Shed Blood","floor":20.0,"gold_loss":0.0,"damage_taken":19.0},{"damage_healed":0.0,"max_hp_gain":0.0,"max_hp_loss":0.0,"gold_gain":0.0,"event_name":"Masked Bandits","player_choice":"Fought Bandits","floor":21.0,"gold_loss":0.0,"damage_taken":0.0},{"damage_healed":0.0,"max_hp_gain":0.0,"max_hp_loss":0.0,"gold_gain":0.0,"event_name":"Lab","player_choice":"Got Potions","floor":22.0,"gold_loss":0.0,"damage_taken":0.0},{"damage_healed":0,"gold_gain":250,"player_choice":"Bet on Owner","damage_taken":0,"max_hp_gain":0,"max_hp_loss":0,"event_name":"The Joust","floor":29,"gold_loss":50}],"is_beta":false,"boss_relics":[{"not_picked":["Busted Crown","Empty Cage"],"picked":"Tiny House"}],"items_purged_floors":[12,31],"is_endless":false,"potions_floor_spawned":[10,11,13,18,19,21],"killed_by":"Champ","ascension_level":9}