{"gold_per_floor":[117,117,117,134,134,163,173,173,173,173,51,51,77,91,91,191,191,204,204,221,221,233,233,296,296,296,310,330,346,361,377,377,472,472,488,488,504,504,14,14,41,41,41,41,41],"floor_reached":45,"playtime":2581,"items_purged":["Defend_B"],"score":647,"play_id":"e9b700b6-4df2-40ca-8fc9-b166932e5060","local_time":"20190501203747","is_ascension_mode":true,"campfire_choices":[{"data":"Dualcast","floor":10.0,"key":"SMITH"},{"data":"Coolheaded","floor":12.0,"key":"SMITH"},{"data":"Biased Cognition","floor":15.0,"key":"SMITH"},{"data":"Reinforced Body","floor":23,"key":"SMITH"},{"data":"Ball Lightning","floor":25,"key":"SMITH"},{"floor":32,"key":"REST"},{"data":"Electrodynamics","floor":40,"key":"SMITH"},{"data":"Conserve Battery","floor":42,"key":"SMITH"},{"data":"Cold Snap","floor":44,"key":"SMITH"}],"neow_cost":"NONE","seed_source_timestamp":0,"circlet_count":0,"master_deck":["Strike_B","Strike_B","Strike_B","Defend_B","Defend_B+1","Defend_B","Zap+1","Dualcast+1","Rip and Tear+1","Sweeping Beam","Conserve Battery+1","Coolheaded+1","Streamline","Biased Cognition+1","Thunder Strike","Reinforced Body+1","White Noise+1","Hello World+1","Ball Lightning+1","Cold Snap+1","Electrodynamics+1","Defragment+1","Cold Snap"],"special_seed":0,"relics":["FrozenCore","NeowsBlessing","Happy Flower","Bag of Preparation","Dodecahedron","Torii","Tiny Chest","Bronze Scales","Inserter","PreservedInsect","Blood Vial","Chemical X","Singing Bowl","Pantograph"],"potions_floor_usage":[24,29,33,33,35],"damage_taken":[{"damage":0.0,"enemies":"Jaw Worm","floor":1.0,"turns":1.0},{"damage":0.0,"enemies":"Small Slimes","floor":4.0,"turns":1.0},{"damage":0.0,"enemies":"Lagavulin","floor":6.0,"turns":1.0},{"damage":0.0,"enemies":"2 Louse","floor":7.0,"turns":1.0},{"damage":17.0,"enemies":"Gremlin Nob","floor":13.0,"turns":4.0},{"damage":1.0,"enemies":"Red Slaver","floor":14.0,"turns":2.0},{"damage":6.0,"enemies":"Hexaghost","floor":16.0,"turns":9.0},{"damage":0.0,"enemies":"Spheric Guardian","floor":18.0,"turns":3.0},{"damage":0,"enemies":"Shell Parasite","floor":20,"turns":5},{"damage":1,"enemies":"Centurion and Healer","floor":22,"turns":7},{"damage":34,"enemies":"Gremlin Leader","floor":24,"turns":5},{"damage":6,"enemies":"3 Cultists","floor":27,"turns":4},{"damage":0,"enemies":"Sentry and Sphere","floor":28,"turns":4},{"damage":2,"enemies":"Centurion and Healer","floor":29,"turns":6},{"damage":7,"enemies":"Chosen and Byrds","floor":30,"turns":4},{"damage":6,"enemies":"Shelled Parasite and Fungi","floor":31,"turns":4},{"damage":1,"enemies":"Champ","floor":33,"turns":9},{"damage":1,"enemies":"3 Darklings","floor":35,"turns":4},{"damage":7,"enemies":"Orb Walker","floor":37,"turns":3},{"damage":22,"enemies":"Nemesis","floor":41,"turns":8},{"damage":51,"enemies":"Giant Head","floor":45,"turns":9}],"seed_played":"9042050890043626113","potions_obtained":[{"floor":6.0,"key":"FocusPotion"},{"floor":13.0,"key":"Regen Potion"},{"floor":16.0,"key":"PowerPotion"},{"floor":21,"key":"FearPotion"},{"floor":24,"key":"Swift Potion"},{"floor":29,"key":"Ancient Potion"},{"floor":30,"key":"Block Potion"},{"floor":35,"key":"Explosive Potion"},{"floor":37,"key":"Dexterity Potion"}],"is_trial":false,"path_per_floor":["M","?","?","M","?","E","M","?","T","R","$","R","E","M","R","B",null,"M","?","M","?","M","R","E","R","T","M","M","M","M","M","R","B",null,"M","?","M","?","$","R","E","R","T","R","E"],"character_chosen":"DEFECT","items_purchased":["Coolheaded","PreservedInsect","Blood Vial","Chemical X"],"campfire_rested":1,"item_purchase_floors":[11,39,39,39],"current_hp_per_floor":[68,73,61,61,45,45,45,45,45,45,45,45,28,27,27,36,69,69,69,69,69,68,68,34,34,34,28,28,26,19,13,37,36,69,68,68,61,61,61,61,43,43,43,43,0],"gold":41,"neow_bonus":"THREE_ENEMY_KILL","is_prod":false,"is_daily":false,"chose_seed":false,"campfire_upgraded":8,"win_rate":0,"timestamp":1556768267,"path_taken":["M","?","?","?","?","E","M","?","T","R","$","R","E","?","R","BOSS","M","?","?","?","M","R","E","R","T","?","M","M","M","M","R","BOSS","M","?","M","?","$","R","E","R","T","R","E"],"build_version":"2019-01-23","purchased_purges":1,"victory":false,"max_hp_per_floor":[75,80,80,80,80,80,80,80,80,80,80,80,80,80,80,80,80,80,80,80,80,80,80,80,80,80,80,80,80,80,80,80,80,80,80,80,80,76,76,76,78,78,78,78,78],"card_choices":[{"not_picked":["Turbo","Rebound"],"picked":"Rip and Tear","floor":1.0},{"not_picked":["Ball Lightning","Static Discharge"],"picked":"Sweeping Beam","floor":4.0},{"not_picked":["Lockon","Steam","Stack"],"picked":"SKIP","floor":6.0},{"not_picked":["Capacitor","Gash"],"picked":"Conserve Battery","floor":7.0},{"not_picked":["Coolheaded","Compile Driver"],"picked":"Streamline","floor":13.0},{"not_picked":["Hologram","Barrage"],"picked":"Biased Cognition","floor":14.0},{"not_picked":["Electrodynamics","Meteor Strike"],"picked":"Thunder Strike","floor":16.0},{"not_picked":["Streamline","Scrape"],"picked":"Reinforced Body","floor":18.0},{"not_picked":["Stack","Beam Cell"],"picked":"White Noise+1","floor":20},{"not_picked":["Coolheaded+1","Steam Power+1"],"picked":"Hello World+1","floor":22},{"not_picked":["Beam Cell","Hologram+1"],"picked":"Ball Lightning","floor":24},{"not_picked":["Go for the Eyes","Streamline","Leap+1"],"picked":"SKIP","floor":27},{"not_picked":["Reinforced Body","Turbo"],"picked":"Cold Snap","floor":28},{"not_picked":["Turbo","Darkness+1","Beam Cell+1"],"picked":"SKIP","floor":29},{"not_picked":["Recycle","Beam Cell","Steam Power"],"picked":"SKIP","floor":30},{"not_picked":["Machine Learning","Hologram","Compile Driver"],"picked":"SKIP","floor":31},{"not_picked":["Biased Cognition","Multi-Cast"],"picked":"Electrodynamics","floor":33},{"not_picked":["Sweeping Beam","Barrage"],"picked":"Defragment+1","floor":35},{"not_picked":["Hologram+1","Compile Driver"],"picked":"Cold Snap","floor":37},{"not_picked":["Hello World+1","Compile Driver+1","Streamline"],"picked":"Singing Bowl","floor":41}],"player_experience":494910,"relics_obtained":[{"floor":6.0,"key":"Bag of Preparation"},{"floor":9.0,"key":"Dodecahedron"},{"floor":13.0,"key":"Torii"},{"floor":24,"key":"Tiny Chest"},{"floor":26,"key":"Bronze Scales"},{"floor":41,"key":"Singing Bowl"},{"floor":43,"key":"Pantograph"}],"event_choices":[{"damage_healed":0.0,"max_hp_gain":5.0,"max_hp_loss":0.0,"gold_gain":0.0,"event_name":"Big Fish","player_choice":"Donut","floor":2.0,"gold_loss":0.0,"damage_taken":0.0},{"damage_healed":0.0,"max_hp_gain":0.0,"max_hp_loss":0.0,"gold_gain":0.0,"event_name":"Scrap Ooze","player_choice":"Success","floor":3.0,"gold_loss":0.0,"damage_taken":12.0,"relics_obtained":["Happy Flower"]},{"damage_healed":0.0,"max_hp_gain":0.0,"max_hp_loss":0.0,"gold_gain":0.0,"event_name":"Shining Light","player_choice":"Entered Light","floor":5.0,"gold_loss":0.0,"damage_taken":16.0,"cards_upgraded":["Defend_B","Rip and Tear"]},{"damage_healed":0.0,"max_hp_gain":0.0,"max_hp_loss":0.0,"gold_gain":0.0,"event_name":"Accursed Blacksmith","player_choice":"Forge","floor":8.0,"gold_loss":0.0,"damage_taken":0.0,"cards_upgraded":["Zap"]},{"cards_removed":["Strike_B"],"damage_healed":0,"gold_gain":0,"player_choice":"Purged","damage_taken":0,"max_hp_gain":0,"max_hp_loss":0,"event_name":"Purifier","floor":19,"gold_loss":0},{"damage_healed":0,"gold_gain":0,"player_choice":"Got Potions","damage_taken":0,"max_hp_gain":0,"max_hp_loss":0,"event_name":"Lab","floor":21,"gold_loss":0},{"damage_healed":0,"gold_gain":0,"player_choice":"Ignored","damage_taken":0,"max_hp_gain":0,"max_hp_loss":0,"event_name":"Tomb of Lord Red Mask","floor":36,"gold_loss":0},{"damage_healed":0,"gold_gain":0,"player_choice":"Max HP","damage_taken":0,"max_hp_gain":0,"max_hp_loss":4,"event_name":"Winding Halls","floor":38,"gold_loss":0}],"is_beta":false,"boss_relics":[{"not_picked":["Runic Dome","Busted Crown"],"picked":"FrozenCore"},{"not_picked":["Velvet Choker","Eternal Feather"],"picked":"Inserter"}],"items_purged_floors":[11],"is_endless":false,"potions_floor_spawned":[6,13,16,24,27,29,30,31,35,37],"killed_by":"Giant Head","ascension_level":6}