{"gold_per_floor":[111,129,129,129,141,173,173,38,84,259,273,17,29,29],"floor_reached":14,"playtime":1042,"items_purged":["Doubt"],"score":90,"play_id":"9774747c-37e2-44b4-b058-0066d240d0ac","local_time":"20181027181720","is_ascension_mode":false,"campfire_choices":[{"data":"Defragment","floor":7,"key":"SMITH"}],"neow_cost":"NONE","seed_source_timestamp":167411251653518,"circlet_count":0,"master_deck":["Strike_B","Strike_B","Strike_B","Strike_B","Defend_B","Defend_B","Defend_B","Defend_B","Zap","Dualcast","Reprogram","Defragment+1","Regret","Blizzard","All For One","Coolheaded","Loop","Loop","Storm","Double Energy"],"relics":["Cracked Core","Oddly Smooth Stone","The Courier","Ornamental Fan","Dream Catcher","Pantograph"],"potions_floor_usage":[6],"damage_taken":[{"damage":1,"enemies":"2 Louse","floor":1,"turns":4},{"damage":0,"enemies":"Small Slimes","floor":2,"turns":4},{"damage":2,"enemies":"Cultist","floor":5,"turns":3},{"damage":19,"enemies":"Lagavulin","floor":6,"turns":8},{"damage":1,"enemies":"3 Louse","floor":11,"turns":4},{"damage":8,"enemies":"Exordium Wildlife","floor":13,"turns":3},{"damage":56,"enemies":"Gremlin Nob","floor":14,"turns":4}],"seed_played":"-6334076161310099412","potions_obtained":[{"floor":5,"key":"Block Potion"},{"floor":6,"key":"SteroidPotion"}],"is_trial":false,"path_per_floor":["M","M","?","?","M","E","R","$","T","?","M","$","M"],"character_chosen":"DEFECT","items_purchased":["Coolheaded","Loop","Loop","Pantograph"],"campfire_rested":0,"item_purchase_floors":[8,8,8,12],"current_hp_per_floor":[81,81,81,78,76,57,57,57,57,57,56,56,48,0],"gold":29,"neow_bonus":"TEN_PERCENT_HP_BONUS","is_prod":false,"is_daily":false,"chose_seed":false,"campfire_upgraded":1,"win_rate":0.0,"timestamp":1540689440,"path_taken":["M","M","?","?","?","E","R","$","T","?","M","?","M","E"],"build_version":"2018-10-25v2","purchased_purges":1,"victory":false,"max_hp_per_floor":[82,82,82,82,82,82,82,82,82,82,82,82,82,82],"card_choices":[{"not_picked":["Coolheaded","Conserve Battery"],"picked":"Reprogram","floor":1},{"not_picked":["Coolheaded","Leap"],"picked":"Defragment","floor":2},{"not_picked":["Gash","Beam Cell"],"picked":"Blizzard","floor":5},{"not_picked":["Ball Lightning","Fusion"],"picked":"All For One","floor":6},{"not_picked":["Reprogram","Rebound"],"picked":"Storm","floor":11},{"not_picked":["Lockon","Sweeping Beam"],"picked":"Double Energy","floor":13}],"player_experience":158988,"relics_obtained":[{"floor":6,"key":"Ornamental Fan"},{"floor":9,"key":"Dream Catcher"}],"event_choices":[{"damage_healed":0,"gold_gain":0,"player_choice":"Box","damage_taken":0,"relics_obtained":["Oddly Smooth Stone"],"max_hp_gain":0,"max_hp_loss":0,"event_name":"Big Fish","floor":3,"gold_loss":0,"cards_obtained":["Regret"]},{"damage_healed":0,"gold_gain":0,"player_choice":"Success","damage_taken":3,"relics_obtained":["The Courier"],"max_hp_gain":0,"max_hp_loss":0,"event_name":"Scrap Ooze","floor":4,"gold_loss":0},{"damage_healed":0,"gold_gain":175,"player_choice":"AGREE","damage_taken":0,"max_hp_gain":0,"max_hp_loss":0,"event_name":"Liars Game","floor":10,"gold_loss":0,"cards_obtained":["Doubt"]}],"is_beta":false,"boss_relics":[],"items_purged_floors":[12],"is_endless":false,"potions_floor_spawned":[5,6],"killed_by":"Gremlin Nob","ascension_level":0}