{"gold_per_floor":[116,67,85,85,97,130,130,158,183,508,508,542,554,587,587,692,692,710,809,809,824,842,870,870,904,952,952,970,1000,1000,1019,1019,1122,1122,1132,1150,82,99,113,147,147,0,24,39,39,39,71,71,71,71],"floor_reached":51,"playtime":3131,"items_purged":["Decay"],"score":1094,"play_id":"ef6723c9-06e6-4c07-b7c8-1be1867d5983","local_time":"20190430110722","is_ascension_mode":true,"campfire_choices":[{"data":"Dualcast","floor":7.0,"key":"SMITH"},{"data":"Fission","floor":11.0,"key":"SMITH"},{"data":"Echo Form","floor":15.0,"key":"SMITH"},{"data":"Blizzard","floor":24,"key":"SMITH"},{"data":"Reboot","floor":27,"key":"SMITH"},{"floor":32,"key":"REST"},{"data":"Defragment","floor":45,"key":"SMITH"},{"data":"Cold Snap","floor":49,"key":"SMITH"}],"neow_cost":"NONE","seed_source_timestamp":1775780353289603,"circlet_count":0,"master_deck":["Strike_B+1","Strike_B+1","Strike_B+1","Strike_B+1","Defend_B+1","Defend_B+1","Defend_B+1","Defend_B+1","Zap+1","Dualcast+1","Sweeping Beam+1","Cold Snap","Cold Snap+1","Coolheaded+1","Rip and Tear","Cold Snap+1","Fission+1","Echo Form+1","Conserve Battery+1","Reboot+1","Blizzard+1","Cold Snap+1","Defragment+1"],"special_seed":0,"relics":["Cracked Core","Vajra","PreservedInsect","Regal Pillow","Lantern","Old Coin","Bag of Preparation","The Courier","Nuclear Battery","Centennial Puzzle","DataDisk","Whetstone","Cables","Eternal Feather","Lee\u0027s Waffle","Mango","Juzu Bracelet","Shuriken","Bronze Scales","Kunai","Red Mask","War Paint","Mercury Hourglass"],"potions_floor_usage":[16,16,16,23,25,28,33,33,39,50,50],"damage_taken":[{"damage":3.0,"enemies":"Jaw Worm","floor":1.0,"turns":4.0},{"damage":0.0,"enemies":"Cultist","floor":3.0,"turns":3.0},{"damage":0.0,"enemies":"2 Louse","floor":5.0,"turns":2.0},{"damage":4.0,"enemies":"3 Sentries","floor":6.0,"turns":7.0},{"damage":4.0,"enemies":"Gremlin Nob","floor":8.0,"turns":3.0},{"damage":5.0,"enemies":"3 Sentries","floor":10.0,"turns":3.0},{"damage":0.0,"enemies":"Gremlin Nob","floor":12.0,"turns":2.0},{"damage":18.0,"enemies":"Exordium Thugs","floor":13.0,"turns":4.0},{"damage":10.0,"enemies":"3 Sentries","floor":14.0,"turns":4.0},{"damage":19,"enemies":"The Guardian","floor":16,"turns":11},{"damage":2,"enemies":"Chosen","floor":18,"turns":3},{"damage":2,"enemies":"Shell Parasite","floor":21,"turns":3},{"damage":0,"enemies":"Centurion and Healer","floor":22,"turns":3},{"damage":14,"enemies":"Slavers","floor":23,"turns":2},{"damage":14,"enemies":"Book of Stabbing","floor":25,"turns":4},{"damage":0,"enemies":"Snake Plant","floor":28,"turns":4},{"damage":24,"enemies":"Slavers","floor":29,"turns":3},{"damage":0,"enemies":"Sentry and Sphere","floor":31,"turns":4},{"damage":12,"enemies":"Collector","floor":33,"turns":8},{"damage":0,"enemies":"3 Shapes","floor":35,"turns":4},{"damage":6,"enemies":"Orb Walker","floor":36,"turns":3},{"damage":6,"enemies":"Writhing Mass","floor":38,"turns":5},{"damage":8,"enemies":"Sphere and 2 Shapes","floor":39,"turns":2},{"damage":0,"enemies":"Nemesis","floor":40,"turns":3},{"damage":0,"enemies":"Jaw Worm Horde","floor":44,"turns":4},{"damage":0,"enemies":"Reptomancer","floor":47,"turns":5},{"damage":23,"enemies":"Time Eater","floor":50,"turns":12}],"seed_played":"-1252608316558883071","potions_obtained":[{"floor":3.0,"key":"Block Potion"},{"floor":8.0,"key":"FearPotion"},{"floor":13.0,"key":"EssenceOfSteel"},{"floor":14.0,"key":"Poison Potion"},{"floor":16,"key":"Fire Potion"},{"floor":23,"key":"SkillPotion"},{"floor":25,"key":"Weak Potion"},{"floor":28,"key":"LiquidBronze"},{"floor":31,"key":"Fire Potion"},{"floor":38,"key":"Strength Potion"},{"floor":44,"key":"Block Potion"}],"is_trial":false,"path_per_floor":["M","$","M","?","M","E","R","E","T","E","R","E","M","E","R","B",null,"M","?","?","M","M","E","R","E","T","R","M","E","?","M","R","B",null,"M","M","$","M","M","E","?","?","T","M","R","$","E","?","R","B",null],"character_chosen":"DEFECT","items_purchased":["Cold Snap","Lee\u0027s Waffle","Mango","Juzu Bracelet","Shuriken","Bronze Scales","EssenceOfSteel","Swift Potion","FocusPotion"],"campfire_rested":1,"item_purchase_floors":[2,37,37,37,37,37,37,37,37],"current_hp_per_floor":[72,72,72,72,72,68,68,64,64,59,59,59,41,31,31,12,75,73,73,73,71,71,57,57,43,43,43,43,19,19,19,56,44,75,75,69,96,90,82,82,82,82,82,82,94,94,94,91,91,68],"gold":71,"neow_bonus":"RANDOM_COMMON_RELIC","is_prod":false,"is_daily":false,"chose_seed":false,"campfire_upgraded":7,"win_rate":0,"timestamp":1556647642,"path_taken":["M","$","M","?","M","E","R","E","T","E","R","E","M","E","R","BOSS","M","?","?","M","?","E","R","E","T","R","M","E","?","M","R","BOSS","M","M","$","M","M","E","?","?","T","M","R","$","E","?","R","BOSS"],"build_version":"2019-01-23","purchased_purges":1,"victory":true,"max_hp_per_floor":[75,75,75,75,75,75,75,75,75,75,75,75,75,75,75,75,75,75,75,75,75,75,75,75,75,75,75,75,75,75,75,75,75,75,75,75,96,96,96,96,96,96,96,96,96,96,96,91,91,91],"card_choices":[{"not_picked":["Compile Driver","Undo"],"picked":"Sweeping Beam","floor":1.0},{"not_picked":["Beam Cell","Conserve Battery"],"picked":"Cold Snap","floor":3.0},{"not_picked":["Sweeping Beam","Redo"],"picked":"Coolheaded","floor":5.0},{"not_picked":["Reinforced Body","Barrage"],"picked":"Rip and Tear","floor":6.0},{"not_picked":["Capacitor","Ball Lightning"],"picked":"Cold Snap","floor":8.0},{"not_picked":["Sweeping Beam","Turbo"],"picked":"Fission","floor":10.0},{"not_picked":["Scrape","Aggregate"],"picked":"Echo Form","floor":12.0},{"not_picked":["White Noise","Coolheaded","Compile Driver"],"picked":"SKIP","floor":13.0},{"not_picked":["Genetic Algorithm","Heatsinks"],"picked":"Conserve Battery","floor":14.0},{"not_picked":["Meteor Strike","Creative AI"],"picked":"Reboot","floor":16},{"not_picked":["Ball Lightning","Go for the Eyes+1"],"picked":"Blizzard","floor":18},{"not_picked":["Stack","Leap+1","Compile Driver"],"picked":"SKIP","floor":21},{"not_picked":["Hello World","Hologram","Sweeping Beam"],"picked":"SKIP","floor":22},{"not_picked":["Rebound+1","Stack","Heatsinks+1"],"picked":"SKIP","floor":23},{"not_picked":["Redo","Thunder Strike"],"picked":"Cold Snap+1","floor":25},{"not_picked":["Ball Lightning","Gash","Hello World"],"picked":"SKIP","floor":28},{"not_picked":["Lockon+1","Hologram+1","Undo"],"picked":"SKIP","floor":29},{"not_picked":["Turbo","Sunder+1"],"picked":"Defragment","floor":31},{"not_picked":["Steam+1","Leap","Redo+1"],"picked":"SKIP","floor":35},{"not_picked":["BootSequence","Beam Cell","Coolheaded+1"],"picked":"SKIP","floor":36},{"not_picked":["Sunder+1","Storm","Beam Cell"],"picked":"SKIP","floor":38},{"not_picked":["Ball Lightning+1","Undo","Reprogram+1"],"picked":"SKIP","floor":39},{"not_picked":["Chaos","Rip and Tear","Darkness+1"],"picked":"SKIP","floor":40},{"not_picked":["Go for the Eyes+1","Reprogram+1","Redo"],"picked":"SKIP","floor":44},{"not_picked":["Heatsinks","Genetic Algorithm","Lockon"],"picked":"SKIP","floor":47}],"player_experience":486946,"relics_obtained":[{"floor":6.0,"key":"PreservedInsect"},{"floor":8.0,"key":"Regal Pillow"},{"floor":9.0,"key":"Lantern"},{"floor":10.0,"key":"Old Coin"},{"floor":12.0,"key":"Bag of Preparation"},{"floor":14.0,"key":"The Courier"},{"floor":23,"key":"Centennial Puzzle"},{"floor":25,"key":"DataDisk"},{"floor":26,"key":"Whetstone"},{"floor":29,"key":"Cables"},{"floor":40,"key":"Kunai"},{"floor":43,"key":"War Paint"},{"floor":47,"key":"Mercury Hourglass"}],"event_choices":[{"damage_healed":0.0,"max_hp_gain":0.0,"max_hp_loss":0.0,"gold_gain":0.0,"event_name":"Upgrade Shrine","player_choice":"Upgraded","floor":4.0,"gold_loss":0.0,"damage_taken":0.0,"cards_upgraded":["Zap"]},{"damage_healed":0,"gold_gain":99,"player_choice":"Stole From Cult","damage_taken":0,"max_hp_gain":0,"max_hp_loss":0,"event_name":"Nest","floor":19,"gold_loss":0},{"damage_healed":0,"gold_gain":0,"player_choice":"Cursed","damage_taken":0,"max_hp_gain":0,"max_hp_loss":0,"event_name":"Wheel of Change","floor":20,"gold_loss":0,"cards_obtained":["Decay"]},{"damage_healed":0,"gold_gain":0,"player_choice":"Simplicity","damage_taken":0,"max_hp_gain":0,"max_hp_loss":0,"event_name":"Back to Basics","floor":30,"gold_loss":0,"cards_upgraded":["Strike_B","Strike_B","Strike_B","Strike_B","Defend_B","Defend_B","Defend_B","Defend_B"]},{"damage_healed":0,"gold_gain":0,"player_choice":"Ignored","damage_taken":0,"max_hp_gain":0,"max_hp_loss":0,"event_name":"Transmorgrifier","floor":41,"gold_loss":0},{"damage_healed":0,"gold_gain":0,"player_choice":"Paid","damage_taken":0,"relics_obtained":["Red Mask"],"max_hp_gain":0,"max_hp_loss":0,"event_name":"Tomb of Lord Red Mask","floor":42,"gold_loss":147},{"damage_healed":0,"gold_gain":0,"player_choice":"Max HP","damage_taken":0,"max_hp_gain":0,"max_hp_loss":5,"event_name":"Winding Halls","floor":48,"gold_loss":0}],"is_beta":false,"boss_relics":[{"not_picked":["Runic Dome","Lizard Tail"],"picked":"Nuclear Battery"},{"not_picked":["Calling Bell","Orrery"],"picked":"Eternal Feather"}],"items_purged_floors":[37],"is_endless":false,"potions_floor_spawned":[3,8,13,14,16,23,25,28,31,38,44,47],"ascension_level":4}