{"gold_per_floor":[111,61,336,355,375,400,419,419,469,497,3,3],"floor_reached":12,"playtime":1007,"items_purged":["Regret"],"score":101,"play_id":"bc8372b9-4b3a-4dd3-8011-091d59bfa5b2","local_time":"20181202122233","is_ascension_mode":true,"campfire_choices":[{"floor":8,"key":"REST"}],"neow_cost":"NONE","seed_source_timestamp":38923370326831,"circlet_count":0,"master_deck":["Strike_B","Strike_B","Strike_B","Defend_B","Defend_B","Defend_B","Defend_B","Zap","Dualcast","Redo","Consume","Cold Snap","Defragment+1","Skim","All For One","Hologram+1","Self Repair+1","Trip+1"],"relics":["Cracked Core","NeowsBlessing","Frozen Egg 2","Smiling Mask","DataDisk","Toxic Egg 2"],"potions_floor_usage":[6,7,10,12],"damage_taken":[{"damage":0,"enemies":"Cultist","floor":1,"turns":1},{"damage":0,"enemies":"Small Slimes","floor":4,"turns":1},{"damage":0,"enemies":"Jaw Worm","floor":5,"turns":1},{"damage":37,"enemies":"Lagavulin","floor":6,"turns":7},{"damage":31,"enemies":"Exordium Thugs","floor":7,"turns":4},{"damage":38,"enemies":"3 Sentries","floor":10,"turns":10},{"damage":21,"enemies":"Gremlin Nob","floor":12,"turns":3}],"seed_played":"666703425205918283","potions_obtained":[{"floor":1,"key":"Weak Potion"},{"floor":6,"key":"Poison Potion"},{"floor":7,"key":"Regen Potion"},{"floor":10,"key":"Dexterity Potion"}],"is_trial":false,"path_per_floor":["M","?","?","M","M","E","M","R","T","E","$","E"],"character_chosen":"DEFECT","items_purchased":["Toxic Egg 2","Hologram+1","Self Repair+1","Trip+1"],"campfire_rested":1,"item_purchase_floors":[11,11,11,11],"current_hp_per_floor":[75,75,75,75,75,38,7,29,29,6,6,0],"gold":3,"neow_bonus":"THREE_ENEMY_KILL","is_prod":false,"is_daily":false,"chose_seed":false,"campfire_upgraded":0,"win_rate":0,"timestamp":1543782153,"path_taken":["M","?","?","M","?","E","M","R","T","E","$","E"],"build_version":"2018-11-15","purchased_purges":1,"victory":false,"max_hp_per_floor":[75,75,75,75,75,75,75,75,75,75,75,75],"card_choices":[{"not_picked":["Blizzard","Rebound"],"picked":"Redo","floor":1},{"not_picked":["Heatsinks","Chaos"],"picked":"Consume","floor":4},{"not_picked":["Ball Lightning","Redo"],"picked":"Cold Snap","floor":5},{"not_picked":["Aggregate","White Noise"],"picked":"Defragment","floor":6},{"not_picked":["Steam","Blizzard"],"picked":"Skim","floor":7},{"not_picked":["Turbo","Stack"],"picked":"All For One","floor":10}],"player_experience":296505,"relics_obtained":[{"floor":6,"key":"Frozen Egg 2"},{"floor":9,"key":"Smiling Mask"},{"floor":10,"key":"DataDisk"}],"event_choices":[{"cards_removed":["Strike_B"],"damage_healed":0,"gold_gain":0,"player_choice":"Card Removal","damage_taken":0,"max_hp_gain":0,"max_hp_loss":0,"event_name":"The Cleric","floor":2,"gold_loss":50},{"damage_healed":0,"gold_gain":275,"player_choice":"Desecrate","damage_taken":0,"max_hp_gain":0,"max_hp_loss":0,"event_name":"Golden Shrine","floor":3,"gold_loss":0,"cards_obtained":["Regret"]}],"is_beta":true,"boss_relics":[],"items_purged_floors":[11],"is_endless":false,"potions_floor_spawned":[1,6,7,10],"killed_by":"Gremlin Nob","ascension_level":3}