{"gold_per_floor":[114,132,33,33,33,33,33,33,33,52,52,105,136,36,36,137,137,156,156,156,141,151,151,151,26,26,26,26,26,26],"floor_reached":30,"playtime":637,"items_purged":["Strike_R","Defend_R","Defend_R"],"score":247,"play_id":"46d13366-1ba3-4c02-a84a-b156242114a6","local_time":"20190522221754","is_ascension_mode":false,"campfire_choices":[{"data":"Bash","floor":6.0,"key":"SMITH"},{"data":"Inflame","floor":8.0,"key":"SMITH"},{"data":"Inflame","floor":11.0,"key":"SMITH"},{"data":"Shrug It Off","floor":15.0,"key":"SMITH"},{"floor":23,"key":"REST"},{"floor":29,"key":"REST"}],"neow_cost":"NONE","seed_source_timestamp":552538477852580,"circlet_count":0,"master_deck":["Strike_R","Strike_R","Strike_R","Defend_R","Defend_R","Bash+1","Inflame+1","Shrug It Off+1","Inflame+1","Demon Form","Shrug It Off"],"special_seed":0,"relics":["Burning Blood"],"potions_floor_usage":[22,28],"damage_taken":[{"damage":3.0,"enemies":"Small Slimes","floor":1.0,"turns":3.0},{"damage":2.0,"enemies":"2 Louse","floor":2.0,"turns":3.0},{"damage":5.0,"enemies":"Jaw Worm","floor":10.0,"turns":3.0},{"damage":6.0,"enemies":"Gremlin Nob","floor":13.0,"turns":3.0},{"damage":75.0,"enemies":"Hexaghost","floor":16.0,"turns":8.0},{"damage":24,"enemies":"Shell Parasite","floor":18,"turns":4},{"damage":35,"enemies":"2 Thieves","floor":21,"turns":4},{"damage":40,"enemies":"Cultist and Chosen","floor":22,"turns":6},{"damage":32,"enemies":"Colosseum Slavers","floor":28,"turns":7},{"damage":40,"enemies":"Snecko","floor":30,"turns":6}],"seed_played":"-792993076940865803","potions_obtained":[{"floor":1.0,"key":"FearPotion"},{"floor":2.0,"key":"EssenceOfSteel"},{"floor":13.0,"key":"SteroidPotion"},{"floor":18,"key":"Regen Potion"},{"floor":21,"key":"Explosive Potion"}],"is_trial":false,"path_per_floor":["M","M","$","?","?","R","$","R","T","M","R","T","E","$","R","B",null,"M","?","?","M","M","R","?","$","T","?","?","R","M"],"character_chosen":"IRONCLAD","items_purchased":["Shrug It Off"],"campfire_rested":2,"item_purchase_floors":[3],"current_hp_per_floor":[88,88,88,93,93,93,93,93,93,93,93,93,93,93,93,24,93,75,75,75,46,27,54,54,54,54,36,10,39,0],"gold":26,"neow_bonus":"TEN_PERCENT_HP_BONUS","is_prod":false,"is_daily":false,"chose_seed":false,"campfire_upgraded":4,"win_rate":0,"timestamp":1558534674,"path_taken":["M","M","$","?","?","R","?","R","T","M","R","?","E","$","R","BOSS","M","?","?","?","M","R","?","$","T","?","?","R","M"],"build_version":"2019-01-23","purchased_purges":3,"victory":false,"max_hp_per_floor":[88,88,88,93,93,93,93,93,93,93,93,93,93,93,93,93,93,93,93,93,93,93,93,93,93,93,98,98,98,98],"card_choices":[{"not_picked":["Feel No Pain","True Grit"],"picked":"Inflame","floor":1.0},{"not_picked":["Havoc","Twin Strike","Armaments"],"picked":"SKIP","floor":2.0},{"not_picked":["Second Wind","Clothesline"],"picked":"Inflame","floor":10.0},{"not_picked":["Headbutt","Rupture","Perfected Strike"],"picked":"SKIP","floor":13.0},{"not_picked":["Reaper","Brutality"],"picked":"Demon Form","floor":16.0},{"not_picked":["Rage","Rampage","Sever Soul+1"],"picked":"SKIP","floor":18},{"not_picked":["Flex+1","Warcry+1","Corruption"],"picked":"SKIP","floor":21},{"not_picked":["Clash","Flex"],"picked":"Shrug It Off","floor":22}],"player_experience":573051,"relics_obtained":[],"event_choices":[{"damage_healed":0.0,"max_hp_gain":5.0,"max_hp_loss":0.0,"gold_gain":0.0,"event_name":"Big Fish","player_choice":"Donut","floor":4.0,"gold_loss":0.0,"damage_taken":0.0},{"damage_healed":0.0,"max_hp_gain":0.0,"max_hp_loss":0.0,"gold_gain":0.0,"event_name":"The Cleric","player_choice":"Leave","floor":5.0,"gold_loss":0.0,"damage_taken":0.0},{"damage_healed":0,"gold_gain":0,"player_choice":"Ignored","damage_taken":0,"max_hp_gain":0,"max_hp_loss":0,"event_name":"Cursed Tome","floor":19,"gold_loss":0},{"cards_removed":["Strike_R"],"damage_healed":0,"gold_gain":0,"player_choice":"Purged","damage_taken":0,"max_hp_gain":0,"max_hp_loss":0,"event_name":"Purifier","floor":20,"gold_loss":0},{"damage_healed":0,"gold_gain":0,"player_choice":"Ignored","damage_taken":0,"max_hp_gain":0,"max_hp_loss":0,"event_name":"Vampires","floor":24,"gold_loss":0},{"damage_healed":0,"gold_gain":0,"player_choice":"Shed Blood","damage_taken":23,"max_hp_gain":5,"max_hp_loss":0,"event_name":"Forgotten Altar","floor":27,"gold_loss":0},{"damage_healed":0,"gold_gain":0,"player_choice":"Fight","damage_taken":0,"max_hp_gain":0,"max_hp_loss":0,"event_name":"Colosseum","floor":28,"gold_loss":0},{"damage_healed":0,"gold_gain":0,"player_choice":"Fled From Nobs","damage_taken":0,"max_hp_gain":0,"max_hp_loss":0,"event_name":"Colosseum","floor":28,"gold_loss":0}],"is_beta":false,"boss_relics":[{"not_picked":["Snecko Eye","Ectoplasm","Orrery"]}],"items_purged_floors":[3,14,25],"is_endless":false,"potions_floor_spawned":[1,2,13,18,21],"killed_by":"Snecko","ascension_level":0}