{"gold_per_floor":[210,210,285,304,25,50,50,62,62,62,8,8,28,58,58,58],"floor_reached":16,"playtime":874,"items_purged":["Regret"],"score":140,"play_id":"71339df4-7bb9-4384-9f72-6e3b1c491b8f","local_time":"20190501151931","is_ascension_mode":true,"campfire_choices":[{"data":"Zap","floor":7,"key":"SMITH"},{"data":"Conserve Battery","floor":10,"key":"SMITH"},{"data":"Dualcast","floor":12,"key":"SMITH"},{"data":"Double Energy","floor":15,"key":"SMITH"}],"neow_cost":"NONE","seed_source_timestamp":1879188105897373,"circlet_count":0,"master_deck":["Strike_B","Strike_B","Strike_B","Strike_B","Defend_B","Defend_B","Defend_B","Defend_B","Zap+1","Dualcast+1","Cold Snap","Conserve Battery+1","Auto Shields","Seek","Double Energy+1"],"special_seed":0,"relics":["Cracked Core","Sundial","ClockworkSouvenir","The Courier","Vajra","Ginger"],"potions_floor_usage":[6,6,14],"damage_taken":[{"damage":0.0,"enemies":"2 Louse","floor":1.0,"turns":3.0},{"damage":9.0,"enemies":"Small Slimes","floor":4.0,"turns":3.0},{"damage":24,"enemies":"Lagavulin","floor":6,"turns":5},{"damage":0,"enemies":"Cultist","floor":8,"turns":4},{"damage":0,"enemies":"2 Fungi Beasts","floor":13,"turns":3},{"damage":22,"enemies":"Gremlin Nob","floor":14,"turns":5},{"damage":25,"enemies":"Hexaghost","floor":16,"turns":11}],"seed_played":"-3614265726688785656","potions_obtained":[{"floor":1.0,"key":"Poison Potion"},{"floor":4.0,"key":"Strength Potion"},{"floor":13,"key":"Regen Potion"}],"is_trial":false,"path_per_floor":["M","?","?","M","$","E","R","M","T","R","$","R","M","E","R","B"],"character_chosen":"DEFECT","items_purchased":["ClockworkSouvenir","Auto Shields"],"campfire_rested":0,"item_purchase_floors":[5,11],"current_hp_per_floor":[68,68,61,52,52,28,28,28,28,28,28,28,28,20,20,0],"gold":58,"neow_bonus":"HUNDRED_GOLD","is_prod":false,"is_daily":false,"chose_seed":false,"campfire_upgraded":4,"win_rate":0,"timestamp":1556749171,"path_taken":["M","?","?","M","$","E","R","M","T","R","$","R","?","E","R","BOSS"],"build_version":"2019-01-23","purchased_purges":1,"victory":false,"max_hp_per_floor":[75,75,75,75,75,75,75,75,75,75,75,75,75,75,75,75],"card_choices":[{"not_picked":["Lockon","Chaos","Melter"],"picked":"SKIP","floor":1.0},{"not_picked":["Chaos","Compile Driver"],"picked":"Cold Snap","floor":4.0},{"not_picked":["Lockon","Go for the Eyes","Steam"],"picked":"SKIP","floor":6},{"not_picked":["Steam Power","Rip and Tear"],"picked":"Conserve Battery","floor":8},{"not_picked":["Storm","Ball Lightning"],"picked":"Seek","floor":13},{"not_picked":["Turbo","Rebound"],"picked":"Double Energy","floor":14}],"player_experience":494036,"relics_obtained":[{"floor":6,"key":"The Courier"},{"floor":9,"key":"Vajra"},{"floor":14,"key":"Ginger"}],"event_choices":[{"damage_healed":0.0,"max_hp_gain":0.0,"max_hp_loss":0.0,"gold_gain":0.0,"event_name":"Big Fish","player_choice":"Box","floor":2.0,"gold_loss":0.0,"damage_taken":0.0,"relics_obtained":["Sundial"],"cards_obtained":["Regret"]},{"damage_healed":0.0,"max_hp_gain":0.0,"max_hp_loss":0.0,"gold_gain":75.0,"event_name":"FaceTrader","player_choice":"Touch","floor":3.0,"gold_loss":0.0,"damage_taken":7.0}],"is_beta":false,"boss_relics":[],"items_purged_floors":[5],"is_endless":false,"potions_floor_spawned":[1,4,13],"killed_by":"Hexaghost","ascension_level":6}