{"gold_per_floor":[114,129,129,144,144,174,189,204,204,234,234,234,249,249,249,349,349,364,364,379,379,394,394,424,424,499,499,514,514],"floor_reached":29,"playtime":2399,"items_purged":[],"score":280,"play_id":"499aa438-cc56-4bee-a1af-2f95dd17f4d4","local_time":"20181122215322","daily_mods":["SealedDeck","Time Dilation","Binary"],"is_ascension_mode":false,"campfire_choices":[{"data":"Storm","floor":15,"key":"SMITH"},{"data":"Redo","floor":23,"key":"SMITH"},{"data":"Self Repair","floor":25,"key":"SMITH"}],"neow_cost":"","seed_source_timestamp":0,"circlet_count":0,"master_deck":["Hologram","Sweeping Beam","Go for the Eyes+1","Conserve Battery+1","Chaos","Defragment","Self Repair+1","Force Field","Capacitor","White Noise+1","Beam Cell","Ball Lightning","Hello World","Turbo","Auto Shields","Storm+1","Gash+1","Redo+1","Hyperbeam+1","Melter+1","Gash+1","Writhe","Rip and Tear+1","Go for the Eyes+1","Redo"],"special_seed":17858,"relics":["Cracked Core","Blood Vial","PreservedInsect","Molten Egg 2","Frozen Egg 2","Inserter","DataDisk","Strawberry","Bottled Tornado","Juzu Bracelet"],"potions_floor_usage":[16,16,16,20,24],"damage_taken":[{"damage":0,"enemies":"2 Louse","floor":1,"turns":2},{"damage":4,"enemies":"Jaw Worm","floor":2,"turns":4},{"damage":0,"enemies":"Cultist","floor":4,"turns":3},{"damage":0,"enemies":"Lagavulin","floor":6,"turns":5},{"damage":4,"enemies":"3 Louse","floor":7,"turns":2},{"damage":0,"enemies":"Looter","floor":8,"turns":3},{"damage":5,"enemies":"Gremlin Nob","floor":10,"turns":3},{"damage":9,"enemies":"Blue Slaver","floor":13,"turns":3},{"damage":22,"enemies":"Hexaghost","floor":16,"turns":5},{"damage":16,"enemies":"2 Thieves","floor":18,"turns":3},{"damage":15,"enemies":"3 Byrds","floor":20,"turns":4},{"damage":10,"enemies":"Cultist and Chosen","floor":22,"turns":2},{"damage":19,"enemies":"Book of Stabbing","floor":24,"turns":3},{"damage":12,"enemies":"Centurion and Healer","floor":28,"turns":2},{"damage":28,"enemies":"Slavers","floor":29,"turns":1}],"seed_played":"-8909243859478805778","potions_obtained":[{"floor":1,"key":"LiquidBronze"},{"floor":2,"key":"Energy Potion"},{"floor":10,"key":"Regen Potion"},{"floor":16,"key":"Strength Potion"},{"floor":18,"key":"Explosive Potion"},{"floor":20,"key":"Swift Potion"}],"is_trial":false,"path_per_floor":["M","M","?","M","?","E","M","M","T","E","?","?","M","T","R","B",null,"M","?","M","?","M","R","E","R","T","?","M","E"],"character_chosen":"DEFECT","items_purchased":[],"campfire_rested":0,"item_purchase_floors":[],"current_hp_per_floor":[75,75,75,75,75,75,71,73,73,75,60,60,60,60,60,59,75,66,52,46,46,38,38,35,35,35,35,25,0],"gold":514,"neow_bonus":"","is_prod":false,"is_daily":true,"chose_seed":false,"campfire_upgraded":3,"win_rate":0,"timestamp":1542952402,"path_taken":["M","M","?","M","?","E","M","?","T","E","?","?","M","?","R","BOSS","M","?","M","?","M","R","E","R","T","?","M","E"],"build_version":"2018-11-15","purchased_purges":0,"victory":false,"max_hp_per_floor":[75,75,75,75,75,75,75,75,75,75,75,75,75,75,75,75,75,75,80,80,80,80,80,87,87,87,87,87,87],"card_choices":[{"not_picked":["Compile Driver"],"picked":"Beam Cell","floor":1},{"not_picked":["Barrage"],"picked":"Ball Lightning","floor":2},{"not_picked":["Steam"],"picked":"Hello World","floor":4},{"not_picked":["Beam Cell"],"picked":"Turbo","floor":6},{"not_picked":["Barrage"],"picked":"Auto Shields","floor":7},{"not_picked":["Stack"],"picked":"Storm","floor":8},{"not_picked":["Turbo"],"picked":"Gash","floor":10},{"not_picked":["Rebound+1"],"picked":"Redo","floor":13},{"not_picked":["Multi-Cast"],"picked":"Hyperbeam+1","floor":16},{"not_picked":["Sweeping Beam+1"],"picked":"Melter+1","floor":18},{"not_picked":["Undo"],"picked":"Gash+1","floor":20},{"not_picked":["Go for the Eyes+1"],"picked":"Rip and Tear+1","floor":22},{"not_picked":["Doom and Gloom+1"],"picked":"Go for the Eyes+1","floor":24},{"not_picked":["Glacier+1"],"picked":"Redo","floor":28}],"player_experience":233477,"relics_obtained":[{"floor":6,"key":"Blood Vial"},{"floor":9,"key":"PreservedInsect"},{"floor":10,"key":"Molten Egg 2"},{"floor":14,"key":"Frozen Egg 2"},{"floor":24,"key":"Strawberry"},{"floor":26,"key":"Bottled Tornado"}],"event_choices":[{"damage_healed":0,"gold_gain":0,"player_choice":"Leave","damage_taken":0,"max_hp_gain":0,"max_hp_loss":0,"event_name":"The Cleric","floor":3,"gold_loss":0},{"damage_healed":0,"gold_gain":0,"player_choice":"Forge","damage_taken":0,"max_hp_gain":0,"max_hp_loss":0,"event_name":"Accursed Blacksmith","floor":5,"gold_loss":0,"cards_upgraded":["White Noise"]},{"damage_healed":0,"gold_gain":0,"player_choice":"Entered Light","damage_taken":15,"max_hp_gain":0,"max_hp_loss":0,"event_name":"Shining Light","floor":11,"gold_loss":0,"cards_upgraded":["Go for the Eyes","Conserve Battery"]},{"damage_healed":0,"gold_gain":0,"player_choice":"Ignored","damage_taken":0,"max_hp_gain":0,"max_hp_loss":0,"event_name":"Golden Wing","floor":12,"gold_loss":0},{"damage_healed":0,"gold_gain":0,"player_choice":"Shed Blood","damage_taken":19,"max_hp_gain":5,"max_hp_loss":0,"event_name":"Forgotten Altar","floor":19,"gold_loss":0},{"damage_healed":0,"gold_gain":0,"player_choice":"Opened","damage_taken":0,"relics_obtained":["DataDisk"],"max_hp_gain":0,"max_hp_loss":0,"event_name":"The Mausoleum","floor":21,"gold_loss":0,"cards_obtained":["Writhe"]},{"damage_healed":0,"gold_gain":0,"player_choice":"Gave Potion","damage_taken":0,"relics_obtained":["Juzu Bracelet"],"max_hp_gain":0,"max_hp_loss":0,"event_name":"WeMeetAgain","floor":27,"gold_loss":0}],"is_beta":true,"boss_relics":[{"not_picked":["Astrolabe","Tiny House"],"picked":"Inserter"}],"items_purged_floors":[],"is_endless":false,"potions_floor_spawned":[1,2,10,16,18,20],"killed_by":"Slavers","ascension_level":0}