{"gold_per_floor":[113,14,14,27,46,46,77,77,77,77,97,97,47,66,66,169,169,183,201,37,48,48,48,48,59,110,126,140,140,140,155,155,155],"floor_reached":33,"playtime":3514,"items_purged":["Defend_B"],"score":249,"play_id":"f937846d-24c8-45db-8730-1dc5a768074c","local_time":"20190328024636","is_ascension_mode":false,"campfire_choices":[{"data":"Fusion","floor":6,"key":"SMITH"},{"floor":8,"key":"REST"},{"data":"Barrage","floor":10,"key":"SMITH"},{"data":"Redo","floor":12,"key":"SMITH"},{"data":"Streamline","floor":15,"key":"SMITH"},{"floor":23,"key":"REST"},{"floor":29,"key":"REST"},{"floor":32,"key":"REST"}],"neow_cost":"NONE","seed_source_timestamp":0,"circlet_count":0,"master_deck":["Strike_B","Strike_B","Strike_B","Strike_B","Defend_B","Defend_B","Zap","Dualcast","Static Discharge","Barrage+1","Redo+1","Fusion+1","Redo","Undo","Streamline+1","Seek","Go for the Eyes","Compile Driver+1","Panache","Capacitor","Cold Snap","Cold Snap+1","Barrage+1","Defragment"],"special_seed":0,"relics":["Cracked Core","Matryoshka","Nuclear Battery","Nloth\u0027s Gift","Potion Belt","PreservedInsect","NlothsMask"],"potions_floor_usage":[7,16,16,27,28,31],"damage_taken":[{"damage":4,"enemies":"Jaw Worm","floor":1,"turns":4},{"damage":6,"enemies":"2 Louse","floor":4,"turns":2},{"damage":1,"enemies":"Cultist","floor":5,"turns":3},{"damage":26,"enemies":"Lagavulin","floor":7,"turns":6},{"damage":0,"enemies":"3 Louse","floor":11,"turns":2},{"damage":7,"enemies":"Gremlin Gang","floor":14,"turns":4},{"damage":49,"enemies":"Hexaghost","floor":16,"turns":8},{"damage":12,"enemies":"3 Byrds","floor":18,"turns":5},{"damage":15,"enemies":"2 Thieves","floor":19,"turns":4},{"damage":25,"enemies":"Shelled Parasite and Fungi","floor":21,"turns":4},{"damage":36,"enemies":"Snake Plant","floor":25,"turns":4},{"damage":9,"enemies":"Sentry and Sphere","floor":27,"turns":4},{"damage":8,"enemies":"3 Cultists","floor":28,"turns":5},{"damage":14,"enemies":"Chosen and Byrds","floor":31,"turns":7},{"damage":35,"enemies":"Collector","floor":33,"turns":4}],"seed_played":"-3693397683950116711","potions_obtained":[{"floor":1,"key":"SkillPotion"},{"floor":7,"key":"FearPotion"},{"floor":11,"key":"FocusPotion"},{"floor":18,"key":"Dexterity Potion"},{"floor":19,"key":"Block Potion"},{"floor":25,"key":"Block Potion"}],"is_trial":false,"path_per_floor":["M","$","?","M","M","R","E","R","T","R","M","R","?","M","R","B",null,"M","M","$","M","?","R","?","M","T","M","M","R","?","M","R","B"],"character_chosen":"DEFECT","items_purchased":["Barrage","Panache"],"campfire_rested":4,"item_purchase_floors":[2,20],"current_hp_per_floor":[78,78,78,72,71,71,45,69,69,69,69,69,69,62,62,13,82,70,55,55,30,30,54,54,18,18,9,1,25,25,11,35,0],"gold":155,"neow_bonus":"TEN_PERCENT_HP_BONUS","is_prod":false,"is_daily":false,"chose_seed":false,"campfire_upgraded":4,"win_rate":1,"timestamp":1553755596,"path_taken":["M","$","?","M","M","R","E","R","T","R","M","R","?","M","R","BOSS","M","M","$","M","?","R","?","M","T","M","?","R","?","?","R","BOSS"],"build_version":"2019-01-23","purchased_purges":1,"victory":false,"max_hp_per_floor":[82,82,82,82,82,82,82,82,82,82,82,82,82,82,82,82,82,82,82,82,82,82,82,82,82,82,82,82,82,82,82,82,82],"card_choices":[{"not_picked":["Undo","Steam"],"picked":"Static Discharge","floor":1},{"not_picked":["Undo","Compile Driver"],"picked":"Redo","floor":4},{"not_picked":["Sweeping Beam","Melter"],"picked":"Fusion","floor":5},{"not_picked":["Melter","Barrage"],"picked":"Redo","floor":7},{"not_picked":["Go for the Eyes","Biased Cognition"],"picked":"Undo","floor":11},{"not_picked":["Turbo","Steam Power"],"picked":"Streamline","floor":14},{"not_picked":["Amplify","Fission"],"picked":"Seek","floor":16},{"not_picked":["Barrage","Compile Driver"],"picked":"Go for the Eyes","floor":18},{"not_picked":["Streamline+1","Go for the Eyes"],"picked":"Compile Driver+1","floor":19},{"not_picked":["Gash","Melter"],"picked":"Capacitor","floor":21},{"not_picked":["Fission","Go for the Eyes"],"picked":"Cold Snap","floor":25},{"not_picked":["Rebound+1","Turbo"],"picked":"Cold Snap+1","floor":27},{"not_picked":["Compile Driver","Heatsinks+1"],"picked":"Barrage+1","floor":28},{"not_picked":["Static Discharge","Fission"],"picked":"Defragment","floor":31}],"player_experience":19210,"relics_obtained":[{"floor":7,"key":"Anchor"},{"floor":9,"key":"Matryoshka"},{"floor":26,"key":"Potion Belt"},{"floor":26,"key":"PreservedInsect"}],"event_choices":[{"damage_healed":0,"gold_gain":0,"player_choice":"Ignored","damage_taken":0,"max_hp_gain":0,"max_hp_loss":0,"event_name":"Liars Game","floor":3,"gold_loss":0},{"cards_removed":["Defend_B"],"damage_healed":0,"gold_gain":0,"player_choice":"Card Removal","damage_taken":0,"max_hp_gain":0,"max_hp_loss":0,"event_name":"The Cleric","floor":13,"gold_loss":50},{"damage_healed":0,"gold_gain":0,"player_choice":"Ignored","damage_taken":0,"max_hp_gain":0,"max_hp_loss":0,"event_name":"Cursed Tome","floor":22,"gold_loss":0},{"damage_healed":0,"gold_gain":0,"player_choice":"Traded Relic","damage_taken":0,"relics_obtained":["Nloth\u0027s Gift"],"max_hp_gain":0,"max_hp_loss":0,"event_name":"N\u0027loth","floor":24,"relics_lost":["Anchor"],"gold_loss":0},{"damage_healed":0,"gold_gain":0,"player_choice":"Trade","damage_taken":0,"relics_obtained":["NlothsMask"],"max_hp_gain":0,"max_hp_loss":0,"event_name":"FaceTrader","floor":30,"gold_loss":0}],"is_beta":false,"boss_relics":[{"not_picked":["White Beast Statue","Lizard Tail"],"picked":"Nuclear Battery"}],"items_purged_floors":[2],"is_endless":false,"potions_floor_spawned":[1,7,11,18,19,25],"killed_by":"Collector","ascension_level":0}