{"gold_per_floor":[116,128,148,158,17,29,63,63,112,140,159,171,199,216,216,314,314,327,75,75,75,88,88,119,135,216,216,316,316,316,316,316,417,417,429,442,442,442,442,442,474,474,474,574,591,591,256,274,274,274,274,274,21,55,55],"floor_reached":55,"playtime":4076,"items_purged":["Writhe","Strike_R+1"],"score":910,"play_id":"fb4b7d5c-40e1-4267-a050-e7dcdf5f7395","local_time":"20190117175116","is_ascension_mode":false,"campfire_choices":[{"floor":8.0,"key":"RECALL"},{"data":"Body Slam","floor":15.0,"key":"SMITH"},{"data":"Metallicize","floor":23.0,"key":"SMITH"},{"data":"Rage","floor":27.0,"key":"SMITH"},{"data":"Juggernaut","floor":29.0,"key":"SMITH"},{"data":"Bash","floor":32.0,"key":"SMITH"},{"data":"Barricade","floor":40.0,"key":"SMITH"},{"data":"Ghostly Armor","floor":42.0,"key":"SMITH"},{"data":"Iron Wave","floor":49.0,"key":"SMITH"},{"data":"Battle Trance","floor":52.0,"key":"SMITH"}],"neow_cost":"NONE","seed_source_timestamp":261095445428869,"circlet_count":0,"master_deck":["Strike_R+1","Strike_R+1","Strike_R+1","Strike_R+1","Defend_R+1","Defend_R+1","Defend_R+1","Defend_R+1","Bash+1","Body Slam+1","Flame Barrier+1","Metallicize+1","Rage+1","Juggernaut+1","Body Slam+1","Ghostly Armor+1","Impervious","Cleave","Inflame+1","Barricade+1","Iron Wave+1","Enlightenment","Shrug It Off+1","Battle Trance+1","Evolve"],"special_seed":0,"relics":["Black Blood","Anchor","Ancient Tea Set","Meat on the Bone","Whetstone","Juzu Bracelet","Sundial","Pantograph","Du-Vu Doll","Gremlin Horn","Strawberry","Lizard Tail","Bag of Preparation","Mercury Hourglass","Gambling Chip","Vajra","Lantern","StoneCalendar"],"potions_floor_usage":[55,55],"damage_taken":[{"damage":9.0,"enemies":"Jaw Worm","floor":1.0,"turns":4.0},{"damage":0.0,"enemies":"2 Louse","floor":2.0,"turns":2.0},{"damage":0.0,"enemies":"Small Slimes","floor":3.0,"turns":2.0},{"damage":5.0,"enemies":"Red Slaver","floor":4.0,"turns":5.0},{"damage":3.0,"enemies":"Exordium Wildlife","floor":6.0,"turns":7.0},{"damage":10.0,"enemies":"3 Sentries","floor":7.0,"turns":8.0},{"damage":12.0,"enemies":"Lagavulin","floor":10.0,"turns":6.0},{"damage":0.0,"enemies":"3 Louse","floor":11.0,"turns":2.0},{"damage":0.0,"enemies":"Blue Slaver","floor":12.0,"turns":3.0},{"damage":4.0,"enemies":"3 Sentries","floor":13.0,"turns":7.0},{"damage":0.0,"enemies":"Looter","floor":14.0,"turns":3.0},{"damage":40.0,"enemies":"Slime Boss","floor":16.0,"turns":10.0},{"damage":0.0,"enemies":"3 Byrds","floor":18.0,"turns":3.0},{"damage":1.0,"enemies":"Spheric Guardian","floor":22.0,"turns":4.0},{"damage":0.0,"enemies":"Gremlin Leader","floor":24.0,"turns":5.0},{"damage":12.0,"enemies":"Snecko","floor":25.0,"turns":7.0},{"damage":8.0,"enemies":"Colosseum Slavers","floor":28.0,"turns":4.0},{"damage":50.0,"enemies":"Colosseum Nobs","floor":28.0,"turns":7.0},{"damage":45.0,"enemies":"Collector","floor":33.0,"turns":10.0},{"damage":13.0,"enemies":"3 Darklings","floor":35.0,"turns":7.0},{"damage":7.0,"enemies":"3 Shapes","floor":36.0,"turns":3.0},{"damage":17.0,"enemies":"Nemesis","floor":41.0,"turns":7.0},{"damage":14.0,"enemies":"Mind Bloom Boss Battle","floor":44.0,"turns":7.0},{"damage":0.0,"enemies":"Transient","floor":45.0,"turns":5.0},{"damage":8.0,"enemies":"Spire Growth","floor":48.0,"turns":5.0},{"damage":77.0,"enemies":"Donu and Deca","floor":50.0,"turns":12.0},{"damage":32.0,"enemies":"Shield and Spear","floor":54.0,"turns":8.0},{"damage":128,"enemies":"The Heart","floor":55,"turns":11}],"seed_played":"-7520332990273912951","potions_obtained":[{"floor":1.0,"key":"SteroidPotion"},{"floor":2.0,"key":"PowerPotion"},{"floor":4.0,"key":"LiquidBronze"},{"floor":10.0,"key":"Explosive Potion"},{"floor":12.0,"key":"Swift Potion"},{"floor":16.0,"key":"PowerPotion"},{"floor":22.0,"key":"Fire Potion"},{"floor":25.0,"key":"Regen Potion"},{"floor":33.0,"key":"Explosive Potion"},{"floor":36.0,"key":"Dexterity Potion"},{"floor":41.0,"key":"Swift Potion"},{"floor":44.0,"key":"Weak Potion"}],"is_trial":false,"path_per_floor":["M","M","M","M","$","M","E","R","T","E","M","M","E","M","R","B",null,"M","$","?","?","M","R","E","M","T","R","?","R","?","?","R","B",null,"M","M","?","?","?","R","E","R","T","?","M","?","$","M","R","B",null,"R","$","E","B"],"character_chosen":"IRONCLAD","items_purchased":["Metallicize","Rage","Juzu Bracelet","Cleave","Shrug It Off","Vajra","Battle Trance","Evolve","Lantern"],"campfire_rested":0,"item_purchase_floors":[5,5,19,19,19,47,47,47,53],"current_hp_per_floor":[77,80,80,80,80,80,76,76,76,70,76,80,80,80,80,58,80,80,80,80,80,80,80,80,78,78,78,52,52,52,59,59,61,87,84,87,87,87,87,87,80,80,80,83,87,83,83,83,83,28,83,83,83,61,0],"gold":55,"neow_bonus":"RANDOM_COMMON_RELIC","is_prod":false,"is_daily":false,"chose_seed":false,"campfire_upgraded":9,"win_rate":0,"timestamp":1547718676,"path_taken":["M","M","M","M","$","M","E","R","T","E","M","M","E","M","R","BOSS","M","$","?","?","M","R","E","M","T","R","?","R","?","?","R","BOSS","M","M","?","?","?","R","E","R","T","?","M","?","$","M","R","BOSS","R","$","E","BOSS"],"build_version":"2019-01-10","purchased_purges":2,"victory":false,"max_hp_per_floor":[80,80,80,80,80,80,80,80,80,80,80,80,80,80,80,80,80,80,80,80,80,80,80,80,80,80,80,80,80,80,87,87,87,87,87,87,87,87,87,87,87,87,87,87,87,83,83,83,83,83,83,83,83,83,83],"card_choices":[{"not_picked":["Evolve","Seeing Red"],"picked":"Body Slam","floor":1.0},{"not_picked":["Spot Weakness","Anger"],"picked":"Flame Barrier","floor":2.0},{"not_picked":["Wild Strike","Thunderclap","Reckless Charge"],"picked":"SKIP","floor":3.0},{"not_picked":["Hemokinesis","Havoc","Sword Boomerang"],"picked":"SKIP","floor":4.0},{"not_picked":["Dropkick","Clash","Wild Strike"],"picked":"SKIP","floor":6.0},{"not_picked":["Pommel Strike","Hemokinesis"],"picked":"Juggernaut","floor":7.0},{"not_picked":["Carnage","Havoc"],"picked":"Body Slam","floor":10.0},{"not_picked":["Armaments","True Grit"],"picked":"Ghostly Armor","floor":11.0},{"not_picked":["Reckless Charge","Searing Blow","Clash"],"picked":"SKIP","floor":12.0},{"not_picked":["Pommel Strike","Sever Soul","Armaments"],"picked":"SKIP","floor":13.0},{"not_picked":["Seeing Red","Havoc","Entrench"],"picked":"SKIP","floor":14.0},{"not_picked":["Fiend Fire","Bludgeon"],"picked":"Impervious","floor":16.0},{"not_picked":["Uppercut","Clash","Corruption+1"],"picked":"SKIP","floor":18.0},{"not_picked":["Twin Strike+1","Havoc","Rampage"],"picked":"SKIP","floor":22.0},{"not_picked":["Demon Form","Wild Strike+1","Perfected Strike"],"picked":"SKIP","floor":24.0},{"not_picked":["Perfected Strike","Intimidate"],"picked":"Inflame+1","floor":25.0},{"not_picked":["Exhume","Bludgeon"],"picked":"Barricade","floor":33.0},{"not_picked":["Heavy Blade+1","Thunderclap","Flex"],"picked":"SKIP","floor":35.0},{"not_picked":["Thunderclap+1","Sword Boomerang+1"],"picked":"Iron Wave","floor":36.0},{"not_picked":["Jack Of All Trades","Mind Blast"],"picked":"Enlightenment","floor":38.0},{"not_picked":["Clash+1","Body Slam","Wild Strike+1"],"picked":"SKIP","floor":41.0},{"not_picked":["Uppercut+1","Heavy Blade"],"picked":"Shrug It Off+1","floor":45.0},{"not_picked":["Power Through","Pommel Strike+1","Shrug It Off"],"picked":"SKIP","floor":48.0},{"not_picked":["True Grit","Havoc+1","Corruption"],"picked":"SKIP","floor":54.0}],"player_experience":388111,"relics_obtained":[{"floor":7.0,"key":"Ancient Tea Set"},{"floor":10.0,"key":"Meat on the Bone"},{"floor":13.0,"key":"Whetstone"},{"floor":24.0,"key":"Sundial"},{"floor":26.0,"key":"Pantograph"},{"floor":28.0,"key":"Du-Vu Doll"},{"floor":28.0,"key":"Gremlin Horn"},{"floor":41.0,"key":"Bag of Preparation"},{"floor":43.0,"key":"Mercury Hourglass"},{"floor":44.0,"key":"Gambling Chip"},{"floor":54.0,"key":"StoneCalendar"}],"event_choices":[{"damage_healed":0.0,"max_hp_gain":0.0,"max_hp_loss":0.0,"gold_gain":0.0,"event_name":"Back to Basics","player_choice":"Simplicity","floor":20.0,"gold_loss":0.0,"damage_taken":0.0,"cards_upgraded":["Strike_R","Strike_R","Strike_R","Strike_R","Defend_R","Defend_R","Defend_R","Defend_R"]},{"damage_healed":0.0,"max_hp_gain":0.0,"max_hp_loss":0.0,"gold_gain":0.0,"event_name":"Ghosts","player_choice":"Ignored","floor":21.0,"gold_loss":0.0,"damage_taken":0.0},{"damage_healed":0.0,"max_hp_gain":0.0,"max_hp_loss":0.0,"gold_gain":0.0,"event_name":"Colosseum","player_choice":"Fight","floor":28.0,"gold_loss":0.0,"damage_taken":0.0},{"damage_healed":0.0,"max_hp_gain":0.0,"max_hp_loss":0.0,"gold_gain":0.0,"event_name":"Colosseum","player_choice":"Fought Nobs","floor":28.0,"gold_loss":0.0,"damage_taken":0.0},{"damage_healed":0.0,"max_hp_gain":0.0,"max_hp_loss":0.0,"gold_gain":0.0,"event_name":"Upgrade Shrine","player_choice":"Upgraded","floor":30.0,"gold_loss":0.0,"damage_taken":0.0,"cards_upgraded":["Flame Barrier"]},{"damage_healed":0.0,"max_hp_gain":0.0,"max_hp_loss":0.0,"gold_gain":0.0,"event_name":"The Mausoleum","player_choice":"Opened","floor":31.0,"gold_loss":0.0,"damage_taken":0.0,"relics_obtained":["Strawberry"],"cards_obtained":["Writhe"]},{"cards_removed":["Shrug It Off"],"damage_healed":0.0,"max_hp_gain":0.0,"max_hp_loss":0.0,"gold_gain":0.0,"event_name":"Falling","player_choice":"Removed Skill","floor":37.0,"gold_loss":0.0,"damage_taken":0.0},{"damage_healed":0.0,"max_hp_gain":0.0,"max_hp_loss":0.0,"gold_gain":0.0,"event_name":"SensoryStone","player_choice":"Memory 1","floor":38.0,"gold_loss":0.0,"damage_taken":0.0},{"damage_healed":0.0,"max_hp_gain":0.0,"max_hp_loss":0.0,"gold_gain":0.0,"event_name":"Tomb of Lord Red Mask","player_choice":"Ignored","floor":39.0,"gold_loss":0.0,"damage_taken":0.0},{"damage_healed":0.0,"max_hp_gain":0.0,"max_hp_loss":0.0,"gold_gain":0.0,"event_name":"MindBloom","player_choice":"Fight","floor":44.0,"gold_loss":0.0,"damage_taken":0.0},{"damage_healed":0.0,"max_hp_gain":0.0,"max_hp_loss":4.0,"gold_gain":0.0,"event_name":"Winding Halls","player_choice":"Max HP","floor":46.0,"gold_loss":0.0,"damage_taken":0.0}],"is_beta":false,"boss_relics":[{"not_picked":["White Beast Statue","Snecko Eye"],"picked":"Black Blood"},{"not_picked":["Black Star","Runic Dome"],"picked":"Lizard Tail"}],"items_purged_floors":[47,53],"is_endless":false,"potions_floor_spawned":[1,2,4,10,12,16,22,25,28,33,36,41,44],"killed_by":"The Heart","ascension_level":0}