{"gold_per_floor":[110,35,53,69,86,116,116,134,180,200,226,226,226,237,237,237],"floor_reached":16,"playtime":608,"items_purged":[],"score":228,"play_id":"92bf9e08-fc44-41a0-842d-645b4f84f707","local_time":"20190212202402","is_ascension_mode":true,"campfire_choices":[{"data":"Infernal Blade","floor":7.0,"key":"SMITH"},{"floor":13,"key":"REST"},{"floor":15,"key":"REST"}],"neow_cost":"NONE","seed_source_timestamp":85322493076200,"circlet_count":0,"master_deck":["AscendersBane","Strike_R","Strike_R","Strike_R","Strike_R","Defend_R","Defend_R","Defend_R","Defend_R","Bash","Infernal Blade+1","Corruption","Power Through","Flex","Shrug It Off","Clothesline","Clothesline","Cleave","Pommel Strike"],"special_seed":0,"relics":["Burning Blood","Thread and Needle","Bronze Scales","Dodecahedron"],"potions_floor_usage":[11,16],"damage_taken":[{"damage":9.0,"enemies":"Jaw Worm","floor":1.0,"turns":5.0},{"damage":0.0,"enemies":"Small Slimes","floor":3.0,"turns":1.0},{"damage":2.0,"enemies":"Cultist","floor":4.0,"turns":4.0},{"damage":1.0,"enemies":"Exordium Wildlife","floor":5.0,"turns":3.0},{"damage":45.0,"enemies":"Gremlin Nob","floor":6.0,"turns":5.0},{"damage":22,"enemies":"Exordium Thugs","floor":8,"turns":5},{"damage":0,"enemies":"Red Slaver","floor":10,"turns":3},{"damage":32,"enemies":"3 Sentries","floor":11,"turns":9},{"damage":10,"enemies":"Lots of Slimes","floor":14,"turns":3},{"damage":63,"enemies":"Hexaghost","floor":16,"turns":10}],"seed_played":"-8305114036340664749","potions_obtained":[{"floor":3.0,"key":"FearPotion"},{"floor":4.0,"key":"GamblersBrew"},{"floor":8,"key":"SpeedPotion"}],"is_trial":false,"path_per_floor":["M","?","M","M","M","E","R","M","T","M","E","?","R","M","R","B"],"character_chosen":"IRONCLAD","items_purchased":[],"campfire_rested":2,"item_purchase_floors":[],"current_hp_per_floor":[72,72,78,82,82,43,43,27,27,33,7,12,38,34,60,0],"gold":237,"neow_bonus":"TEN_PERCENT_HP_BONUS","is_prod":false,"is_daily":false,"chose_seed":false,"campfire_upgraded":1,"win_rate":0,"timestamp":1550003042,"path_taken":["M","?","M","M","M","E","R","M","T","M","E","?","R","M","R","BOSS"],"build_version":"2019-01-23","purchased_purges":0,"victory":false,"max_hp_per_floor":[82,82,82,82,82,82,82,82,82,82,82,87,87,87,87,87],"card_choices":[{"not_picked":["Perfected Strike","Sentinel"],"picked":"Infernal Blade","floor":1.0},{"not_picked":["Anger","Thunderclap"],"picked":"Corruption","floor":3.0},{"not_picked":["Reckless Charge","Clash"],"picked":"Power Through","floor":4.0},{"not_picked":["Sword Boomerang","Sentinel"],"picked":"Flex","floor":5.0},{"not_picked":["Uppercut","Rupture"],"picked":"Shrug It Off","floor":6.0},{"not_picked":["Heavy Blade","Entrench"],"picked":"Clothesline","floor":8},{"not_picked":["Wild Strike","Clash"],"picked":"Clothesline","floor":10},{"not_picked":["Blood for Blood","Bloodletting"],"picked":"Cleave","floor":11},{"not_picked":["Combust","Body Slam"],"picked":"Pommel Strike","floor":14}],"player_experience":1204998,"relics_obtained":[{"floor":6.0,"key":"Thread and Needle"},{"floor":9,"key":"Bronze Scales"},{"floor":11,"key":"Dodecahedron"}],"event_choices":[{"cards_removed":["Strike_R"],"damage_healed":0.0,"max_hp_gain":0.0,"max_hp_loss":0.0,"gold_gain":0.0,"event_name":"The Cleric","player_choice":"Card Removal","floor":2.0,"gold_loss":75.0,"damage_taken":0.0},{"damage_healed":0,"gold_gain":0,"player_choice":"Donut","damage_taken":0,"max_hp_gain":5,"max_hp_loss":0,"event_name":"Big Fish","floor":12,"gold_loss":0}],"is_beta":false,"boss_relics":[],"items_purged_floors":[],"is_endless":false,"potions_floor_spawned":[3,4,8],"killed_by":"Hexaghost","ascension_level":20}