{"gold_per_floor":[111,122,135,149,161,161,192,192,192,192,273,284,309,309,309,412,412,426,341,341,69,81,116,116,116,184,184,209,134,157,170,170,267,267,284,284,0,16,28,57,57,57,81,98,110,130,150,74,74,74],"floor_reached":51,"playtime":3880,"items_purged":["Strike_R"],"score":702,"play_id":"143b3251-b2e1-4233-8bb7-b03e9ed2f2bf","local_time":"20190509234512","is_ascension_mode":false,"campfire_choices":[{"data":"Clothesline","floor":6,"key":"SMITH"},{"data":"Bash","floor":8,"key":"SMITH"},{"data":"Sword Boomerang","floor":10,"key":"SMITH"},{"floor":15,"key":"REST"},{"floor":24,"key":"REST"},{"data":"Demon Form","floor":27,"key":"SMITH"},{"data":"Shrug It Off","floor":32,"key":"SMITH"},{"floor":49,"key":"REST"}],"neow_cost":"","seed_source_timestamp":519920937091952,"circlet_count":0,"master_deck":["Strike_R+1","Strike_R+1","Strike_R+1","Defend_R+1","Defend_R+1","Defend_R+1","Defend_R+1","Bash+1","Clothesline+1","Sword Boomerang+1","Reckless Charge","Shrug It Off+1","Reckless Charge","Disarm","Sword Boomerang+1","Demon Form+1","Headbutt+1","True Grit+1","Pummel+1","Metallicize","Clothesline+1","Battle Trance+1","Feed+1","Armaments+1","Parasite","Shrug It Off+1","Warcry+1","Feel No Pain"],"relics":["Burning Blood","Bird Faced Urn","Mummified Hand","Molten Egg 2","Kunai","Velvet Choker","Red Skull","Sling","StoneCalendar","Pear","Centennial Puzzle","Oddly Smooth Stone","Orrery","Red Mask","Lantern","PreservedInsect"],"potions_floor_usage":[5,7,13,40,50,50],"damage_taken":[{"damage":1,"enemies":"Cultist","floor":1,"turns":3},{"damage":0,"enemies":"Small Slimes","floor":2,"turns":3},{"damage":3,"enemies":"2 Louse","floor":3,"turns":3},{"damage":7,"enemies":"Looter","floor":4,"turns":4},{"damage":26,"enemies":"Exordium Thugs","floor":5,"turns":4},{"damage":13,"enemies":"Lagavulin","floor":7,"turns":6},{"damage":20,"enemies":"Large Slime","floor":12,"turns":6},{"damage":20,"enemies":"3 Sentries","floor":13,"turns":8},{"damage":29,"enemies":"The Guardian","floor":16,"turns":16},{"damage":6,"enemies":"3 Byrds","floor":18,"turns":7},{"damage":5,"enemies":"Chosen","floor":22,"turns":3},{"damage":48,"enemies":"Slavers","floor":23,"turns":6},{"damage":2,"enemies":"Gremlin Leader","floor":28,"turns":6},{"damage":8,"enemies":"Shelled Parasite and Fungi","floor":31,"turns":4},{"damage":19,"enemies":"Champ","floor":33,"turns":8},{"damage":4,"enemies":"Orb Walker","floor":35,"turns":4},{"damage":18,"enemies":"3 Shapes","floor":38,"turns":5},{"damage":0,"enemies":"Maw","floor":39,"turns":7},{"damage":47,"enemies":"Reptomancer","floor":40,"turns":4},{"damage":18,"enemies":"Writhing Mass","floor":44,"turns":5},{"damage":0,"enemies":"Jaw Worm Horde","floor":45,"turns":5},{"damage":2,"enemies":"Spire Growth","floor":46,"turns":4},{"damage":46,"enemies":"Sphere and 2 Shapes","floor":47,"turns":6},{"damage":39,"enemies":"Awakened One","floor":50,"turns":11}],"seed_played":"-1127582267120045342","potions_obtained":[{"floor":2,"key":"Fire Potion"},{"floor":3,"key":"Dexterity Potion"},{"floor":4,"key":"Explosive Potion"},{"floor":7,"key":"PowerPotion"},{"floor":12,"key":"Explosive Potion"},{"floor":18,"key":"EssenceOfSteel"},{"floor":35,"key":"Energy Potion"},{"floor":40,"key":"Regen Potion"}],"is_trial":false,"path_per_floor":["M","M","M","M","M","R","E","R","T","R","T","M","E","?","R","B",null,"M","?","?","$","M","E","R","?","T","R","E","?","T","M","R","B",null,"M","?","?","M","M","E","?","$","T","M","M","M","M","$","R","B",null],"character_chosen":"IRONCLAD","items_purchased":["Sling","Feel No Pain"],"campfire_rested":3,"item_purchase_floors":[21,48],"current_hp_per_floor":[80,80,80,79,59,59,52,52,52,52,52,38,24,17,41,18,80,80,80,72,72,75,33,57,57,67,67,73,73,73,73,73,62,90,90,90,90,80,90,51,51,51,51,41,53,65,29,29,58,46],"gold":74,"neow_bonus":"","is_prod":false,"is_daily":false,"chose_seed":false,"campfire_upgraded":5,"win_rate":0.0,"timestamp":1557463512,"path_taken":["M","M","M","M","M","R","E","R","T","R","?","M","E","?","R","BOSS","M","?","?","$","?","E","R","?","T","R","E","?","?","?","R","BOSS","M","?","?","M","M","E","?","$","T","M","?","M","M","$","R","BOSS"],"build_version":"2019-01-23","purchased_purges":1,"victory":true,"max_hp_per_floor":[80,80,80,80,80,80,80,80,80,80,80,80,80,80,80,80,80,80,80,80,80,80,80,80,80,90,90,90,90,90,90,90,90,90,90,90,90,90,90,90,90,90,90,90,94,98,98,98,98,98],"card_choices":[{"not_picked":["Pommel Strike","Whirlwind"],"picked":"Clothesline","floor":1},{"not_picked":["Impervious","Searing Blow"],"picked":"Sword Boomerang","floor":2},{"not_picked":["Burning Pact","Inflame"],"picked":"Reckless Charge","floor":3},{"not_picked":["Armaments","Blood for Blood"],"picked":"Shrug It Off","floor":4},{"not_picked":["Cleave","Thunderclap"],"picked":"Seeing Red","floor":5},{"not_picked":["Inflame","True Grit"],"picked":"Reckless Charge","floor":7},{"not_picked":["Seeing Red","Battle Trance"],"picked":"Disarm","floor":12},{"not_picked":["Anger+1","Juggernaut"],"picked":"Sword Boomerang+1","floor":13},{"not_picked":["Berserk","Brutality"],"picked":"Demon Form","floor":16},{"not_picked":["Battle Trance","Hemokinesis+1"],"picked":"Headbutt+1","floor":18},{"not_picked":["Shockwave","Cleave+1","Flex"],"picked":"SKIP","floor":22},{"not_picked":["Double Tap","Cleave+1"],"picked":"Ghostly Armor","floor":23},{"not_picked":["Combust","Flame Barrier"],"picked":"True Grit+1","floor":28},{"not_picked":["Anger+1","Flex","Rupture"],"picked":"SKIP","floor":31},{"not_picked":["Headbutt+1","Dual Wield"],"picked":"Pummel+1","floor":34},{"not_picked":["Warcry","Dropkick+1"],"picked":"Metallicize","floor":34},{"not_picked":["Headbutt+1","Second Wind"],"picked":"Clothesline+1","floor":34},{"not_picked":["Clothesline+1","Power Through+1"],"picked":"Battle Trance+1","floor":35},{"not_picked":["Power Through","Thunderclap+1"],"picked":"Feed+1","floor":38},{"not_picked":["Whirlwind+1","Shrug It Off"],"picked":"Armaments+1","floor":39},{"not_picked":["Infernal Blade+1","Intimidate+1","Blood for Blood+1"],"picked":"SKIP","floor":40},{"not_picked":["Twin Strike+1","Combust","Iron Wave+1"],"picked":"SKIP","floor":44},{"not_picked":["Power Through+1","Intimidate"],"picked":"Shrug It Off+1","floor":45},{"not_picked":["Carnage+1","Bludgeon+1"],"picked":"Warcry+1","floor":46},{"not_picked":["Flame Barrier+1","Clash+1","Iron Wave+1"],"picked":"SKIP","floor":47}],"player_experience":0,"relics_obtained":[{"floor":7,"key":"Bird Faced Urn"},{"floor":9,"key":"Mummified Hand"},{"floor":11,"key":"Molten Egg 2"},{"floor":13,"key":"Kunai"},{"floor":23,"key":"StoneCalendar"},{"floor":26,"key":"Pear"},{"floor":28,"key":"Centennial Puzzle"},{"floor":30,"key":"Oddly Smooth Stone"},{"floor":40,"key":"Lantern"},{"floor":43,"key":"PreservedInsect"}],"event_choices":[{"cards_removed":["Strike_R"],"damage_healed":0,"gold_gain":0,"player_choice":"Card Removal","damage_taken":7,"max_hp_gain":0,"max_hp_loss":0,"event_name":"Golden Wing","floor":14,"gold_loss":0},{"damage_healed":0,"gold_gain":0,"player_choice":"Obtained Relic","damage_taken":0,"relics_obtained":["Red Skull"],"max_hp_gain":0,"max_hp_loss":0,"event_name":"Addict","floor":19,"gold_loss":85},{"damage_healed":0,"gold_gain":0,"player_choice":"Damaged","damage_taken":8,"max_hp_gain":0,"max_hp_loss":0,"event_name":"Wheel of Change","floor":20,"gold_loss":0},{"damage_healed":0,"gold_gain":0,"player_choice":"Simplicity","damage_taken":0,"max_hp_gain":0,"max_hp_loss":0,"event_name":"Back to Basics","floor":25,"gold_loss":0,"cards_upgraded":["Strike_R","Strike_R","Strike_R","Defend_R","Defend_R","Defend_R","Defend_R"]},{"cards_removed":["Ghostly Armor"],"damage_healed":0,"gold_gain":0,"player_choice":"Gave Gold","damage_taken":0,"max_hp_gain":0,"max_hp_loss":0,"event_name":"Beggar","floor":29,"gold_loss":75},{"cards_removed":["Seeing Red"],"damage_healed":0,"gold_gain":0,"player_choice":"Removed Skill","damage_taken":0,"max_hp_gain":0,"max_hp_loss":0,"event_name":"Falling","floor":36,"gold_loss":0},{"damage_healed":0,"gold_gain":0,"player_choice":"Paid","damage_taken":0,"relics_obtained":["Red Mask"],"max_hp_gain":0,"max_hp_loss":0,"event_name":"Tomb of Lord Red Mask","floor":37,"gold_loss":284},{"damage_healed":0,"gold_gain":0,"player_choice":"Got Potions","damage_taken":0,"max_hp_gain":0,"max_hp_loss":0,"event_name":"Lab","floor":41,"gold_loss":0}],"is_beta":false,"boss_relics":[{"not_picked":["Astrolabe","Runic Pyramid"],"picked":"Velvet Choker"},{"not_picked":["Black Blood","Tiny House"],"picked":"Orrery"}],"items_purged_floors":[21],"is_endless":false,"potions_floor_spawned":[2,3,4,7,12,18,22,28,35,39,40,47],"ascension_level":0}