{"gold_per_floor":[113,388,408,50,70,98,98,126,153,171,187,187,220,220,220,220],"floor_reached":16,"playtime":712,"items_purged":["Regret"],"score":165,"play_id":"0e159a95-1187-47a9-b59c-6d28ed4bcdf7","local_time":"20190321162531","is_ascension_mode":true,"campfire_choices":[{"floor":7,"key":"REST"},{"data":"Envenom","floor":12,"key":"SMITH"},{"data":"Cloak And Dagger","floor":15,"key":"SMITH"}],"neow_cost":"NONE","seed_source_timestamp":29006470116419,"circlet_count":0,"master_deck":["AscendersBane","Defend_G","Defend_G","Defend_G","Defend_G","Defend_G","Strike_G","Strike_G","Strike_G","Strike_G","Strike_G","Survivor","Neutralize","Flying Knee","Infinite Blades","Dagger Spray","Escape Plan","Envenom+1","Cloak And Dagger+1"],"relics":["Ring of the Snake","NeowsBlessing","Chemical X","Juzu Bracelet","Odd Mushroom","Centennial Puzzle","Bag of Preparation"],"potions_floor_usage":[8,13,13,16],"damage_taken":[{"damage":0,"enemies":"Cultist","floor":1,"turns":1},{"damage":0,"enemies":"2 Louse","floor":3,"turns":1},{"damage":0,"enemies":"Jaw Worm","floor":5,"turns":1},{"damage":49,"enemies":"Lagavulin","floor":6,"turns":9},{"damage":16,"enemies":"The Mushroom Lair","floor":8,"turns":3},{"damage":1,"enemies":"Red Slaver","floor":10,"turns":4},{"damage":2,"enemies":"2 Fungi Beasts","floor":11,"turns":3},{"damage":4,"enemies":"3 Sentries","floor":13,"turns":6},{"damage":34,"enemies":"Slime Boss","floor":16,"turns":5}],"seed_played":"165614908958987223","potions_obtained":[{"floor":6,"key":"SteroidPotion"},{"floor":8,"key":"Regen Potion"},{"floor":10,"key":"PowerPotion"},{"floor":13,"key":"Weak Potion"}],"is_trial":false,"path_per_floor":["M","?","M","$","M","E","R","?","T","M","M","R","E","?","R","B"],"character_chosen":"THE_SILENT","items_purchased":["Infinite Blades","Chemical X","Dagger Spray"],"campfire_rested":1,"item_purchase_floors":[4,4,4],"current_hp_per_floor":[63,63,63,63,63,14,35,19,19,18,16,16,27,32,32,0],"gold":220,"neow_bonus":"THREE_ENEMY_KILL","is_prod":false,"is_daily":false,"chose_seed":false,"campfire_upgraded":2,"win_rate":0,"timestamp":1553210731,"path_taken":["M","?","M","$","?","E","R","?","T","M","M","R","E","?","R","BOSS"],"build_version":"2019-01-23","purchased_purges":1,"victory":false,"max_hp_per_floor":[70,70,70,70,70,70,70,70,70,70,70,70,70,75,75,75],"card_choices":[{"not_picked":["Slice","Prepared"],"picked":"Flying Knee","floor":1},{"not_picked":["Blur","Bane","Finisher"],"picked":"SKIP","floor":3},{"not_picked":["Well Laid Plans","Outmaneuver","Predator"],"picked":"SKIP","floor":5},{"not_picked":["Poisoned Stab","Flechettes"],"picked":"Escape Plan","floor":6},{"not_picked":["PiercingWail","Quick Slash"],"picked":"Envenom","floor":10},{"not_picked":["Flying Knee","Caltrops","Dagger Throw"],"picked":"SKIP","floor":11},{"not_picked":["Infinite Blades","Dagger Throw"],"picked":"Cloak And Dagger","floor":13}],"player_experience":445645,"relics_obtained":[{"floor":6,"key":"Juzu Bracelet"},{"floor":8,"key":"Odd Mushroom"},{"floor":9,"key":"Centennial Puzzle"},{"floor":13,"key":"Bag of Preparation"}],"event_choices":[{"damage_healed":0,"gold_gain":275,"player_choice":"Desecrate","damage_taken":0,"max_hp_gain":0,"max_hp_loss":0,"event_name":"Golden Shrine","floor":2,"gold_loss":0,"cards_obtained":["Regret"]},{"damage_healed":0,"gold_gain":0,"player_choice":"Fought Mushrooms","damage_taken":0,"max_hp_gain":0,"max_hp_loss":0,"event_name":"Mushrooms","floor":8,"gold_loss":0},{"damage_healed":0,"gold_gain":0,"player_choice":"Donut","damage_taken":0,"max_hp_gain":5,"max_hp_loss":0,"event_name":"Big Fish","floor":14,"gold_loss":0}],"is_beta":false,"boss_relics":[],"items_purged_floors":[4],"is_endless":false,"potions_floor_spawned":[6,8,10,13],"killed_by":"Slime Boss","ascension_level":10}