{"gold_per_floor":[117,137,151,151,166,200,215,215,215,215,215,215,227,71,71,142,142,154,68,68,68,84,84,84,84,84,84,97,117,128,144,144,217,217,235,235,235,252,252,252,263,263],"floor_reached":42,"playtime":1717,"items_purged":["Strike_G"],"score":800,"play_id":"599c5f90-85df-4798-84b2-ab1a1e45001e","local_time":"20190130234223","is_ascension_mode":true,"campfire_choices":[{"floor":8.0,"key":"REST"},{"data":"Predator","floor":10.0,"key":"SMITH"},{"data":"Deadly Poison","floor":12.0,"key":"SMITH"},{"floor":15.0,"key":"REST"},{"floor":23.0,"key":"REST"},{"floor":25.0,"key":"REST"},{"floor":32.0,"key":"REST"},{"floor":40.0,"key":"REST"}],"neow_cost":"NONE","seed_source_timestamp":129016588406990,"circlet_count":0,"master_deck":["AscendersBane","Defend_G+1","Defend_G+1","Defend_G+1","Defend_G+1","Defend_G+1","Strike_G+1","Strike_G+1","Strike_G+1","Strike_G+1","Survivor","Neutralize+1","Choke","Blade Dance","Deadly Poison+1","Bouncing Flask","Heel Hook","Predator+1","Deflect","Footwork","Bullet Time","Sucker Punch","Catalyst","Sucker Punch","Noxious Fumes","Deflect+1","Backflip","Deadly Poison","Night Terror","Blind","Backflip","Well Laid Plans+1"],"special_seed":0,"relics":["Ring of the Snake","Blood Vial","Mercury Hourglass","Fusion Hammer","Meat on the Bone","MutagenicStrength","Eternal Feather","Smiling Mask"],"potions_floor_usage":[],"damage_taken":[{"damage":6.0,"enemies":"Small Slimes","floor":1.0,"turns":5.0},{"damage":1.0,"enemies":"Cultist","floor":2.0,"turns":4.0},{"damage":4.0,"enemies":"Jaw Worm","floor":3.0,"turns":5.0},{"damage":8.0,"enemies":"Looter","floor":5.0,"turns":3.0},{"damage":24.0,"enemies":"Lagavulin","floor":6.0,"turns":6.0},{"damage":3.0,"enemies":"Large Slime","floor":7.0,"turns":5.0},{"damage":10.0,"enemies":"Exordium Thugs","floor":13.0,"turns":5.0},{"damage":32.0,"enemies":"Slime Boss","floor":16.0,"turns":9.0},{"damage":12.0,"enemies":"2 Thieves","floor":18.0,"turns":4.0},{"damage":1.0,"enemies":"Spheric Guardian","floor":22.0,"turns":5.0},{"damage":0.0,"enemies":"3 Cultists","floor":28.0,"turns":4.0},{"damage":10.0,"enemies":"Centurion and Healer","floor":29.0,"turns":6.0},{"damage":3.0,"enemies":"Snecko","floor":30.0,"turns":4.0},{"damage":22.0,"enemies":"Snake Plant","floor":31.0,"turns":3.0},{"damage":39.0,"enemies":"Collector","floor":33.0,"turns":7.0},{"damage":66.0,"enemies":"3 Darklings","floor":35.0,"turns":7.0},{"damage":11.0,"enemies":"3 Shapes","floor":38.0,"turns":4.0},{"damage":22.0,"enemies":"3 Darklings","floor":41.0,"turns":7.0},{"damage":44,"enemies":"Reptomancer","floor":42,"turns":2}],"seed_played":"723144840195747590","potions_obtained":[{"floor":2.0,"key":"Block Potion"},{"floor":3.0,"key":"PowerPotion"},{"floor":6.0,"key":"Fire Potion"},{"floor":7.0,"key":"GhostInAJar"},{"floor":16.0,"key":"Strength Potion"},{"floor":22.0,"key":"Ancient Potion"},{"floor":33.0,"key":"FairyPotion"}],"is_trial":false,"path_per_floor":["M","M","M","?","M","E","M","R","T","R","?","R","M","$","R","B",null,"M","$","?","?","M","R","?","R","T","?","M","M","M","M","R","B",null,"M","?","$","M","?","R","M","E"],"character_chosen":"THE_SILENT","items_purchased":["Footwork","Catalyst"],"campfire_rested":6,"item_purchase_floors":[14,19],"current_hp_per_floor":[59,58,54,54,46,22,21,42,42,42,42,42,34,34,55,25,60,50,50,50,30,31,54,54,77,77,77,77,67,66,46,69,44,69,17,17,17,20,20,61,41,0],"gold":263,"neow_bonus":"TEN_PERCENT_HP_BONUS","is_prod":false,"is_daily":false,"chose_seed":false,"campfire_upgraded":2,"win_rate":0,"timestamp":1548891743,"path_taken":["M","M","M","?","M","E","?","R","T","R","?","R","M","$","R","BOSS","M","$","?","?","M","R","?","R","T","?","?","M","M","M","R","BOSS","M","?","$","M","?","R","M","E"],"build_version":"2019-01-23","purchased_purges":1,"victory":false,"max_hp_per_floor":[72,72,72,72,72,72,72,72,72,72,72,72,72,72,72,72,72,72,72,72,77,77,77,77,77,77,77,77,77,77,77,77,77,77,77,77,77,77,77,77,77,77],"card_choices":[{"not_picked":["Underhanded Strike","Terror"],"picked":"Choke","floor":1.0},{"not_picked":["Accuracy","Bane"],"picked":"Blade Dance","floor":2.0},{"not_picked":["Blade Dance","Prepared"],"picked":"Deadly Poison","floor":3.0},{"not_picked":["PiercingWail","Bane"],"picked":"Bouncing Flask","floor":5.0},{"not_picked":["Calculated Gamble","Acrobatics"],"picked":"Heel Hook","floor":6.0},{"not_picked":["Poisoned Stab","Phantasmal Killer"],"picked":"Predator","floor":7.0},{"not_picked":["Poisoned Stab","Sucker Punch"],"picked":"Deflect","floor":13.0},{"not_picked":["Phantasmal Killer","After Image"],"picked":"Bullet Time","floor":16.0},{"not_picked":["Cloak And Dagger","PiercingWail"],"picked":"Sucker Punch","floor":18.0},{"not_picked":["Slice","Bouncing Flask"],"picked":"Sucker Punch","floor":22.0},{"not_picked":["Blade Dance","Choke"],"picked":"Deflect+1","floor":28.0},{"not_picked":["Slice+1","Unload"],"picked":"Backflip","floor":29.0},{"not_picked":["Poisoned Stab","Tactician"],"picked":"Deadly Poison","floor":30.0},{"not_picked":["Finisher","Sucker Punch","Calculated Gamble"],"picked":"SKIP","floor":31.0},{"not_picked":["Bullet Time","Venomology"],"picked":"Night Terror","floor":33.0},{"not_picked":["Backstab","Concentrate","Tactician"],"picked":"SKIP","floor":35.0},{"not_picked":["Good Instincts","The Bomb"],"picked":"Blind","floor":36.0},{"not_picked":["Cloak And Dagger","Prepared"],"picked":"Backflip","floor":38.0},{"not_picked":["Tactician","Deflect"],"picked":"Well Laid Plans+1","floor":41.0}],"player_experience":1175764,"relics_obtained":[{"floor":6.0,"key":"Blood Vial"},{"floor":9.0,"key":"Mercury Hourglass"},{"floor":26.0,"key":"Meat on the Bone"}],"event_choices":[{"damage_healed":0.0,"max_hp_gain":0.0,"max_hp_loss":0.0,"gold_gain":0.0,"event_name":"Upgrade Shrine","player_choice":"Upgraded","floor":4.0,"gold_loss":0.0,"damage_taken":0.0,"cards_upgraded":["Neutralize"]},{"damage_healed":0.0,"max_hp_gain":0.0,"max_hp_loss":0.0,"gold_gain":0.0,"event_name":"Scrap Ooze","player_choice":"Fled","floor":11.0,"gold_loss":0.0,"damage_taken":0.0},{"damage_healed":0.0,"max_hp_gain":0.0,"max_hp_loss":0.0,"gold_gain":0.0,"event_name":"Back to Basics","player_choice":"Simplicity","floor":20.0,"gold_loss":0.0,"damage_taken":0.0,"cards_upgraded":["Defend_G","Defend_G","Defend_G","Defend_G","Defend_G","Strike_G","Strike_G","Strike_G","Strike_G"]},{"damage_healed":0.0,"max_hp_gain":5.0,"max_hp_loss":0.0,"gold_gain":0.0,"event_name":"Forgotten Altar","player_choice":"Shed Blood","floor":21.0,"gold_loss":0.0,"damage_taken":25.0},{"damage_healed":0.0,"max_hp_gain":0.0,"max_hp_loss":0.0,"gold_gain":0.0,"event_name":"The Library","player_choice":"Read","floor":24.0,"gold_loss":0.0,"damage_taken":0.0,"cards_obtained":["Noxious Fumes"]},{"damage_healed":0.0,"max_hp_gain":0.0,"max_hp_loss":0.0,"gold_gain":0.0,"event_name":"Drug Dealer","player_choice":"Inject Mutagens","floor":27.0,"gold_loss":0.0,"damage_taken":0.0,"relics_obtained":["MutagenicStrength"]},{"damage_healed":0.0,"max_hp_gain":0.0,"max_hp_loss":0.0,"gold_gain":0.0,"event_name":"SensoryStone","player_choice":"Memory 1","floor":36.0,"gold_loss":0.0,"damage_taken":0.0},{"damage_healed":0.0,"max_hp_gain":0.0,"max_hp_loss":0.0,"gold_gain":0.0,"event_name":"WeMeetAgain","player_choice":"Gave Potion","floor":39.0,"gold_loss":0.0,"damage_taken":0.0,"relics_obtained":["Smiling Mask"]}],"is_beta":false,"boss_relics":[{"not_picked":["Ectoplasm","Velvet Choker"],"picked":"Fusion Hammer"},{"not_picked":["Lizard Tail","Busted Crown"],"picked":"Eternal Feather"}],"items_purged_floors":[14],"is_endless":false,"potions_floor_spawned":[2,3,6,7,16,22,28,29,30,33,38],"killed_by":"Reptomancer","ascension_level":20}