{"gold_per_floor":[111,123,123,137,149,178,191,191,262,300,313,337,7,7,7,138,138,161,161,182,182,182,242,242,260,260,279,294,313,348,359,359,457,457,474,550,550,603,613,647,647],"floor_reached":41,"playtime":7631,"items_purged":["Injury"],"score":577,"play_id":"7653c08f-0f39-4ecb-aac1-33f44c03981f","local_time":"20181029221218","is_ascension_mode":false,"campfire_choices":[{"data":"Zap","floor":15,"key":"SMITH"},{"floor":24,"key":"REST"},{"data":"Consume","floor":32,"key":"SMITH"}],"neow_cost":"NONE","seed_source_timestamp":202452382896069,"circlet_count":0,"master_deck":["Strike_B+1","Strike_B+1","Defend_B+1","Defend_B+1","Zap+1","Dualcast","Glacier","Lockon","Defragment","White Noise","White Noise","Cold Snap","Thunder Strike","Dark Shackles","Zap","Hello World+1","Chill","Melter","Stack","Reboot","Chaos","Leap","Amplify","Reprogram+1","Rip and Tear+1","Capacitor+1","Capacitor+1","Consume+1","Hello World+1","Aggregate+1","Auto Shields+1","Creative AI+1","Conserve Battery+1","Genetic Algorithm+1","Heatsinks+1","Loop+1","Redo+1","Static Discharge+1"],"relics":["Orrery","Dodecahedron","Bloody Idol","Pear","Incense Burner","Frozen Egg 2","Nuclear Battery","Tiny Chest","Mummified Hand","The Courier","Astrolabe","Toxic Egg 2","Girya","Bottled Lightning"],"potions_floor_usage":[6,6,12,16,23,23,30,33,33,33,33,33,33,38,39,40,40,40],"damage_taken":[{"damage":6,"enemies":"2 Louse","floor":1,"turns":4},{"damage":0,"enemies":"Cultist","floor":2,"turns":4},{"damage":0,"enemies":"Small Slimes","floor":4,"turns":4},{"damage":2,"enemies":"Blue Slaver","floor":5,"turns":5},{"damage":1,"enemies":"Gremlin Nob","floor":6,"turns":5},{"damage":16,"enemies":"Large Slime","floor":7,"turns":4},{"damage":0,"enemies":"3 Sentries","floor":10,"turns":4},{"damage":5,"enemies":"Gremlin Gang","floor":11,"turns":3},{"damage":7,"enemies":"Looter","floor":12,"turns":4},{"damage":10,"enemies":"Hexaghost","floor":16,"turns":13},{"damage":0,"enemies":"Chosen","floor":18,"turns":6},{"damage":0,"enemies":"3 Byrds","floor":20,"turns":8},{"damage":55,"enemies":"Slavers","floor":23,"turns":7},{"damage":0,"enemies":"Snake Plant","floor":25,"turns":5},{"damage":0,"enemies":"3 Cultists","floor":27,"turns":6},{"damage":0,"enemies":"Snecko","floor":28,"turns":4},{"damage":0,"enemies":"Centurion and Healer","floor":29,"turns":5},{"damage":14,"enemies":"Book of Stabbing","floor":30,"turns":4},{"damage":2,"enemies":"Shelled Parasite and Fungi","floor":31,"turns":4},{"damage":46,"enemies":"Automaton","floor":33,"turns":8},{"damage":0,"enemies":"3 Shapes","floor":35,"turns":3},{"damage":62,"enemies":"2 Orb Walkers","floor":38,"turns":6},{"damage":0,"enemies":"3 Darklings","floor":39,"turns":3},{"damage":0,"enemies":"Giant Head","floor":40,"turns":11},{"damage":51,"enemies":"4 Shapes","floor":41,"turns":3}],"seed_played":"454172493403476920","potions_obtained":[{"floor":2,"key":"Block Potion"},{"floor":4,"key":"Weak Potion"},{"floor":7,"key":"Weak Potion"},{"floor":10,"key":"Ancient Potion"},{"floor":11,"key":"Weak Potion"},{"floor":16,"key":"Ancient Potion"},{"floor":25,"key":"FocusPotion"},{"floor":29,"key":"Explosive Potion"},{"floor":30,"key":"EntropicBrew"},{"floor":31,"key":"Poison Potion"},{"floor":33,"key":"Energy Potion"},{"floor":35,"key":"Poison Potion"},{"floor":37,"key":"Swift Potion"},{"floor":37,"key":"EntropicBrew"}],"is_trial":false,"path_per_floor":["M","M","?","M","M","E","M","?","T","E","M","M","$","?","R","B",null,"M","?","M","?","?","E","R","M","T","M","M","M","E","M","R","B",null,"M","T","?","?","M","E"],"character_chosen":"DEFECT","items_purchased":["Frozen Egg 2"],"campfire_rested":1,"item_purchase_floors":[13],"current_hp_per_floor":[69,69,69,69,67,66,50,50,60,60,55,48,48,48,48,38,85,85,85,85,85,85,40,65,70,70,75,80,85,76,79,79,38,85,85,85,85,28,33,38,0],"gold":647,"neow_bonus":"BOSS_RELIC","is_prod":false,"is_daily":false,"chose_seed":false,"campfire_upgraded":2,"win_rate":0.0,"timestamp":1540876338,"path_taken":["M","M","?","M","M","E","M","?","T","E","?","M","$","?","R","BOSS","M","?","M","?","?","E","R","M","T","M","M","M","E","M","R","BOSS","M","?","?","?","M","E","?"],"build_version":"2018-10-25v2","purchased_purges":1,"victory":false,"max_hp_per_floor":[75,75,75,75,75,75,75,75,85,85,85,85,85,85,85,85,85,85,85,85,85,85,85,85,85,85,85,85,85,85,85,85,85,85,85,85,85,85,85,85,85],"card_choices":[{"not_picked":["Steam","Scrape"],"picked":"Glacier","floor":0},{"not_picked":["Steam","Go for the Eyes"],"picked":"Lockon","floor":0},{"not_picked":["Auto Shields","Reprogram"],"picked":"Defragment","floor":0},{"not_picked":["Stack","Steam"],"picked":"White Noise","floor":0},{"not_picked":["Leap","Cold Snap"],"picked":"White Noise","floor":0},{"not_picked":["Leap","Redo"],"picked":"Cold Snap","floor":1},{"not_picked":["Recycle","Rebound"],"picked":"Thunder Strike","floor":2},{"not_picked":["Hologram","Sunder"],"picked":"Hello World","floor":4},{"not_picked":["Stack","Cold Snap"],"picked":"Chill","floor":5},{"not_picked":["Reinforced Body","Coolheaded"],"picked":"Melter","floor":6},{"not_picked":["Gash","Steam"],"picked":"Stack","floor":7},{"not_picked":["Heatsinks","Barrage"],"picked":"Reboot","floor":10},{"not_picked":["Go for the Eyes","Cold Snap"],"picked":"Chaos","floor":11},{"not_picked":["Barrage","Beam Cell"],"picked":"Leap","floor":12},{"not_picked":["Echo Form+1","Reboot"],"picked":"Amplify","floor":16},{"not_picked":["Cold Snap","Scrape"],"picked":"Reprogram+1","floor":18},{"not_picked":["Go for the Eyes","Steam Power","Cold Snap"],"picked":"SKIP","floor":20},{"not_picked":["Melter","Sweeping Beam"],"picked":"Rip and Tear+1","floor":23},{"not_picked":["Darkness+1","Conserve Battery"],"picked":"Capacitor+1","floor":25},{"not_picked":["Scrape","Streamline+1"],"picked":"Capacitor+1","floor":27},{"not_picked":["Cold Snap","Hologram+1"],"picked":"Consume","floor":28},{"not_picked":["Beam Cell","Turbo"],"picked":"Hello World+1","floor":29},{"not_picked":["Streamline+1","Cold Snap+1"],"picked":"Aggregate+1","floor":30},{"not_picked":["Beam Cell+1","Rip and Tear+1"],"picked":"Auto Shields+1","floor":31},{"not_picked":["Machine Learning+1","Buffer+1"],"picked":"Creative AI+1","floor":33},{"not_picked":["Doom and Gloom+1","Coolheaded","Barrage+1"],"picked":"SKIP","floor":35},{"not_picked":["Compile Driver+1","Streamline"],"picked":"Loop+1","floor":38},{"not_picked":["Reinforced Body+1","Gash+1"],"picked":"Redo+1","floor":39},{"not_picked":["Lockon+1","Consume+1"],"picked":"Static Discharge+1","floor":40}],"player_experience":178618,"relics_obtained":[{"floor":6,"key":"Dodecahedron"},{"floor":9,"key":"Pear"},{"floor":10,"key":"Incense Burner"},{"floor":23,"key":"Tiny Chest"},{"floor":26,"key":"Mummified Hand"},{"floor":30,"key":"The Courier"},{"floor":36,"key":"Toxic Egg 2"},{"floor":38,"key":"Girya"},{"floor":40,"key":"Bottled Lightning"}],"event_choices":[{"damage_healed":0,"gold_gain":0,"player_choice":"2 cards matched","damage_taken":0,"max_hp_gain":0,"max_hp_loss":0,"event_name":"Match and Keep!","floor":3,"gold_loss":0,"cards_obtained":["Dark Shackles","Zap"]},{"damage_healed":0,"gold_gain":0,"player_choice":"Take Wound","damage_taken":0,"relics_obtained":["Golden Idol"],"max_hp_gain":0,"max_hp_loss":0,"event_name":"Golden Idol","floor":8,"gold_loss":0,"cards_obtained":["Injury"]},{"damage_healed":0,"gold_gain":0,"player_choice":"Upgraded","damage_taken":0,"max_hp_gain":0,"max_hp_loss":0,"event_name":"Upgrade Shrine","floor":14,"gold_loss":0,"cards_upgraded":["Hello World"]},{"damage_healed":0,"gold_gain":0,"player_choice":"Simplicity","damage_taken":0,"max_hp_gain":0,"max_hp_loss":0,"event_name":"Back to Basics","floor":19,"gold_loss":0,"cards_upgraded":["Strike_B","Strike_B","Strike_B","Strike_B","Defend_B","Defend_B","Defend_B","Defend_B"]},{"damage_healed":0,"gold_gain":0,"player_choice":"Gave Idol","damage_taken":0,"relics_obtained":["Bloody Idol"],"max_hp_gain":0,"max_hp_loss":0,"event_name":"Forgotten Altar","floor":21,"relics_lost":["Golden Idol"],"gold_loss":0},{"cards_removed":["Defend_B"],"damage_healed":0,"gold_gain":0,"player_choice":"Purged","damage_taken":0,"max_hp_gain":0,"max_hp_loss":0,"event_name":"Purifier","floor":22,"gold_loss":0},{"damage_healed":0,"gold_gain":0,"player_choice":"Got Potions","damage_taken":0,"max_hp_gain":0,"max_hp_loss":0,"event_name":"The Lab","floor":37,"gold_loss":0},{"damage_healed":0,"gold_gain":0,"player_choice":"Fight","damage_taken":0,"max_hp_gain":0,"max_hp_loss":0,"event_name":"Mysterious Sphere","floor":38,"gold_loss":0}],"is_beta":false,"boss_relics":[{"not_picked":["Ectoplasm","Busted Crown"],"picked":"Nuclear Battery"},{"not_picked":["Velvet Choker","Tiny House"],"picked":"Astrolabe"}],"items_purged_floors":[13],"is_endless":false,"potions_floor_spawned":[2,4,7,10,11,16,25,29,30,31,33,35],"killed_by":"4 Shapes","ascension_level":0}