{"gold_per_floor":[117,117,117,134,134,198,215,276,276,302,16,95,95,110,110,184,184,196,196,196,196,214,214,245,245,322,337,363,363],"floor_reached":29,"playtime":982,"items_purged":["Strike_G"],"score":588,"play_id":"c4682492-b935-4d8a-b937-9d3069d73979","local_time":"20190430124655","is_ascension_mode":true,"campfire_choices":[{"floor":13.0,"key":"REST"},{"data":"Neutralize","floor":15.0,"key":"SMITH"},{"data":"Skewer","floor":23.0,"key":"SMITH"},{"data":"Dash","floor":25.0,"key":"SMITH"}],"neow_cost":"NONE","seed_source_timestamp":0,"circlet_count":0,"master_deck":["AscendersBane","Defend_G","Defend_G","Defend_G","Defend_G","Defend_G","Strike_G","Strike_G","Strike_G","Strike_G","Survivor","Neutralize+1","All Out Attack","Slice","Quick Slash","Skewer+1","Dash+1","Tools of the Trade+1","Caltrops+1","Poisoned Stab","Wraith Form v2+1","Quick Slash","Ghostly","Ghostly","Ghostly","Concentrate","Well Laid Plans+1","Deadly Poison+1","Footwork+1"],"special_seed":0,"relics":["Ring of the Snake","NeowsBlessing","Shuriken","Tiny Chest","Pen Nib","Bag of Preparation","Frozen Egg 2","Bag of Marbles","Black Star","Art of War","Happy Flower","Question Card","Peace Pipe","Vajra"],"potions_floor_usage":[],"damage_taken":[{"damage":0.0,"enemies":"2 Louse","floor":1.0,"turns":1.0},{"damage":0.0,"enemies":"Jaw Worm","floor":4.0,"turns":1.0},{"damage":0.0,"enemies":"3 Sentries","floor":6.0,"turns":1.0},{"damage":4.0,"enemies":"Small Slimes","floor":7.0,"turns":3.0},{"damage":25.0,"enemies":"3 Sentries","floor":8.0,"turns":7.0},{"damage":27.0,"enemies":"Lagavulin","floor":10.0,"turns":8.0},{"damage":0.0,"enemies":"2 Fungi Beasts","floor":14.0,"turns":2.0},{"damage":18.0,"enemies":"Slime Boss","floor":16.0,"turns":5.0},{"damage":26.0,"enemies":"3 Byrds","floor":18.0,"turns":6.0},{"damage":4.0,"enemies":"2 Thieves","floor":22.0,"turns":5.0},{"damage":10.0,"enemies":"Slavers","floor":24.0,"turns":6.0},{"damage":0.0,"enemies":"Snake Plant","floor":27.0,"turns":5.0},{"damage":7.0,"enemies":"Gremlin Leader","floor":28.0,"turns":6.0},{"damage":0,"enemies":"Centurion and Healer","floor":29,"turns":1}],"seed_played":"-2295794186083398922","potions_obtained":[{"floor":4.0,"key":"AttackPotion"},{"floor":6.0,"key":"Ancient Potion"},{"floor":7.0,"key":"SkillPotion"},{"floor":10.0,"key":"GhostInAJar"}],"is_trial":false,"path_per_floor":["M","?","?","M","?","E","M","?","T","E","$","?","R","M","R","B",null,"M","?","?","?","M","R","E","R","T","M","E","M"],"character_chosen":"THE_SILENT","items_purchased":["Caltrops+1","Bag of Marbles"],"campfire_rested":1,"item_purchase_floors":[11,11],"current_hp_per_floor":[59,59,59,59,59,59,55,30,30,3,3,3,22,22,22,4,51,25,25,25,25,21,21,11,11,11,11,4,4],"gold":363,"neow_bonus":"THREE_ENEMY_KILL","is_prod":false,"is_daily":false,"chose_seed":false,"campfire_upgraded":3,"win_rate":0,"timestamp":1556624815,"path_taken":["M","?","?","M","?","E","?","?","T","E","$","?","R","M","R","BOSS","M","?","?","?","?","R","E","R","T","M","E","M"],"build_version":"2019-01-23","purchased_purges":1,"victory":false,"max_hp_per_floor":[66,66,66,66,66,66,66,66,66,66,66,66,66,66,66,66,66,66,66,66,33,33,33,33,33,33,33,33,33],"card_choices":[{"not_picked":["Outmaneuver","Flying Knee"],"picked":"All Out Attack","floor":1.0},{"not_picked":["Accuracy","Masterful Stab"],"picked":"Slice","floor":4.0},{"not_picked":["Slice","Concentrate"],"picked":"Quick Slash","floor":6.0},{"not_picked":["Dodge and Roll","Underhanded Strike"],"picked":"Skewer","floor":7.0},{"not_picked":["Masterful Stab","Caltrops"],"picked":"Dash","floor":8.0},{"not_picked":["Dodge and Roll","Prepared"],"picked":"Tools of the Trade","floor":10.0},{"not_picked":["Outmaneuver","Bane"],"picked":"Poisoned Stab","floor":14.0},{"not_picked":["Tools of the Trade+1","Adrenaline"],"picked":"Wraith Form v2+1","floor":16.0},{"not_picked":["Flechettes","Bane"],"picked":"Quick Slash","floor":18.0},{"not_picked":["Setup","Flying Knee"],"picked":"Concentrate","floor":22.0},{"not_picked":["Flying Knee","Predator"],"picked":"Well Laid Plans+1","floor":24.0},{"not_picked":["Masterful Stab","Blade Dance","Flying Knee"],"picked":"Deadly Poison+1","floor":27.0},{"not_picked":["Quick Slash","Expertise","Blur"],"picked":"Footwork+1","floor":28.0}],"player_experience":1322304,"relics_obtained":[{"floor":6.0,"key":"Tiny Chest"},{"floor":8.0,"key":"Pen Nib"},{"floor":9.0,"key":"Bag of Preparation"},{"floor":10.0,"key":"Frozen Egg 2"},{"floor":24.0,"key":"Art of War"},{"floor":24.0,"key":"Happy Flower"},{"floor":26.0,"key":"Question Card"},{"floor":28.0,"key":"Peace Pipe"},{"floor":28.0,"key":"Vajra"}],"event_choices":[{"damage_healed":0.0,"max_hp_gain":0.0,"max_hp_loss":0.0,"gold_gain":0.0,"event_name":"Scrap Ooze","player_choice":"Fled","floor":2.0,"gold_loss":0.0,"damage_taken":0.0},{"damage_healed":0.0,"max_hp_gain":0.0,"max_hp_loss":0.0,"gold_gain":0.0,"event_name":"Golden Idol","player_choice":"Ignored","floor":3.0,"gold_loss":0.0,"damage_taken":0.0},{"damage_healed":0.0,"max_hp_gain":0.0,"max_hp_loss":0.0,"gold_gain":0.0,"event_name":"WeMeetAgain","player_choice":"Gave Potion","floor":5.0,"gold_loss":0.0,"damage_taken":0.0,"relics_obtained":["Shuriken"]},{"damage_healed":0.0,"max_hp_gain":0.0,"max_hp_loss":0.0,"gold_gain":0.0,"event_name":"Dead Adventurer","player_choice":"Searched \u00272\u0027 times","floor":8.0,"gold_loss":0.0,"damage_taken":0.0},{"damage_healed":0.0,"max_hp_gain":0.0,"max_hp_loss":0.0,"gold_gain":79.0,"event_name":"Golden Wing","player_choice":"Gained Gold","floor":12.0,"gold_loss":0.0,"damage_taken":0.0},{"damage_healed":0.0,"max_hp_gain":0.0,"max_hp_loss":0.0,"gold_gain":0.0,"event_name":"Cursed Tome","player_choice":"Ignored","floor":19.0,"gold_loss":0.0,"damage_taken":0.0},{"damage_healed":0.0,"max_hp_gain":0.0,"max_hp_loss":0.0,"gold_gain":0.0,"event_name":"The Mausoleum","player_choice":"Ignored","floor":20.0,"gold_loss":0.0,"damage_taken":0.0},{"damage_healed":0.0,"max_hp_gain":0.0,"max_hp_loss":33.0,"gold_gain":0.0,"event_name":"Ghosts","player_choice":"Became a Ghost","floor":21.0,"gold_loss":0.0,"damage_taken":0.0,"cards_obtained":["Ghostly","Ghostly","Ghostly"]}],"is_beta":false,"boss_relics":[{"not_picked":["HoveringKite","Busted Crown"],"picked":"Black Star"}],"items_purged_floors":[11],"is_endless":false,"potions_floor_spawned":[4,6,7,10,18,27],"killed_by":"Centurion and Healer","ascension_level":20}