{"gold_per_floor":[116,126,126,126,54,54,54,54,54,70,70,70,85,103,103,205,205,225,243,297,311,321,321,337,337,385,385,410,410,428,448,448,549,549,562,25,125,85,85,110,120,120,120,120,120,0,47,47,47,47],"floor_reached":51,"playtime":4661,"items_purged":[],"score":818,"play_id":"e829454b-3c72-49f1-899d-d9482d23f246","local_time":"20190422024429","is_ascension_mode":true,"campfire_choices":[{"data":"Demon Form","floor":6.0,"key":"SMITH"},{"data":"Heavy Blade","floor":8.0,"key":"SMITH"},{"data":"Flex","floor":15,"key":"SMITH"},{"floor":23,"key":"REST"},{"floor":25,"key":"REST"},{"floor":29,"key":"REST"},{"floor":32,"key":"REST"},{"data":"Metallicize","floor":45,"key":"SMITH"},{"floor":49,"key":"REST"}],"neow_cost":"NONE","seed_source_timestamp":0,"circlet_count":0,"master_deck":["Impervious","Heavy Blade+1","Demon Form+1","Flex+1","Cleave","Spot Weakness+1","Pommel Strike","Reckless Charge","Feel No Pain+1","True Grit","Metallicize+1","Iron Wave+1","Iron Wave","Seeing Red+1","Reaper","Second Wind+1","Iron Wave+1","Immolate+1","Shrug It Off","Flame Barrier+1","Deep Breath+1","Shrug It Off+1","Madness+1","Madness+1","Heavy Blade+1"],"special_seed":0,"relics":["Burning Blood","Dodecahedron","Bird Faced Urn","Pandora\u0027s Box","Juzu Bracelet","Dream Catcher","Gremlin Horn","Astrolabe","Toxic Egg 2","Question Card","Nunchaku","Potion Belt","Meat on the Bone","Red Mask","Mango","Bottled Flame"],"potions_floor_usage":[21,28,33,37,37,40],"damage_taken":[{"damage":6.0,"enemies":"Jaw Worm","floor":1.0,"turns":6.0},{"damage":4.0,"enemies":"Small Slimes","floor":2.0,"turns":3.0},{"damage":1.0,"enemies":"Cultist","floor":10.0,"turns":3.0},{"damage":11,"enemies":"Blue Slaver","floor":13,"turns":5},{"damage":6,"enemies":"Exordium Wildlife","floor":14,"turns":3},{"damage":0,"enemies":"Slime Boss","floor":16,"turns":7},{"damage":20,"enemies":"2 Thieves","floor":18,"turns":3},{"damage":19,"enemies":"Spheric Guardian","floor":19,"turns":4},{"damage":15,"enemies":"Snecko","floor":21,"turns":3},{"damage":45,"enemies":"Shelled Parasite and Fungi","floor":22,"turns":5},{"damage":44,"enemies":"Snake Plant","floor":24,"turns":5},{"damage":38,"enemies":"Book of Stabbing","floor":28,"turns":7},{"damage":15,"enemies":"3 Cultists","floor":30,"turns":6},{"damage":19,"enemies":"Snecko","floor":31,"turns":4},{"damage":63,"enemies":"Automaton","floor":33,"turns":11},{"damage":18,"enemies":"3 Shapes","floor":35,"turns":4},{"damage":23,"enemies":"Mind Bloom Boss Battle","floor":37,"turns":7},{"damage":49,"enemies":"Reptomancer","floor":40,"turns":8},{"damage":16,"enemies":"3 Darklings","floor":41,"turns":4},{"damage":48,"enemies":"2 Orb Walkers","floor":47,"turns":6},{"damage":104,"enemies":"Time Eater","floor":50,"turns":12}],"seed_played":"7687501975982860210","potions_obtained":[{"floor":10.0,"key":"FearPotion"},{"floor":16,"key":"FearPotion"},{"floor":19,"key":"Swift Potion"},{"floor":21,"key":"SkillPotion"},{"floor":22,"key":"Weak Potion"},{"floor":31,"key":"SteroidPotion"},{"floor":35,"key":"BloodPotion"},{"floor":47,"key":"Swift Potion"}],"is_trial":false,"path_per_floor":["M","M","?","?","$","R","?","R","T","M","$","?","M","M","R","B",null,"M","M","T","M","M","R","M","R","T","?","E","R","M","M","R","B",null,"M","$","?","?","?","E","M","?","T","?","R","?","?","T","R","B",null],"character_chosen":"IRONCLAD","items_purchased":["Demon Form","Shrug It Off","Toxic Egg 2","Question Card"],"campfire_rested":5,"item_purchase_floors":[5,36,36,36],"current_hp_per_floor":[80,80,80,85,85,85,85,85,85,85,85,82,77,77,77,85,85,74,63,63,61,26,53,19,46,46,46,18,45,46,39,68,17,97,99,99,86,86,86,71,79,79,79,66,66,66,54,54,88,32],"gold":47,"neow_bonus":"ONE_RANDOM_RARE_CARD","is_prod":false,"is_daily":false,"chose_seed":false,"campfire_upgraded":4,"win_rate":0,"timestamp":1555915469,"path_taken":["M","M","?","?","$","R","?","R","T","M","$","?","?","M","R","BOSS","M","M","?","M","M","R","M","R","T","?","E","R","M","M","R","BOSS","M","$","?","?","?","E","M","?","T","?","R","?","?","?","R","BOSS"],"build_version":"2019-01-23","purchased_purges":0,"victory":true,"max_hp_per_floor":[80,80,80,85,85,85,85,85,85,85,85,85,85,85,85,85,85,88,88,88,91,91,91,91,91,91,91,91,91,97,97,97,97,97,100,100,100,100,100,100,100,100,100,100,100,100,114,114,114,114],"card_choices":[{"not_picked":["Clash","Pommel Strike"],"picked":"Heavy Blade","floor":1.0},{"not_picked":["Clash","Feel No Pain","Combust"],"picked":"SKIP","floor":2.0},{"not_picked":["Thunderclap","Iron Wave","Clash"],"picked":"SKIP","floor":10.0},{"not_picked":["Thunderclap","Iron Wave","Clash"],"picked":"SKIP","floor":10.0},{"not_picked":["Uppercut","Shockwave"],"picked":"Flex","floor":13},{"not_picked":["Combust","Havoc","Thunderclap"],"picked":"SKIP","floor":14},{"not_picked":["Juggernaut","Brutality"],"picked":"Feed","floor":16},{"not_picked":["Flex","Second Wind+1","Perfected Strike"],"picked":"SKIP","floor":18},{"not_picked":["True Grit+1","Bludgeon","Perfected Strike"],"picked":"SKIP","floor":19},{"not_picked":["Flex","Combust","Thunderclap"],"picked":"SKIP","floor":21},{"not_picked":["Body Slam","Intimidate"],"picked":"Metallicize","floor":22},{"not_picked":["Bloodletting","Shockwave"],"picked":"Iron Wave+1","floor":24},{"not_picked":["Offering","Combust","Reckless Charge+1"],"picked":"SKIP","floor":28},{"not_picked":["Rampage","True Grit"],"picked":"Iron Wave","floor":29},{"not_picked":["Carnage","Hemokinesis","Thunderclap"],"picked":"SKIP","floor":30},{"not_picked":["Body Slam","Headbutt"],"picked":"Seeing Red+1","floor":31},{"not_picked":["Dark Embrace","Fiend Fire"],"picked":"Reaper","floor":33},{"not_picked":["Inflame","Rupture+1","Thunderclap"],"picked":"SKIP","floor":35},{"not_picked":["Inflame","Flex+1","Dropkick+1"],"picked":"Flame Barrier+1","floor":37},{"not_picked":["Swift Strike","Purity+1","HandOfGreed"],"picked":"Deep Breath+1","floor":39},{"not_picked":["True Grit+1","Rupture","Searing Blow"],"picked":"Shrug It Off+1","floor":40},{"not_picked":["Thunderclap","Iron Wave","Whirlwind","Havoc+1"],"picked":"SKIP","floor":41},{"not_picked":["Clothesline","Pommel Strike+1","Perfected Strike+1"],"picked":"Heavy Blade+1","floor":49}],"player_experience":128893,"relics_obtained":[{"floor":9.0,"key":"Dodecahedron"},{"floor":20,"key":"Juzu Bracelet"},{"floor":26,"key":"Dream Catcher"},{"floor":28,"key":"Gremlin Horn"},{"floor":37,"key":"Nunchaku"},{"floor":40,"key":"Potion Belt"},{"floor":43,"key":"Meat on the Bone"},{"floor":47,"key":"Mango"},{"floor":48,"key":"Bottled Flame"}],"event_choices":[{"damage_healed":0.0,"max_hp_gain":0.0,"max_hp_loss":0.0,"gold_gain":0.0,"event_name":"Liars Game","player_choice":"Ignored","floor":3.0,"gold_loss":0.0,"damage_taken":0.0},{"damage_healed":0.0,"max_hp_gain":5.0,"max_hp_loss":0.0,"gold_gain":0.0,"event_name":"Big Fish","player_choice":"Donut","floor":4.0,"gold_loss":0.0,"damage_taken":0.0},{"cards_removed":["Strike_R"],"damage_healed":0.0,"max_hp_gain":0.0,"max_hp_loss":0.0,"gold_gain":0.0,"event_name":"Living Wall","player_choice":"Forget","floor":7.0,"gold_loss":0.0,"damage_taken":0.0},{"damage_healed":0.0,"max_hp_gain":0.0,"max_hp_loss":0.0,"gold_gain":0.0,"event_name":"Scrap Ooze","player_choice":"Success","floor":12.0,"gold_loss":0.0,"damage_taken":3.0,"relics_obtained":["Bird Faced Urn"]},{"damage_healed":0,"gold_gain":0,"cards_transformed":["Juggernaut","Dual Wield"],"player_choice":"Became Test Subject","damage_taken":0,"max_hp_gain":0,"max_hp_loss":0,"event_name":"Drug Dealer","floor":27,"gold_loss":0,"cards_obtained":["Feed","Carnage"]},{"damage_healed":0,"gold_gain":0,"player_choice":"Fight","damage_taken":0,"max_hp_gain":0,"max_hp_loss":0,"event_name":"MindBloom","floor":37,"gold_loss":0},{"damage_healed":0,"gold_gain":0,"player_choice":"Upgraded Two","damage_taken":0,"max_hp_gain":0,"max_hp_loss":0,"event_name":"Designer","floor":38,"gold_loss":40,"cards_upgraded":["Feel No Pain","Spot Weakness"]},{"damage_healed":0,"gold_gain":0,"player_choice":"Memory 1","damage_taken":0,"max_hp_gain":0,"max_hp_loss":0,"event_name":"SensoryStone","floor":39,"gold_loss":0},{"cards_removed":["Feed"],"damage_healed":0,"gold_gain":0,"player_choice":"Removed Attack","damage_taken":0,"max_hp_gain":0,"max_hp_loss":0,"event_name":"Falling","floor":42,"gold_loss":0},{"damage_healed":0,"gold_gain":0,"player_choice":"Embrace Madness","damage_taken":13,"max_hp_gain":0,"max_hp_loss":0,"event_name":"Winding Halls","floor":44,"gold_loss":0,"cards_obtained":["Madness","Madness"]},{"damage_healed":0,"gold_gain":0,"player_choice":"Paid","damage_taken":0,"relics_obtained":["Red Mask"],"max_hp_gain":0,"max_hp_loss":0,"event_name":"Tomb of Lord Red Mask","floor":46,"gold_loss":120},{"damage_healed":0,"gold_gain":0,"player_choice":"Fight","damage_taken":0,"max_hp_gain":0,"max_hp_loss":0,"event_name":"Mysterious Sphere","floor":47,"gold_loss":0}],"is_beta":false,"boss_relics":[{"not_picked":["Tiny House","Cursed Key"],"picked":"Pandora\u0027s Box"},{"not_picked":["Calling Bell","Snecko Eye"],"picked":"Astrolabe"}],"items_purged_floors":[],"is_endless":false,"potions_floor_spawned":[10,16,19,21,22,24,31,35,47],"ascension_level":1}