{"gold_per_floor":[116,116,131,56,69,69,100,120,145,145],"floor_reached":10,"playtime":279,"items_purged":["Strike_G"],"score":136,"play_id":"cc39d3be-64fe-441e-86b4-a5b0a0d0939e","local_time":"20190210211708","is_ascension_mode":true,"campfire_choices":[{"data":"Deep Breath","floor":6.0,"key":"SMITH"}],"neow_cost":"NONE","seed_source_timestamp":15292111486723,"circlet_count":0,"master_deck":["AscendersBane","Defend_G","Defend_G","Defend_G","Defend_G","Defend_G","Strike_G","Strike_G","Strike_G","Strike_G","Survivor","Neutralize","Deep Breath+1","All Out Attack+1","Dodge and Roll","Deadly Poison","Deadly Poison"],"special_seed":0,"relics":["Ring of the Snake","Snake Skull","Anchor"],"potions_floor_usage":[7],"damage_taken":[{"damage":1.0,"enemies":"Jaw Worm","floor":1.0,"turns":4.0},{"damage":0.0,"enemies":"Cultist","floor":3.0,"turns":3.0},{"damage":4.0,"enemies":"Small Slimes","floor":5.0,"turns":3.0},{"damage":44,"enemies":"Gremlin Nob","floor":7,"turns":6},{"damage":3,"enemies":"Red Slaver","floor":8,"turns":6}],"seed_played":"4795414127554089844","potions_obtained":[{"floor":1.0,"key":"Block Potion"},{"floor":3.0,"key":"SpeedPotion"},{"floor":7,"key":"SteroidPotion"}],"is_trial":false,"path_per_floor":["M","?","M","$","M","R","E","M","T","?"],"character_chosen":"THE_SILENT","items_purchased":[],"campfire_rested":0,"item_purchase_floors":[],"current_hp_per_floor":[58,58,58,58,54,54,10,7,7,0],"gold":145,"neow_bonus":"RANDOM_COLORLESS","is_prod":false,"is_daily":false,"chose_seed":false,"campfire_upgraded":1,"win_rate":0,"timestamp":1549833428,"path_taken":["M","?","M","$","?","R","E","M","T","?"],"build_version":"2019-01-23","purchased_purges":1,"victory":false,"max_hp_per_floor":[66,66,66,66,66,66,66,66,66,66],"card_choices":[{"not_picked":["Concentrate","Backflip"],"picked":"All Out Attack","floor":1.0},{"not_picked":["Slice","Bane"],"picked":"Dodge and Roll","floor":3.0},{"not_picked":["Outmaneuver","PiercingWail"],"picked":"Deadly Poison","floor":5.0},{"not_picked":["Tactician","Setup","Underhanded Strike"],"picked":"SKIP","floor":7},{"not_picked":["Setup","Dagger Throw"],"picked":"Deadly Poison","floor":8}],"player_experience":1200638,"relics_obtained":[{"floor":7,"key":"Snake Skull"},{"floor":9,"key":"Anchor"}],"event_choices":[{"damage_healed":0.0,"max_hp_gain":0.0,"max_hp_loss":0.0,"gold_gain":0.0,"event_name":"Upgrade Shrine","player_choice":"Upgraded","floor":2.0,"gold_loss":0.0,"damage_taken":0.0,"cards_upgraded":["All Out Attack"]}],"is_beta":false,"boss_relics":[],"items_purged_floors":[4],"is_endless":false,"potions_floor_spawned":[1,3,7],"ascension_level":20}