{"gold_per_floor":[117,87,51,68,18,50,50,79,102,102,135,146,146,158,158,255,255,269,194,293,159,174,174,200,200,200,210,240,240,267,282,282,378,378,392,392,406,421,29,61,61,72,146,162,162,173,200,218,218,218],"floor_reached":51,"playtime":6944,"items_purged":[],"score":849,"play_id":"1ab124bd-3345-402a-a667-d3aabe6e0182","local_time":"20190514005247","is_ascension_mode":true,"campfire_choices":[{"data":"Defragment","floor":7.0,"key":"SMITH"},{"data":"Capacitor","floor":10.0,"key":"SMITH"},{"data":"Zap","floor":13.0,"key":"SMITH"},{"data":"Dualcast","floor":15.0,"key":"SMITH"},{"data":"Echo Form","floor":23.0,"key":"SMITH"},{"floor":29.0,"key":"REST"},{"floor":32.0,"key":"REST"},{"data":"Multi-Cast","floor":41.0,"key":"SMITH"},{"data":"Seek","floor":45.0,"key":"SMITH"},{"data":"Turbo","floor":49,"key":"SMITH"}],"neow_cost":"NONE","seed_source_timestamp":0,"circlet_count":0,"master_deck":["Zap+1","Dualcast+1","Leap","Defragment+1","Auto Shields","Cold Snap","Capacitor+1","Blizzard","Ball Lightning","Coolheaded","Echo Form+1","Conserve Battery","Capacitor","FTL","Ball Lightning","Genetic Algorithm","Force Field","Enlightenment","Stack","Leap","Multi-Cast+1","Skim","Coolheaded+1","Creative AI","Sunder","Seek+1","Fusion+1","Madness","Turbo+1","Sunder+1","Chill","Force Field"],"special_seed":0,"relics":["Cracked Core","NeowsBlessing","Happy Flower","Kunai","Strawberry","Question Card","Pandora\u0027s Box","Centennial Puzzle","Orichalcum","DataDisk","Ornamental Fan","Snecko Eye","Symbiotic Virus","Bag of Marbles","Bird Faced Urn","Frozen Egg 2","Unceasing Top"],"potions_floor_usage":[50,50,50],"damage_taken":[{"damage":0.0,"enemies":"Cultist","floor":1.0,"turns":1.0},{"damage":0.0,"enemies":"2 Louse","floor":4.0,"turns":1.0},{"damage":0.0,"enemies":"Gremlin Nob","floor":6.0,"turns":1.0},{"damage":14.0,"enemies":"3 Sentries","floor":8.0,"turns":9.0},{"damage":0.0,"enemies":"Lagavulin","floor":11.0,"turns":9.0},{"damage":0.0,"enemies":"Small Slimes","floor":12.0,"turns":3.0},{"damage":0.0,"enemies":"Exordium Wildlife","floor":14.0,"turns":3.0},{"damage":12.0,"enemies":"The Guardian","floor":16.0,"turns":10.0},{"damage":17.0,"enemies":"Spheric Guardian","floor":18.0,"turns":4.0},{"damage":18.0,"enemies":"3 Byrds","floor":22.0,"turns":5.0},{"damage":22.0,"enemies":"Gremlin Leader","floor":24.0,"turns":7.0},{"damage":30.0,"enemies":"3 Cultists","floor":27.0,"turns":6.0},{"damage":47.0,"enemies":"Slavers","floor":28.0,"turns":7.0},{"damage":15.0,"enemies":"Gremlin Leader","floor":30.0,"turns":7.0},{"damage":4.0,"enemies":"Cultist and Chosen","floor":31.0,"turns":7.0},{"damage":16.0,"enemies":"Automaton","floor":33.0,"turns":8.0},{"damage":0.0,"enemies":"Orb Walker","floor":35.0,"turns":4.0},{"damage":0.0,"enemies":"3 Shapes","floor":37.0,"turns":4.0},{"damage":23.0,"enemies":"Jaw Worm Horde","floor":38.0,"turns":5.0},{"damage":16.0,"enemies":"Reptomancer","floor":40.0,"turns":8.0},{"damage":4.0,"enemies":"Transient","floor":42.0,"turns":5.0},{"damage":26.0,"enemies":"Spire Growth","floor":44.0,"turns":5.0},{"damage":7.0,"enemies":"Maw","floor":46.0,"turns":7.0},{"damage":24.0,"enemies":"Nemesis","floor":47.0,"turns":7.0},{"damage":16,"enemies":"Sphere and 2 Shapes","floor":48,"turns":6},{"damage":1,"enemies":"Time Eater","floor":50,"turns":10}],"seed_played":"-3079141283657795026","potions_obtained":[{"floor":2.0,"key":"Ancient Potion"},{"floor":2.0,"key":"AttackPotion"},{"floor":4.0,"key":"Ancient Potion"},{"floor":8.0,"key":"FocusPotion"},{"floor":11.0,"key":"Energy Potion"},{"floor":27.0,"key":"Ancient Potion"},{"floor":28.0,"key":"FocusPotion"},{"floor":33.0,"key":"Explosive Potion"},{"floor":35.0,"key":"EssenceOfSteel"},{"floor":40.0,"key":"Weak Potion"},{"floor":42.0,"key":"SneckoOil"}],"is_trial":false,"path_per_floor":["M","?","$","M","?","E","R","E","T","R","E","M","R","M","R","B",null,"M","?","?","$","M","R","E","?","T","M","E","R","E","M","R","B",null,"M","?","M","M","$","E","R","M","T","M","R","M","E","M","R","B",null],"character_chosen":"DEFECT","items_purchased":["Defragment","Enlightenment","Stack","Symbiotic Virus","Bag of Marbles"],"campfire_rested":2,"item_purchase_floors":[3,21,21,39,39],"current_hp_per_floor":[75,75,75,75,75,75,75,61,68,68,68,68,68,68,68,56,82,65,65,65,65,47,47,25,92,92,62,15,42,27,23,50,34,92,92,92,92,69,69,53,53,59,59,45,45,56,62,66,66,92],"gold":218,"neow_bonus":"THREE_ENEMY_KILL","is_prod":false,"is_daily":false,"chose_seed":false,"campfire_upgraded":8,"win_rate":0,"timestamp":1557809567,"path_taken":["M","?","$","?","?","E","R","E","T","R","E","M","R","M","R","BOSS","M","?","?","$","M","R","E","?","T","?","E","R","E","M","R","BOSS","M","?","M","M","$","E","R","M","T","M","R","M","E","M","R","BOSS"],"build_version":"2019-01-23","purchased_purges":0,"victory":true,"max_hp_per_floor":[75,75,75,75,75,75,75,75,82,82,82,82,82,82,82,82,82,82,82,82,82,82,82,82,92,92,92,92,92,92,92,92,92,92,92,92,92,92,92,92,92,92,92,92,92,92,92,92,92,92],"card_choices":[{"not_picked":["Redo","Undo"],"picked":"Leap","floor":1.0},{"not_picked":["Scrape","Turbo"],"picked":"Auto Shields","floor":4.0},{"not_picked":["Gash","Blizzard"],"picked":"Cold Snap","floor":6.0},{"not_picked":["Reprogram","Chaos"],"picked":"Capacitor","floor":8.0},{"not_picked":["Fusion","Lockon"],"picked":"Blizzard","floor":11.0},{"not_picked":["Rip and Tear","Undo","Streamline"],"picked":"Ball Lightning","floor":12.0},{"not_picked":["Storm","Ball Lightning","Melter"],"picked":"Coolheaded","floor":14.0},{"not_picked":["Seek","Machine Learning","Creative AI"],"picked":"Echo Form","floor":16.0},{"not_picked":["Reinforced Body","Barrage","Aggregate+1"],"picked":"Force Field","floor":18.0},{"not_picked":["Gash","Turbo","Streamline+1"],"picked":"Leap","floor":22.0},{"not_picked":["Blizzard","Compile Driver","Turbo"],"picked":"Multi-Cast","floor":24.0},{"not_picked":["Auto Shields","Cold Snap","Ball Lightning"],"picked":"Skim","floor":27.0},{"not_picked":["Hello World","Ball Lightning","Beam Cell"],"picked":"Coolheaded+1","floor":28.0},{"not_picked":["Redo+1","White Noise+1","Turbo"],"picked":"Creative AI","floor":30.0},{"not_picked":["Beam Cell","Redo","Gash"],"picked":"Sunder","floor":31.0},{"not_picked":["Core Surge","Meteor Strike","Reboot"],"picked":"Seek","floor":33.0},{"not_picked":["Skim+1","Barrage+1","Doom and Gloom"],"picked":"Fusion+1","floor":35.0},{"not_picked":["Leap+1","Beam Cell","Ball Lightning","Conserve Battery+1"],"picked":"SKIP","floor":37.0},{"not_picked":["Cold Snap","Leap+1","Beam Cell+1"],"picked":"Turbo","floor":38.0},{"not_picked":["Aggregate+1","Force Field","Cold Snap+1"],"picked":"Sunder+1","floor":40.0},{"not_picked":["Steam+1","Heatsinks","Static Discharge+1"],"picked":"Chill","floor":42.0},{"not_picked":["Melter+1","Coolheaded","All For One","Cold Snap"],"picked":"SKIP","floor":44.0},{"not_picked":["Gash","Stack+1","Barrage","Rebound+1"],"picked":"SKIP","floor":46.0},{"not_picked":["Darkness+1","Go for the Eyes","Streamline+1","Ball Lightning+1"],"picked":"SKIP","floor":47.0},{"not_picked":["Redo","Go for the Eyes","Beam Cell+1"],"picked":"Force Field","floor":48}],"player_experience":186472,"relics_obtained":[{"floor":6.0,"key":"Happy Flower"},{"floor":8.0,"key":"Kunai"},{"floor":9.0,"key":"Strawberry"},{"floor":11.0,"key":"Question Card"},{"floor":24.0,"key":"Centennial Puzzle"},{"floor":26.0,"key":"Orichalcum"},{"floor":28.0,"key":"DataDisk"},{"floor":30.0,"key":"Ornamental Fan"},{"floor":40.0,"key":"Bird Faced Urn"},{"floor":43.0,"key":"Frozen Egg 2"},{"floor":47.0,"key":"Unceasing Top"}],"event_choices":[{"damage_healed":0.0,"max_hp_gain":0.0,"max_hp_loss":0.0,"gold_gain":0.0,"event_name":"The Woman in Blue","player_choice":"Bought 2 Potions","floor":2.0,"gold_loss":0.0,"damage_taken":0.0},{"cards_removed":["Strike_B"],"damage_healed":0.0,"max_hp_gain":0.0,"max_hp_loss":0.0,"gold_gain":0.0,"event_name":"The Cleric","player_choice":"Card Removal","floor":5.0,"gold_loss":50.0,"damage_taken":0.0},{"cards_removed":["Gash"],"damage_healed":0.0,"max_hp_gain":0.0,"max_hp_loss":0.0,"gold_gain":0.0,"event_name":"Beggar","player_choice":"Gave Gold","floor":19.0,"gold_loss":75.0,"damage_taken":0.0},{"damage_healed":0.0,"max_hp_gain":0.0,"max_hp_loss":0.0,"gold_gain":99.0,"event_name":"Nest","player_choice":"Stole From Cult","floor":20.0,"gold_loss":0.0,"damage_taken":0.0},{"cards_removed":["Fission"],"damage_healed":57.0,"max_hp_gain":10.0,"max_hp_loss":0.0,"gold_gain":0.0,"event_name":"Bonfire Elementals","player_choice":"Offered Rare","floor":25.0,"gold_loss":0.0,"damage_taken":0.0},{"damage_healed":0.0,"max_hp_gain":0.0,"max_hp_loss":0.0,"gold_gain":0.0,"event_name":"Match and Keep!","player_choice":"1 cards matched","floor":36.0,"gold_loss":0.0,"damage_taken":0.0,"cards_obtained":["Madness"]}],"is_beta":false,"boss_relics":[{"not_picked":["Coffee Dripper","Ectoplasm"],"picked":"Pandora\u0027s Box"},{"not_picked":["Lizard Tail","Astrolabe"],"picked":"Snecko Eye"}],"items_purged_floors":[],"is_endless":false,"potions_floor_spawned":[4,8,11,16,27,28,33,35,40,42,46],"ascension_level":1}