{"gold_per_floor":[210,228,34,52,52,84,94,94,94,107,120,140,41,41,41,170,170,195,195,57,53,53,53,53],"floor_reached":24,"playtime":1305,"items_purged":["Defend_B","Injury"],"score":248,"play_id":"57396c41-ce29-4cce-957d-d1023ae49657","local_time":"20190504221657","is_ascension_mode":true,"campfire_choices":[{"data":"Loop","floor":8.0,"key":"SMITH"},{"data":"Blizzard","floor":15.0,"key":"SMITH"},{"data":"Creative AI","floor":23,"key":"SMITH"}],"neow_cost":"NONE","seed_source_timestamp":0,"circlet_count":0,"master_deck":["Strike_B","Strike_B","Strike_B","Strike_B","Defend_B","Defend_B","Defend_B","Zap+1","Dualcast","Conserve Battery+1","Redo+1","Glacier","Conserve Battery","Beam Cell","Loop+1","Blizzard+1","FTL","Cold Snap","Creative AI+1","Necronomicurse","Storm","Cold Snap"],"special_seed":0,"relics":["Cracked Core","Tiny Chest","War Paint","Bag of Marbles","Golden Idol","Black Star","Necronomicon","Potion Belt"],"potions_floor_usage":[18,24],"damage_taken":[{"damage":1.0,"enemies":"Cultist","floor":1.0,"turns":3.0},{"damage":3.0,"enemies":"2 Louse","floor":2.0,"turns":3.0},{"damage":0.0,"enemies":"Small Slimes","floor":4.0,"turns":2.0},{"damage":29.0,"enemies":"Lagavulin","floor":6.0,"turns":8.0},{"damage":0.0,"enemies":"Blue Slaver","floor":7.0,"turns":3.0},{"damage":0.0,"enemies":"2 Fungi Beasts","floor":10.0,"turns":5.0},{"damage":0.0,"enemies":"Looter","floor":11.0,"turns":4.0},{"damage":3.0,"enemies":"Large Slime","floor":12.0,"turns":6.0},{"damage":15.0,"enemies":"Hexaghost","floor":16.0,"turns":11.0},{"damage":4,"enemies":"3 Byrds","floor":18,"turns":7},{"damage":14,"enemies":"2 Thieves","floor":21,"turns":4},{"damage":39,"enemies":"Gremlin Leader","floor":24,"turns":5}],"seed_played":"-7573817363474335399","potions_obtained":[{"floor":2.0,"key":"SteroidPotion"},{"floor":7.0,"key":"Weak Potion"},{"floor":11.0,"key":"Block Potion"},{"floor":21,"key":"AttackPotion"}],"is_trial":false,"path_per_floor":["M","M","$","M","?","E","M","R","T","M","M","M","$","?","R","B",null,"M","?","$","M","T","R","E"],"character_chosen":"DEFECT","items_purchased":["Tiny Chest","Glacier","Cold Snap","Storm"],"campfire_rested":0,"item_purchase_floors":[3,3,13,20],"current_hp_per_floor":[74,71,71,71,71,42,42,42,42,42,42,39,39,39,39,24,62,58,42,42,28,28,28,0],"gold":53,"neow_bonus":"HUNDRED_GOLD","is_prod":false,"is_daily":false,"chose_seed":false,"campfire_upgraded":3,"win_rate":0,"timestamp":1557033417,"path_taken":["M","M","$","?","?","E","M","R","T","M","M","M","?","?","R","BOSS","M","?","$","M","?","R","E"],"build_version":"2019-01-23","purchased_purges":2,"victory":false,"max_hp_per_floor":[75,75,75,75,75,75,75,75,75,75,75,75,75,75,75,75,75,75,75,75,75,75,75,75],"card_choices":[{"not_picked":["Consume","Streamline"],"picked":"Conserve Battery","floor":1.0},{"not_picked":["Barrage","Force Field"],"picked":"Redo","floor":2.0},{"not_picked":["Go for the Eyes","Rebound"],"picked":"Conserve Battery","floor":4.0},{"not_picked":["Go for the Eyes","Streamline"],"picked":"Beam Cell","floor":6.0},{"not_picked":["Conserve Battery","Stack"],"picked":"Loop","floor":7.0},{"not_picked":["Rebound","Turbo","Lockon"],"picked":"SKIP","floor":10.0},{"not_picked":["Compile Driver","Beam Cell"],"picked":"Blizzard","floor":11.0},{"not_picked":["Stack","Conserve Battery"],"picked":"FTL","floor":12.0},{"not_picked":["Fission","Electrodynamics"],"picked":"Creative AI","floor":16.0},{"not_picked":["Beam Cell","Turbo","Barrage"],"picked":"SKIP","floor":18},{"not_picked":["Capacitor","Beam Cell+1"],"picked":"Cold Snap","floor":21}],"player_experience":471690,"relics_obtained":[{"floor":6.0,"key":"War Paint"},{"floor":9.0,"key":"Bag of Marbles"},{"floor":19,"key":"Necronomicon"},{"floor":22,"key":"Potion Belt"}],"event_choices":[{"damage_healed":0.0,"max_hp_gain":0.0,"max_hp_loss":0.0,"gold_gain":0.0,"event_name":"Accursed Blacksmith","player_choice":"Forge","floor":5.0,"gold_loss":0.0,"damage_taken":0.0,"cards_upgraded":["Zap"]},{"damage_healed":0.0,"max_hp_gain":0.0,"max_hp_loss":0.0,"gold_gain":0.0,"event_name":"Golden Idol","player_choice":"Take Wound","floor":14.0,"gold_loss":0.0,"damage_taken":0.0,"relics_obtained":["Golden Idol"],"cards_obtained":["Injury"]},{"damage_healed":0,"gold_gain":0,"player_choice":"Obtained Book","damage_taken":16,"max_hp_gain":0,"max_hp_loss":0,"event_name":"Cursed Tome","floor":19,"gold_loss":0}],"is_beta":false,"boss_relics":[{"not_picked":["Runic Dome","Busted Crown"],"picked":"Black Star"}],"items_purged_floors":[13,20],"is_endless":false,"potions_floor_spawned":[2,7,11,21],"killed_by":"Gremlin Leader","ascension_level":5}