{"gold_per_floor":[118,118,133,208,208,235,249,277,324,342,34,34,45,58,58,161,161,177,177,452,426,426],"floor_reached":22,"playtime":1889,"items_purged":["Strike_B"],"score":254,"play_id":"4592bef2-e929-4350-910e-54ce4eb2c5c7","local_time":"20181202114555","is_ascension_mode":true,"campfire_choices":[{"data":"Dualcast","floor":12,"key":"SMITH"},{"data":"Finesse","floor":15,"key":"SMITH"}],"neow_cost":"NONE","seed_source_timestamp":35841774292740,"circlet_count":0,"master_deck":["Strike_B+1","Strike_B","Strike_B","Defend_B","Defend_B","Defend_B","Defend_B","Zap+1","Dualcast+1","BootSequence","Cold Snap","Cold Snap+1","Skim","Buffer","Barrage","All For One","Finesse+1","Ball Lightning","Creative AI","White Noise+1","Regret","Storm+1"],"relics":["Cracked Core","NeowsBlessing","CultistMask","Kunai","Whetstone","Regal Pillow","Inserter","Gremlin Horn"],"potions_floor_usage":[8,8,18,21],"damage_taken":[{"damage":0,"enemies":"2 Louse","floor":1,"turns":1},{"damage":0,"enemies":"Cultist","floor":3,"turns":1},{"damage":0,"enemies":"3 Sentries","floor":6,"turns":1},{"damage":0,"enemies":"Small Slimes","floor":7,"turns":2},{"damage":20,"enemies":"Gremlin Nob","floor":8,"turns":4},{"damage":0,"enemies":"Exordium Thugs","floor":10,"turns":4},{"damage":0,"enemies":"2 Fungi Beasts","floor":13,"turns":3},{"damage":0,"enemies":"Looter","floor":14,"turns":2},{"damage":7,"enemies":"The Guardian","floor":16,"turns":10},{"damage":4,"enemies":"Spheric Guardian","floor":18,"turns":5},{"damage":44,"enemies":"2 Thieves","floor":21,"turns":5},{"damage":30,"enemies":"Snake Plant","floor":22,"turns":4}],"seed_played":"3848169142611022552","potions_obtained":[{"floor":1,"key":"SkillPotion"},{"floor":7,"key":"AttackPotion"},{"floor":14,"key":"Strength Potion"},{"floor":16,"key":"SkillPotion"}],"is_trial":false,"path_per_floor":["M","?","M","?","?","E","M","E","T","M","$","R","M","M","R","B",null,"M","?","?","M","M"],"character_chosen":"DEFECT","items_purchased":["All For One","Finesse"],"campfire_rested":0,"item_purchase_floors":[11,11],"current_hp_per_floor":[75,75,75,64,64,64,64,44,44,44,44,44,44,44,44,37,75,71,71,71,27,0],"gold":426,"neow_bonus":"THREE_ENEMY_KILL","is_prod":false,"is_daily":false,"chose_seed":false,"campfire_upgraded":2,"win_rate":0,"timestamp":1543779955,"path_taken":["M","?","?","?","?","E","?","E","T","M","$","R","M","M","R","BOSS","M","?","?","?","M"],"build_version":"2018-11-15","purchased_purges":1,"victory":false,"max_hp_per_floor":[75,75,75,75,75,75,75,75,75,75,75,75,75,75,75,75,75,75,75,75,75,75],"card_choices":[{"not_picked":["Stack","Ball Lightning"],"picked":"BootSequence","floor":1},{"not_picked":["Recycle","Sweeping Beam"],"picked":"Cold Snap","floor":3},{"not_picked":["Steam Power","Beam Cell"],"picked":"Cold Snap","floor":6},{"not_picked":["Turbo","Rip and Tear"],"picked":"Skim","floor":7},{"not_picked":["Beam Cell","Rebound"],"picked":"Buffer","floor":8},{"not_picked":["Steam","Gash"],"picked":"Barrage","floor":10},{"not_picked":["Steam","Rebound"],"picked":"Ball Lightning","floor":13},{"not_picked":["Sweeping Beam","Melter","Tempest"],"picked":"SKIP","floor":14},{"not_picked":["Reboot","Thunder Strike"],"picked":"Creative AI","floor":16},{"not_picked":["Heatsinks+1","Redo"],"picked":"White Noise+1","floor":18},{"not_picked":["Stack","Auto Shields"],"picked":"Storm+1","floor":21}],"player_experience":293463,"relics_obtained":[{"floor":6,"key":"Kunai"},{"floor":8,"key":"Whetstone"},{"floor":9,"key":"Regal Pillow"}],"event_choices":[{"damage_healed":0,"gold_gain":0,"player_choice":"Upgraded","damage_taken":0,"max_hp_gain":0,"max_hp_loss":0,"event_name":"Upgrade Shrine","floor":2,"gold_loss":0,"cards_upgraded":["Zap"]},{"damage_healed":0,"gold_gain":75,"player_choice":"Gather Gold","damage_taken":11,"max_hp_gain":0,"max_hp_loss":0,"event_name":"World of Goop","floor":4,"gold_loss":0},{"damage_healed":0,"gold_gain":0,"player_choice":"Trade","damage_taken":0,"relics_obtained":["CultistMask"],"max_hp_gain":0,"max_hp_loss":0,"event_name":"FaceTrader","floor":5,"gold_loss":0},{"damage_healed":0,"gold_gain":0,"player_choice":"Opened","damage_taken":0,"relics_obtained":["Gremlin Horn"],"max_hp_gain":0,"max_hp_loss":0,"event_name":"The Mausoleum","floor":19,"gold_loss":0},{"damage_healed":0,"gold_gain":275,"player_choice":"Desecrate","damage_taken":0,"max_hp_gain":0,"max_hp_loss":0,"event_name":"Golden Shrine","floor":20,"gold_loss":0,"cards_obtained":["Regret"]}],"is_beta":true,"boss_relics":[{"not_picked":["Runic Pyramid","Velvet Choker"],"picked":"Inserter"}],"items_purged_floors":[11],"is_endless":false,"potions_floor_spawned":[1,7,14,16],"killed_by":"Snake Plant","ascension_level":3}