{"gold_per_floor":[115,135,135,155,167,199,199,199,223,237,249,260,260,289,289,386,386,397,397,397,408,181,181,181,191,216,249,263,224,224,238,238,340,340,357,357,92,144,157,157,171,28,28,47,59,59,59,0,0,0],"floor_reached":51,"playtime":2371,"items_purged":["Shame","Defend_G"],"score":710,"play_id":"459790d6-1736-49e6-81bd-f4825e9744f7","local_time":"20181118221410","is_ascension_mode":true,"campfire_choices":[{"floor":7,"key":"REST"},{"floor":13,"key":"REST"},{"data":"Noxious Fumes","floor":15,"key":"SMITH"},{"floor":24,"key":"REST"},{"floor":30,"key":"REST"},{"floor":32,"key":"REST"},{"floor":40,"key":"REST"},{"floor":49,"key":"REST"}],"neow_cost":"NONE","seed_source_timestamp":33394214632295,"circlet_count":0,"master_deck":["Defend_G","Defend_G","Defend_G","Strike_G","Strike_G","Strike_G","Strike_G","Survivor","Neutralize","Backflip","Prepared","Footwork","Dodge and Roll","Crippling Poison","Dagger Throw","Poisoned Stab","Noxious Fumes+1","Bane","Phantasmal Killer","Impatience","Deadly Poison","Crippling Poison+1","Footwork","After Image","Bandage Up","Terror+1"],"relics":["Philosopher\u0027s Stone","Centennial Puzzle","Snake Skull","Potion Belt","Busted Crown","Oddly Smooth Stone","Vajra","Bronze Scales","Boot","Fusion Hammer","Tingsha","Juzu Bracelet","Gremlin Horn","FossilizedHelix","Red Mask"],"potions_floor_usage":[5,25,27,35,38,50,50,50,50,50],"damage_taken":[{"damage":0,"enemies":"2 Louse","floor":1,"turns":3},{"damage":5,"enemies":"Cultist","floor":2,"turns":4},{"damage":5,"enemies":"Small Slimes","floor":4,"turns":4},{"damage":3,"enemies":"Exordium Wildlife","floor":5,"turns":3},{"damage":23,"enemies":"Lagavulin","floor":6,"turns":13},{"damage":9,"enemies":"Large Slime","floor":10,"turns":10},{"damage":7,"enemies":"Blue Slaver","floor":11,"turns":4},{"damage":2,"enemies":"Red Slaver","floor":12,"turns":4},{"damage":8,"enemies":"3 Sentries","floor":14,"turns":6},{"damage":14,"enemies":"Slime Boss","floor":16,"turns":8},{"damage":17,"enemies":"Spheric Guardian","floor":18,"turns":6},{"damage":10,"enemies":"Chosen","floor":21,"turns":5},{"damage":17,"enemies":"Sentry and Sphere","floor":25,"turns":5},{"damage":20,"enemies":"Slavers","floor":27,"turns":5},{"damage":0,"enemies":"3 Cultists","floor":28,"turns":4},{"damage":2,"enemies":"Cultist and Chosen","floor":31,"turns":5},{"damage":56,"enemies":"Champ","floor":33,"turns":10},{"damage":0,"enemies":"3 Shapes","floor":35,"turns":4},{"damage":26,"enemies":"2 Orb Walkers","floor":38,"turns":4},{"damage":1,"enemies":"Orb Walker","floor":39,"turns":3},{"damage":9,"enemies":"Maw","floor":41,"turns":6},{"damage":8,"enemies":"4 Shapes","floor":44,"turns":4},{"damage":9,"enemies":"3 Darklings","floor":45,"turns":4},{"damage":47,"enemies":"Awakened One","floor":50,"turns":13}],"seed_played":"-8711363710305811322","potions_obtained":[{"floor":1,"key":"Dexterity Potion"},{"floor":2,"key":"Dexterity Potion"},{"floor":3,"key":"EssenceOfSteel"},{"floor":3,"key":"Explosive Potion"},{"floor":5,"key":"Strength Potion"},{"floor":14,"key":"Explosive Potion"},{"floor":18,"key":"SkillPotion"},{"floor":31,"key":"Explosive Potion"},{"floor":33,"key":"Regen Potion"},{"floor":38,"key":"SkillPotion"},{"floor":39,"key":"Explosive Potion"},{"floor":41,"key":"Block Potion"}],"is_trial":false,"path_per_floor":["M","M","?","M","M","E","R","?","T","M","M","M","R","E","R","B",null,"M","?","?","M","$","?","R","M","T","E","M","$","R","M","R","B",null,"M","?","$","?","M","R","M","$","T","M","M","?","?","?","R","B",null],"character_chosen":"THE_SILENT","items_purchased":["Vajra","Footwork","After Image","Bandage Up","Juzu Bracelet"],"campfire_rested":7,"item_purchase_floors":[22,29,37,37,42],"current_hp_per_floor":[70,65,65,60,57,34,55,55,55,46,39,37,58,50,50,36,70,53,53,53,43,43,43,64,47,47,27,27,27,48,46,67,11,70,70,70,70,48,47,68,61,61,61,57,48,48,48,48,69,41],"gold":0,"neow_bonus":"BOSS_RELIC","is_prod":false,"is_daily":false,"chose_seed":false,"campfire_upgraded":1,"win_rate":0,"timestamp":1542579250,"path_taken":["M","M","?","M","?","E","R","?","T","M","M","M","R","E","R","BOSS","M","?","?","M","$","?","R","?","T","E","M","$","R","M","R","BOSS","M","?","$","?","M","R","M","$","T","M","M","?","?","?","R","BOSS"],"build_version":"2018-11-15","purchased_purges":2,"victory":true,"max_hp_per_floor":[70,70,70,70,70,70,70,70,70,70,70,70,70,70,70,70,70,70,70,70,70,70,70,70,70,70,70,70,70,70,70,70,70,70,70,70,70,70,70,70,70,70,70,70,70,70,70,70,70,70],"card_choices":[{"not_picked":["PiercingWail","Concentrate"],"picked":"Backflip","floor":1},{"not_picked":["Leg Sweep","Crippling Poison"],"picked":"Prepared","floor":2},{"not_picked":["Blade Dance","Expertise"],"picked":"Footwork","floor":4},{"not_picked":["Predator","Storm of Steel"],"picked":"Dodge and Roll","floor":5},{"not_picked":["Leg Sweep","Backflip"],"picked":"Crippling Poison","floor":6},{"not_picked":["Slice","Flying Knee"],"picked":"Dagger Throw","floor":10},{"not_picked":["Cloak And Dagger","Grand Finale"],"picked":"Poisoned Stab","floor":11},{"not_picked":["Blade Dance","Underhanded Strike"],"picked":"Noxious Fumes","floor":12},{"not_picked":["Poisoned Stab","Deflect"],"picked":"Bane","floor":14},{"not_picked":["Night Terror","Unload"],"picked":"Phantasmal Killer","floor":16},{"not_picked":["Flying Knee"],"picked":"SKIP","floor":18},{"not_picked":["Expertise"],"picked":"SKIP","floor":21},{"not_picked":[],"picked":"Deadly Poison","floor":25},{"not_picked":[],"picked":"Crippling Poison+1","floor":27},{"not_picked":[],"picked":"Bane","floor":28},{"not_picked":["Quick Slash"],"picked":"SKIP","floor":31},{"not_picked":[],"picked":"Tools of the Trade","floor":33},{"not_picked":["Backflip+1"],"picked":"SKIP","floor":35},{"not_picked":[],"picked":"Terror+1","floor":38},{"not_picked":["Deflect"],"picked":"SKIP","floor":39},{"not_picked":["Deflect"],"picked":"SKIP","floor":41},{"not_picked":["Underhanded Strike"],"picked":"SKIP","floor":44},{"not_picked":["Deadly Poison+1"],"picked":"SKIP","floor":45}],"player_experience":180850,"relics_obtained":[{"floor":6,"key":"Centennial Puzzle"},{"floor":9,"key":"Snake Skull"},{"floor":14,"key":"Potion Belt"},{"floor":26,"key":"Bronze Scales"},{"floor":27,"key":"Boot"},{"floor":38,"key":"Tingsha"},{"floor":43,"key":"Gremlin Horn"}],"event_choices":[{"damage_healed":0,"gold_gain":0,"player_choice":"Got Potions","damage_taken":0,"max_hp_gain":0,"max_hp_loss":0,"event_name":"Lab","floor":3,"gold_loss":0},{"cards_removed":["Defend_G"],"damage_healed":0,"gold_gain":0,"player_choice":"Forget","damage_taken":0,"max_hp_gain":0,"max_hp_loss":0,"event_name":"Living Wall","floor":8,"gold_loss":0},{"damage_healed":0,"gold_gain":0,"player_choice":"Stole Relic","damage_taken":0,"relics_obtained":["Oddly Smooth Stone"],"max_hp_gain":0,"max_hp_loss":0,"event_name":"Addict","floor":19,"gold_loss":0,"cards_obtained":["Shame"]},{"damage_healed":0,"gold_gain":0,"player_choice":"Ignored","damage_taken":0,"max_hp_gain":0,"max_hp_loss":0,"event_name":"Cursed Tome","floor":20,"gold_loss":0},{"damage_healed":0,"gold_gain":0,"player_choice":"1 cards matched","damage_taken":0,"max_hp_gain":0,"max_hp_loss":0,"event_name":"Match and Keep!","floor":23,"gold_loss":0,"cards_obtained":["Impatience"]},{"cards_removed":["Bane"],"damage_healed":0,"gold_gain":0,"player_choice":"Removed Attack","damage_taken":0,"max_hp_gain":0,"max_hp_loss":0,"event_name":"Falling","floor":36,"gold_loss":0},{"damage_healed":0,"gold_gain":0,"player_choice":"Fight","damage_taken":0,"max_hp_gain":0,"max_hp_loss":0,"event_name":"Mysterious Sphere","floor":38,"gold_loss":0},{"cards_removed":["Tools of the Trade"],"damage_healed":0,"gold_gain":0,"player_choice":"Gave Card","damage_taken":0,"relics_obtained":["FossilizedHelix"],"max_hp_gain":0,"max_hp_loss":0,"event_name":"WeMeetAgain","floor":46,"gold_loss":0},{"cards_removed":["Strike_G"],"damage_healed":0,"gold_gain":0,"player_choice":"Card Removal","damage_taken":0,"max_hp_gain":0,"max_hp_loss":0,"event_name":"Wheel of Change","floor":47,"gold_loss":0},{"damage_healed":0,"gold_gain":0,"player_choice":"Paid","damage_taken":0,"relics_obtained":["Red Mask"],"max_hp_gain":0,"max_hp_loss":0,"event_name":"Tomb of Lord Red Mask","floor":48,"gold_loss":59}],"is_beta":true,"boss_relics":[{"not_picked":["Orrery","Cursed Key"],"picked":"Busted Crown"},{"not_picked":["Tiny House","Calling Bell"],"picked":"Fusion Hammer"}],"items_purged_floors":[22,37],"is_endless":false,"potions_floor_spawned":[1,2,5,6,12,14,18,21,31,33,38,39,41],"ascension_level":1}