{"gold_per_floor":[118,118,136,156,156,189,189,221,221,221,239,254,254,272,272,272],"floor_reached":16,"playtime":483,"items_purged":[],"score":224,"play_id":"074843a3-ad07-4fe5-ab3f-4bc9af250257","local_time":"20190427234517","is_ascension_mode":true,"campfire_choices":[{"data":"Zap","floor":7,"key":"SMITH"},{"data":"Streamline","floor":10,"key":"SMITH"},{"floor":13,"key":"REST"},{"data":"Doom and Gloom","floor":15,"key":"SMITH"}],"neow_cost":"NONE","seed_source_timestamp":365156118993100,"circlet_count":0,"master_deck":["AscendersBane","Strike_B","Strike_B","Strike_B","Defend_B","Defend_B","Defend_B","Defend_B","Zap+1","Dualcast","Purity","Glacier","Steam","Steam","Barrage","Scrape","Streamline+1","Doom and Gloom+1","Beam Cell","Gash"],"relics":["Cracked Core","PreservedInsect","Mango","Gremlin Horn"],"potions_floor_usage":[6,6,16],"damage_taken":[{"damage":1,"enemies":"Cultist","floor":1,"turns":3},{"damage":6,"enemies":"Small Slimes","floor":3,"turns":4},{"damage":1,"enemies":"Jaw Worm","floor":4,"turns":6},{"damage":21,"enemies":"Gremlin Nob","floor":6,"turns":4},{"damage":14,"enemies":"Lagavulin","floor":8,"turns":5},{"damage":1,"enemies":"Blue Slaver","floor":11,"turns":2},{"damage":17,"enemies":"Gremlin Gang","floor":12,"turns":3},{"damage":0,"enemies":"Exordium Thugs","floor":14,"turns":2},{"damage":56,"enemies":"Slime Boss","floor":16,"turns":9}],"seed_played":"5510528311905674640","potions_obtained":[{"floor":1,"key":"Fire Potion"},{"floor":4,"key":"FocusPotion"},{"floor":8,"key":"SpeedPotion"},{"floor":12,"key":"FairyPotion"}],"is_trial":false,"path_per_floor":["M","?","M","M","?","E","R","E","T","R","M","M","R","M","R","B"],"character_chosen":"DEFECT","items_purchased":[],"campfire_rested":1,"item_purchase_floors":[],"current_hp_per_floor":[63,63,57,56,56,35,35,35,35,35,34,17,42,42,42,0],"gold":272,"neow_bonus":"RANDOM_COLORLESS","is_prod":false,"is_daily":false,"chose_seed":false,"campfire_upgraded":3,"win_rate":0,"timestamp":1556405117,"path_taken":["M","?","M","M","?","E","R","E","T","R","M","M","R","M","R","BOSS"],"build_version":"2019-01-23","purchased_purges":0,"victory":false,"max_hp_per_floor":[71,71,71,71,71,71,71,85,85,85,85,85,85,85,85,85],"card_choices":[{"not_picked":["Coolheaded","FTL"],"picked":"Glacier","floor":1},{"not_picked":["Gash","Auto Shields"],"picked":"Steam","floor":3},{"not_picked":["Coolheaded","Conserve Battery"],"picked":"Steam","floor":4},{"not_picked":["Sweeping Beam","Undo"],"picked":"Scrape","floor":6},{"not_picked":["White Noise","Beam Cell"],"picked":"Streamline","floor":8},{"not_picked":["Redo","Streamline"],"picked":"Doom and Gloom","floor":11},{"not_picked":["Hologram","Meteor Strike"],"picked":"Beam Cell","floor":12},{"not_picked":["Hologram","Conserve Battery"],"picked":"Gash","floor":14}],"player_experience":1319185,"relics_obtained":[{"floor":6,"key":"PreservedInsect"},{"floor":8,"key":"Mango"},{"floor":9,"key":"Gremlin Horn"}],"event_choices":[{"damage_healed":0,"gold_gain":0,"player_choice":"Ignored","damage_taken":0,"max_hp_gain":0,"max_hp_loss":0,"event_name":"Liars Game","floor":2,"gold_loss":0},{"damage_healed":0,"gold_gain":0,"cards_transformed":["Strike_B"],"player_choice":"Transformed","damage_taken":0,"max_hp_gain":0,"max_hp_loss":0,"event_name":"Transmorgrifier","floor":5,"gold_loss":0,"cards_obtained":["Barrage"]}],"is_beta":false,"boss_relics":[],"items_purged_floors":[],"is_endless":false,"potions_floor_spawned":[1,4,8,12],"killed_by":"Slime Boss","ascension_level":20}