{"gold_per_floor":[110,123,123,142,142,142,168,178,205,205,216,250,262,337,337,416,416,416],"floor_reached":18,"playtime":664,"items_purged":[],"score":344,"play_id":"c73832df-8feb-4a72-a7a8-1d60f84b2c3c","local_time":"20190117115248","is_ascension_mode":true,"campfire_choices":[{"data":"Bash","floor":6.0,"key":"SMITH"},{"floor":10.0,"key":"REST"},{"floor":15.0,"key":"REST"}],"neow_cost":"TEN_PERCENT_HP_LOSS","seed_source_timestamp":59227488531226,"circlet_count":0,"master_deck":["AscendersBane","Strike_R","Strike_R+1","Strike_R","Defend_R","Defend_R","Defend_R","Bash+1","Anger+1","Pommel Strike","Pain","Battle Trance","Headbutt","Shrug It Off","True Grit","Metallicize","Immolate","Whirlwind","Pommel Strike","Headbutt","Twin Strike","Twin Strike"],"special_seed":0,"relics":["Burning Blood","WarpedTongs","Juzu Bracelet","Art of War","Whetstone","Orrery"],"potions_floor_usage":[],"damage_taken":[{"damage":2.0,"enemies":"2 Louse","floor":1.0,"turns":3.0},{"damage":7.0,"enemies":"Small Slimes","floor":2.0,"turns":3.0},{"damage":6.0,"enemies":"Cultist","floor":4.0,"turns":3.0},{"damage":40.0,"enemies":"3 Sentries","floor":7.0,"turns":9.0},{"damage":16.0,"enemies":"Blue Slaver","floor":8.0,"turns":3.0},{"damage":14.0,"enemies":"Large Slime","floor":11.0,"turns":4.0},{"damage":11.0,"enemies":"Gremlin Nob","floor":12.0,"turns":3.0},{"damage":3.0,"enemies":"Looter","floor":13.0,"turns":2.0},{"damage":33,"enemies":"Slime Boss","floor":16,"turns":10},{"damage":0,"enemies":"3 Byrds","floor":18,"turns":1}],"seed_played":"-7813269898455505422","potions_obtained":[{"floor":1.0,"key":"Dexterity Potion"},{"floor":7.0,"key":"Explosive Potion"}],"is_trial":false,"path_per_floor":["M","M","?","M","?","R","E","M","T","R","M","E","M","?","R","B",null,"M"],"character_chosen":"IRONCLAD","items_purchased":[],"campfire_rested":2,"item_purchase_floors":[],"current_hp_per_floor":[68,67,60,60,60,60,26,16,16,36,28,23,26,15,35,8,53,53],"gold":416,"neow_bonus":"REMOVE_TWO","is_prod":false,"is_daily":false,"chose_seed":false,"campfire_upgraded":1,"win_rate":0,"timestamp":1547725968,"path_taken":["M","M","?","M","?","R","E","M","T","R","M","E","M","?","R","BOSS","M"],"build_version":"2019-01-10","purchased_purges":0,"victory":false,"max_hp_per_floor":[68,68,68,68,68,68,68,68,68,68,68,68,68,68,68,68,68,68],"card_choices":[{"not_picked":["Pommel Strike","Warcry"],"picked":"Anger","floor":1.0},{"not_picked":["Twin Strike","Headbutt"],"picked":"Pommel Strike","floor":2.0},{"not_picked":["Sentinel","Havoc","Corruption"],"picked":"SKIP","floor":4.0},{"not_picked":["Cleave","Barricade"],"picked":"Battle Trance","floor":7.0},{"not_picked":["Infernal Blade","Body Slam"],"picked":"Headbutt","floor":8.0},{"not_picked":["Shockwave","Clash"],"picked":"Shrug It Off","floor":11.0},{"not_picked":["Reckless Charge","Clothesline"],"picked":"True Grit","floor":12.0},{"not_picked":["Seeing Red","Twin Strike"],"picked":"Metallicize","floor":13.0},{"not_picked":["Limit Break","Barricade"],"picked":"Immolate","floor":16},{"not_picked":["Reckless Charge","Sever Soul"],"picked":"Whirlwind","floor":17},{"not_picked":["Sword Boomerang","Hemokinesis"],"picked":"Pommel Strike","floor":17},{"not_picked":["Flex","Feel No Pain"],"picked":"Headbutt","floor":17},{"not_picked":["Second Wind","Disarm"],"picked":"Twin Strike","floor":17},{"not_picked":["Cleave","Wild Strike"],"picked":"Twin Strike","floor":17}],"player_experience":1144771,"relics_obtained":[{"floor":7.0,"key":"Juzu Bracelet"},{"floor":9.0,"key":"Art of War"},{"floor":12.0,"key":"Whetstone"}],"event_choices":[{"cards_removed":["Strike_R"],"damage_healed":0.0,"max_hp_gain":0.0,"max_hp_loss":0.0,"gold_gain":0.0,"event_name":"Golden Wing","player_choice":"Card Removal","floor":3.0,"gold_loss":0.0,"damage_taken":7.0},{"damage_healed":0.0,"max_hp_gain":0.0,"max_hp_loss":0.0,"gold_gain":0.0,"event_name":"Accursed Blacksmith","player_choice":"Rummage","floor":5.0,"gold_loss":0.0,"damage_taken":0.0,"relics_obtained":["WarpedTongs"],"cards_obtained":["Pain"]},{"damage_healed":0.0,"max_hp_gain":0.0,"max_hp_loss":0.0,"gold_gain":75.0,"event_name":"World of Goop","player_choice":"Gather Gold","floor":14.0,"gold_loss":0.0,"damage_taken":11.0}],"is_beta":false,"boss_relics":[{"not_picked":["Runic Cube","Runic Dome"],"picked":"Orrery"}],"items_purged_floors":[],"is_endless":false,"potions_floor_spawned":[1,7,8],"killed_by":"3 Byrds","ascension_level":20}