{"gold_per_floor":[117,117,67,85,95,95,20,20,20,20,36,64,64,81,81,81],"floor_reached":16,"playtime":1341,"items_purged":["Strike_R"],"score":100,"play_id":"b6cd57cf-b6b7-468a-856d-55edb357e44c","local_time":"20190331212229","is_ascension_mode":false,"campfire_choices":[{"data":"Bash","floor":6,"key":"SMITH"},{"data":"Spot Weakness","floor":10,"key":"SMITH"},{"floor":13,"key":"REST"},{"floor":15,"key":"REST"}],"neow_cost":"TEN_PERCENT_HP_LOSS","seed_source_timestamp":132114025587897,"circlet_count":0,"master_deck":["Strike_R","Strike_R","Defend_R","Defend_R","Defend_R","Defend_R","Bash+1","Purity","Purity","Iron Wave","Spot Weakness+1","Shockwave","Inflame"],"relics":["Burning Blood","Mummified Hand","Lantern","Dream Catcher"],"potions_floor_usage":[16],"damage_taken":[{"damage":7,"enemies":"Small Slimes","floor":1,"turns":4},{"damage":4,"enemies":"2 Louse","floor":4,"turns":4},{"damage":6,"enemies":"Jaw Worm","floor":5,"turns":5},{"damage":10,"enemies":"3 Louse","floor":11,"turns":4},{"damage":39,"enemies":"3 Sentries","floor":12,"turns":9},{"damage":1,"enemies":"Exordium Wildlife","floor":14,"turns":3},{"damage":61,"enemies":"Slime Boss","floor":16,"turns":9}],"seed_played":"4176923836763324029","potions_obtained":[{"floor":1,"key":"Strength Potion"},{"floor":11,"key":"SteroidPotion"},{"floor":14,"key":"SpeedPotion"}],"is_trial":false,"path_per_floor":["M","?","?","M","M","R","$","?","T","R","M","E","R","M","R","B"],"character_chosen":"IRONCLAD","items_purchased":[],"campfire_rested":2,"item_purchase_floors":[],"current_hp_per_floor":[71,64,64,66,66,66,66,48,48,48,44,11,32,37,58,0],"gold":81,"neow_bonus":"RANDOM_COLORLESS_2","is_prod":false,"is_daily":false,"chose_seed":false,"campfire_upgraded":2,"win_rate":0,"timestamp":1554081749,"path_taken":["M","?","?","M","?","R","$","?","T","R","M","E","R","M","R","BOSS"],"build_version":"2019-01-23","purchased_purges":1,"victory":false,"max_hp_per_floor":[72,72,72,72,72,72,72,72,72,72,72,72,72,72,72,72],"card_choices":[{"not_picked":["Warcry","Wild Strike"],"picked":"Iron Wave","floor":1},{"not_picked":["Heavy Blade","Warcry"],"picked":"Spot Weakness","floor":4},{"not_picked":["Combust","Wild Strike","Sword Boomerang"],"picked":"SKIP","floor":5},{"not_picked":["Sword Boomerang","True Grit","Havoc"],"picked":"SKIP","floor":11},{"not_picked":["Rage","Ghostly Armor"],"picked":"Shockwave","floor":12},{"not_picked":["Reaper","Rupture"],"picked":"Inflame","floor":13},{"not_picked":["Body Slam","Shrug It Off","Searing Blow"],"picked":"SKIP","floor":14}],"player_experience":79419,"relics_obtained":[{"floor":9,"key":"Lantern"},{"floor":12,"key":"Dream Catcher"}],"event_choices":[{"cards_removed":["Strike_R"],"damage_healed":0,"gold_gain":0,"player_choice":"Card Removal","damage_taken":7,"max_hp_gain":0,"max_hp_loss":0,"event_name":"Golden Wing","floor":2,"gold_loss":0},{"cards_removed":["Strike_R"],"damage_healed":0,"gold_gain":0,"player_choice":"Card Removal","damage_taken":0,"max_hp_gain":0,"max_hp_loss":0,"event_name":"The Cleric","floor":3,"gold_loss":50},{"damage_healed":0,"gold_gain":0,"player_choice":"Success","damage_taken":18,"relics_obtained":["Mummified Hand"],"max_hp_gain":0,"max_hp_loss":0,"event_name":"Scrap Ooze","floor":8,"gold_loss":0}],"is_beta":false,"boss_relics":[],"items_purged_floors":[7],"is_endless":false,"potions_floor_spawned":[1,11,14],"killed_by":"Slime Boss","ascension_level":0}