{"gold_per_floor":[112,112,37,37,51,51,86,86,113,125,125,155,166,195,195,267,267,278,278,289,204,41,70,70,86,139,139,158,158,158],"floor_reached":30,"playtime":720,"items_purged":["Writhe"],"score":582,"play_id":"aa2392a8-f675-489d-946b-e33ccd34e3be","local_time":"20190427191033","is_ascension_mode":true,"campfire_choices":[{"data":"Chaos","floor":6.0,"key":"SMITH"},{"data":"Zap","floor":8.0,"key":"SMITH"},{"data":"Go for the Eyes","floor":11.0,"key":"SMITH"},{"floor":15.0,"key":"REST"},{"floor":24,"key":"REST"},{"floor":27,"key":"REST"}],"neow_cost":"NONE","seed_source_timestamp":348350398532400,"circlet_count":0,"master_deck":["AscendersBane","Strike_B","Strike_B","Strike_B+1","Defend_B+1","Defend_B","Defend_B","Defend_B","Zap+1","Dualcast","Chaos+1","Rebound","Conserve Battery","Go for the Eyes+1","Ball Lightning","Steam","Scrape","Echo Form","Compile Driver+1","Compile Driver","Capacitor","Fission","Leap","Leap","Decay"],"special_seed":0,"relics":["Cracked Core","NeowsBlessing","Letter Opener","Juzu Bracelet","Anchor","Bronze Scales","Black Star","Blood Vial","DataDisk","Bag of Marbles","Matryoshka","Tiny Chest","Art of War"],"potions_floor_usage":[23,25,25],"damage_taken":[{"damage":0.0,"enemies":"Jaw Worm","floor":1.0,"turns":1.0},{"damage":0.0,"enemies":"Small Slimes","floor":5.0,"turns":1.0},{"damage":0.0,"enemies":"3 Sentries","floor":7.0,"turns":1.0},{"damage":0.0,"enemies":"Cultist","floor":10.0,"turns":2.0},{"damage":3.0,"enemies":"Gremlin Nob","floor":12.0,"turns":3.0},{"damage":0.0,"enemies":"2 Fungi Beasts","floor":13.0,"turns":3.0},{"damage":18.0,"enemies":"Lagavulin","floor":14.0,"turns":4.0},{"damage":15,"enemies":"The Guardian","floor":16,"turns":10},{"damage":1,"enemies":"Spheric Guardian","floor":18,"turns":3},{"damage":11,"enemies":"Chosen","floor":20,"turns":5},{"damage":37,"enemies":"Slavers","floor":23,"turns":4},{"damage":26,"enemies":"3 Cultists","floor":25,"turns":5},{"damage":30,"enemies":"Centurion and Healer","floor":28,"turns":5},{"damage":0,"enemies":"Cultist and Chosen","floor":30,"turns":1}],"seed_played":"8403517088525765349","potions_obtained":[{"floor":4.0,"key":"SteroidPotion"},{"floor":4.0,"key":"SmokeBomb"},{"floor":5.0,"key":"AttackPotion"},{"floor":10.0,"key":"Weak Potion"},{"floor":13.0,"key":"SkillPotion"},{"floor":23,"key":"SkillPotion"},{"floor":28,"key":"SteroidPotion"}],"is_trial":false,"path_per_floor":["M","?","?","?","M","R","E","R","T","M","R","E","M","E","R","B",null,"M","?","M","?","$","E","R","M","T","R","M","?","M"],"character_chosen":"DEFECT","items_purchased":["Capacitor"],"campfire_rested":3,"item_purchase_floors":[22],"current_hp_per_floor":[64,43,43,43,43,43,43,43,43,43,43,40,40,22,43,28,60,59,59,50,50,50,15,36,12,12,33,5,5,7],"gold":158,"neow_bonus":"THREE_ENEMY_KILL","is_prod":false,"is_daily":false,"chose_seed":false,"campfire_upgraded":3,"win_rate":0,"timestamp":1556388633,"path_taken":["M","?","?","?","M","R","E","R","T","M","R","E","M","E","R","BOSS","M","?","M","?","$","E","R","M","T","R","M","?","M"],"build_version":"2019-01-23","purchased_purges":1,"victory":false,"max_hp_per_floor":[71,71,71,71,71,71,71,71,71,71,71,71,71,71,71,71,71,71,71,71,71,71,71,71,71,71,71,71,71,71],"card_choices":[{"not_picked":["Gash","Coolheaded"],"picked":"Chaos","floor":1.0},{"not_picked":["Compile Driver","Redo"],"picked":"Rebound","floor":5.0},{"not_picked":["Compile Driver","Auto Shields"],"picked":"Conserve Battery","floor":7.0},{"not_picked":["Force Field","Chaos"],"picked":"Go for the Eyes","floor":10.0},{"not_picked":["White Noise","Chill"],"picked":"Ball Lightning","floor":12.0},{"not_picked":["Gash","Rebound"],"picked":"Steam","floor":13.0},{"not_picked":["Amplify","Undo"],"picked":"Scrape","floor":14.0},{"not_picked":["Multi-Cast","Hyperbeam"],"picked":"Echo Form","floor":16},{"not_picked":["Beam Cell","Ball Lightning"],"picked":"Compile Driver+1","floor":18},{"not_picked":["Go for the Eyes","Ball Lightning"],"picked":"Compile Driver","floor":20},{"not_picked":["Sweeping Beam","Force Field"],"picked":"Fission","floor":23},{"not_picked":["Gash","Auto Shields"],"picked":"Leap","floor":25},{"not_picked":["Go for the Eyes","Streamline"],"picked":"Leap","floor":28}],"player_experience":1318465,"relics_obtained":[{"floor":7.0,"key":"Letter Opener"},{"floor":9.0,"key":"Juzu Bracelet"},{"floor":12.0,"key":"Anchor"},{"floor":14.0,"key":"Bronze Scales"},{"floor":23,"key":"Bag of Marbles"},{"floor":23,"key":"Matryoshka"},{"floor":26,"key":"Tiny Chest"},{"floor":26,"key":"Art of War"}],"event_choices":[{"damage_healed":0.0,"max_hp_gain":0.0,"max_hp_loss":0.0,"gold_gain":0.0,"event_name":"Shining Light","player_choice":"Entered Light","floor":2.0,"gold_loss":0.0,"damage_taken":21.0,"cards_upgraded":["Defend_B","Strike_B"]},{"cards_removed":["Strike_B"],"damage_healed":0.0,"max_hp_gain":0.0,"max_hp_loss":0.0,"gold_gain":0.0,"event_name":"The Cleric","player_choice":"Card Removal","floor":3.0,"gold_loss":75.0,"damage_taken":0.0},{"damage_healed":0.0,"max_hp_gain":0.0,"max_hp_loss":0.0,"gold_gain":0.0,"event_name":"Lab","player_choice":"Got Potions","floor":4.0,"gold_loss":0.0,"damage_taken":0.0},{"damage_healed":0,"gold_gain":0,"player_choice":"Opened","damage_taken":0,"relics_obtained":["Blood Vial"],"max_hp_gain":0,"max_hp_loss":0,"event_name":"The Mausoleum","floor":19,"gold_loss":0,"cards_obtained":["Writhe"]},{"damage_healed":0,"gold_gain":0,"player_choice":"Obtained Relic","damage_taken":0,"relics_obtained":["DataDisk"],"max_hp_gain":0,"max_hp_loss":0,"event_name":"Addict","floor":21,"gold_loss":85},{"damage_healed":0,"gold_gain":0,"player_choice":"Smashed Altar","damage_taken":0,"max_hp_gain":0,"max_hp_loss":0,"event_name":"Forgotten Altar","floor":29,"gold_loss":0,"cards_obtained":["Decay"]}],"is_beta":false,"boss_relics":[{"not_picked":["Busted Crown","Tiny House"],"picked":"Black Star"}],"items_purged_floors":[22],"is_endless":false,"potions_floor_spawned":[5,10,13,14,23,28],"killed_by":"Cultist and Chosen","ascension_level":20}