{"gold_per_floor":[18,36,36,51,51,51,90,108,134,134,84,109,144,144,144,267,267,288,309,80,93,107,107,107,107,131,131,161,161,82,82],"floor_reached":31,"playtime":5084,"items_purged":["Strike_G"],"score":263,"play_id":"e8854a8c-bcd5-4302-8538-e3e6ef02f0bf","local_time":"20190331231659","is_ascension_mode":false,"campfire_choices":[{"data":"Night Terror","floor":6.0,"key":"SMITH"},{"floor":10.0,"key":"REST"},{"floor":15.0,"key":"REST"},{"floor":23,"key":"REST"},{"floor":25,"key":"REST"},{"data":"Infinite Blades","floor":27,"key":"SMITH"},{"floor":29,"key":"REST"}],"neow_cost":"NO_GOLD","seed_source_timestamp":133473305857177,"circlet_count":0,"master_deck":["Defend_G","Defend_G+1","Defend_G","Strike_G","Strike_G","Strike_G","Survivor+1","Neutralize","Infinite Blades+1","Dagger Throw","Night Terror+1","Bouncing Flask","Blur","Adrenaline+1","Venomology","Accuracy","Accuracy","Finisher","Poisoned Stab","Deadly Poison","Caltrops+1","Infinite Blades"],"special_seed":0,"relics":["Ring of the Serpent","Bloody Idol","War Paint","Potion Belt","Pen Nib","Oddly Smooth Stone","Molten Egg 2"],"potions_floor_usage":[21,21,22,22,22,22,28,28,28,28],"damage_taken":[{"damage":2.0,"enemies":"Jaw Worm","floor":1.0,"turns":5.0},{"damage":6.0,"enemies":"2 Louse","floor":2.0,"turns":4.0},{"damage":0.0,"enemies":"Cultist","floor":4.0,"turns":3.0},{"damage":29.0,"enemies":"Lagavulin","floor":7.0,"turns":11.0},{"damage":2.0,"enemies":"Blue Slaver","floor":8.0,"turns":5.0},{"damage":6.0,"enemies":"Large Slime","floor":12.0,"turns":6.0},{"damage":25.0,"enemies":"3 Sentries","floor":13.0,"turns":10.0},{"damage":7.0,"enemies":"Hexaghost","floor":16.0,"turns":10.0},{"damage":5.0,"enemies":"Chosen","floor":18.0,"turns":3.0},{"damage":14.0,"enemies":"2 Thieves","floor":19.0,"turns":5.0},{"damage":20,"enemies":"Shelled Parasite and Fungi","floor":21,"turns":7},{"damage":14,"enemies":"Sentry and Sphere","floor":22,"turns":3},{"damage":34,"enemies":"Slavers","floor":28,"turns":5},{"damage":51,"enemies":"Cultist and Chosen","floor":31,"turns":6}],"seed_played":"-4133397443815531366","potions_obtained":[{"floor":1.0,"key":"Energy Potion"},{"floor":7.0,"key":"FearPotion"},{"floor":12.0,"key":"Ancient Potion"},{"floor":13.0,"key":"Block Potion"},{"floor":16.0,"key":"Strength Potion"},{"floor":19.0,"key":"Swift Potion"},{"floor":22,"key":"Explosive Potion"}],"is_trial":false,"path_per_floor":["M","M","?","M","?","R","E","M","T","R","?","M","E","?","R","B",null,"M","M","$","M","M","R","?","R","T","R","E","R","$","M"],"character_chosen":"THE_SILENT","items_purchased":["Accuracy","Finisher","Infinite Blades"],"campfire_rested":5,"item_purchase_floors":[20,20,30],"current_hp_per_floor":[68,62,62,62,62,62,33,31,31,50,50,44,19,19,38,31,65,60,46,46,26,12,31,31,50,55,55,26,45,45,0],"gold":82,"neow_bonus":"REMOVE_TWO","is_prod":false,"is_daily":false,"chose_seed":false,"campfire_upgraded":2,"win_rate":0,"timestamp":1554088619,"path_taken":["M","M","?","M","?","R","E","?","T","R","?","M","E","?","R","BOSS","M","?","$","M","?","R","?","R","T","R","E","R","?","M"],"build_version":"2019-01-23","purchased_purges":1,"victory":false,"max_hp_per_floor":[70,70,65,65,65,65,65,65,65,65,65,65,65,65,65,65,65,65,65,65,65,65,65,65,65,65,65,65,65,65,65],"card_choices":[{"not_picked":["Sucker Punch","Slice"],"picked":"Infinite Blades","floor":1.0},{"not_picked":["Noxious Fumes","Backflip"],"picked":"Dagger Throw","floor":2.0},{"not_picked":["Quick Slash","Dodge and Roll","Acrobatics"],"picked":"SKIP","floor":4.0},{"not_picked":["Well Laid Plans","Slice"],"picked":"Bouncing Flask","floor":7.0},{"not_picked":["Acrobatics","Dash","Outmaneuver"],"picked":"SKIP","floor":8.0},{"not_picked":["Dash","Choke"],"picked":"Blur","floor":12.0},{"not_picked":["Predator","Sucker Punch"],"picked":"Adrenaline","floor":13.0},{"not_picked":["Doppelganger","Wraith Form v2"],"picked":"Venomology","floor":16.0},{"not_picked":["Bane","PiercingWail","Terror"],"picked":"SKIP","floor":18.0},{"not_picked":["Leg Sweep+1","Caltrops"],"picked":"Accuracy","floor":19.0},{"not_picked":["Choke","Slice+1"],"picked":"Poisoned Stab","floor":21},{"not_picked":["Slice+1","Backflip"],"picked":"Deadly Poison","floor":22},{"not_picked":["Riddle With Holes","Blur"],"picked":"Caltrops+1","floor":28}],"player_experience":80760,"relics_obtained":[{"floor":7.0,"key":"War Paint"},{"floor":9.0,"key":"Potion Belt"},{"floor":13.0,"key":"Pen Nib"},{"floor":26,"key":"Oddly Smooth Stone"},{"floor":28,"key":"Molten Egg 2"}],"event_choices":[{"damage_healed":0.0,"max_hp_gain":0.0,"max_hp_loss":5.0,"gold_gain":0.0,"event_name":"Golden Idol","player_choice":"Lose Max HP","floor":3.0,"gold_loss":0.0,"damage_taken":0.0,"relics_obtained":["Golden Idol"]},{"damage_healed":0.0,"max_hp_gain":0.0,"max_hp_loss":0.0,"gold_gain":0.0,"event_name":"Match and Keep!","player_choice":"1 cards matched","floor":5.0,"gold_loss":0.0,"damage_taken":0.0,"cards_obtained":["Night Terror"]},{"cards_removed":["Defend_G"],"damage_healed":0.0,"max_hp_gain":0.0,"max_hp_loss":0.0,"gold_gain":0.0,"event_name":"The Cleric","player_choice":"Card Removal","floor":11.0,"gold_loss":50.0,"damage_taken":0.0},{"damage_healed":0.0,"max_hp_gain":0.0,"max_hp_loss":0.0,"gold_gain":0.0,"event_name":"Accursed Blacksmith","player_choice":"Forge","floor":14.0,"gold_loss":0.0,"damage_taken":0.0,"cards_upgraded":["Adrenaline"]},{"damage_healed":0,"gold_gain":0,"player_choice":"Gave Idol","damage_taken":0,"relics_obtained":["Bloody Idol"],"max_hp_gain":0,"max_hp_loss":0,"event_name":"Forgotten Altar","floor":24,"relics_lost":["Golden Idol"],"gold_loss":0}],"is_beta":false,"boss_relics":[{"not_picked":["Fusion Hammer","Ectoplasm"],"picked":"Ring of the Serpent"}],"items_purged_floors":[20],"is_endless":false,"potions_floor_spawned":[1,7,12,13,16,19,22],"killed_by":"Cultist and Chosen","ascension_level":0}