{"gold_per_floor":[119,294,294,244,260,294,307,307,360,49,77,77,89,18,18,116,116,131,142,161,178,205,217,264,276,288,300,331,343,355,378,390,505,517,545,557,588,615,627,639,103,103,128,146,164,183,183,197,197,197],"floor_reached":51,"playtime":3655,"items_purged":["Writhe"],"score":704,"play_id":"95adf3f7-b331-4af4-ba28-308af8052554","local_time":"20190510020244","is_ascension_mode":false,"campfire_choices":[{"data":"Glass Knife","floor":8,"key":"SMITH"},{"data":"Neutralize","floor":12,"key":"SMITH"},{"data":"Noxious Fumes","floor":15,"key":"SMITH"},{"data":"Noxious Fumes","floor":23,"key":"SMITH"},{"floor":27,"key":"REST"},{"data":"Footwork","floor":29,"key":"SMITH"},{"floor":32,"key":"REST"},{"data":"Well Laid Plans","floor":40,"key":"SMITH"},{"data":"Noxious Fumes","floor":49,"key":"SMITH"}],"neow_cost":"NONE","seed_source_timestamp":528412060774458,"circlet_count":0,"master_deck":["Defend_G","Defend_G","Defend_G","Defend_G","Strike_G","Strike_G","Survivor","Neutralize+1","Dagger Throw","Dagger Throw","Glass Knife+1","Dagger Spray","Noxious Fumes+1","Deflect+1","Deflect+1","Noxious Fumes+1","Die Die Die","Distraction+1","Doppelganger+1","Endless Agony+1","Flying Knee+1","Footwork+1","Backflip+1","Caltrops+1","Blur+1","Calculated Gamble+1","Terror+1","Prepared+1","Malaise+1","Footwork+1","Well Laid Plans+1","Noxious Fumes+1","Leg Sweep+1","Bouncing Flask+1","Blur+1","Backflip+1"],"relics":["Ring of the Snake","NeowsBlessing","Blood Vial","Centennial Puzzle","Toxic Egg 2","Dream Catcher","Astrolabe","MawBank","Paper Crane","Nilry\u0027s Codex","Tough Bandages","MutagenicStrength","Sozu","Happy Flower","Lee\u0027s Waffle","Pen Nib","Kunai"],"potions_floor_usage":[],"damage_taken":[{"damage":0,"enemies":"2 Louse","floor":1,"turns":1},{"damage":0,"enemies":"Small Slimes","floor":5,"turns":1},{"damage":0,"enemies":"3 Sentries","floor":6,"turns":1},{"damage":1,"enemies":"Jaw Worm","floor":7,"turns":3},{"damage":23,"enemies":"Lagavulin","floor":11,"turns":5},{"damage":1,"enemies":"Red Slaver","floor":13,"turns":2},{"damage":29,"enemies":"Hexaghost","floor":16,"turns":9},{"damage":3,"enemies":"Shell Parasite","floor":18,"turns":5},{"damage":5,"enemies":"3 Byrds","floor":19,"turns":4},{"damage":17,"enemies":"Centurion and Healer","floor":20,"turns":5},{"damage":7,"enemies":"3 Cultists","floor":21,"turns":5},{"damage":21,"enemies":"Gremlin Leader","floor":24,"turns":5},{"damage":0,"enemies":"Chosen and Byrds","floor":28,"turns":5},{"damage":8,"enemies":"Shelled Parasite and Fungi","floor":31,"turns":4},{"damage":14,"enemies":"Automaton","floor":33,"turns":10},{"damage":0,"enemies":"3 Darklings","floor":35,"turns":4},{"damage":0,"enemies":"Orb Walker","floor":37,"turns":3},{"damage":27,"enemies":"4 Shapes","floor":38,"turns":5},{"damage":0,"enemies":"Spire Growth","floor":44,"turns":6},{"damage":16,"enemies":"Sphere and 2 Shapes","floor":45,"turns":7},{"damage":0,"enemies":"3 Darklings","floor":46,"turns":4},{"damage":5,"enemies":"Spire Growth","floor":48,"turns":4},{"damage":16,"enemies":"Donu and Deca","floor":50,"turns":9}],"seed_played":"2053908613324603104","potions_obtained":[{"floor":5,"key":"Dexterity Potion"},{"floor":7,"key":"Strength Potion"},{"floor":13,"key":"SpeedPotion"}],"is_trial":false,"path_per_floor":["M","?","?","?","M","E","M","R","T","$","E","R","M","$","R","B",null,"M","M","M","M","T","R","E","?","T","R","M","R","?","M","R","B",null,"M","?","M","M","?","R","$","?","T","M","M","M","T","M","R","B",null],"character_chosen":"THE_SILENT","items_purchased":["Toxic Egg 2","Noxious Fumes","Noxious Fumes","Noxious Fumes","Happy Flower","Lee\u0027s Waffle","Leg Sweep+1"],"campfire_rested":2,"item_purchase_floors":[10,10,14,41,41,41,41],"current_hp_per_floor":[70,70,75,75,75,75,74,74,74,74,52,52,53,53,53,26,75,72,69,54,49,49,49,30,14,14,36,38,38,38,32,54,42,75,75,75,75,48,67,67,82,82,82,82,66,68,68,65,65,51],"gold":197,"neow_bonus":"THREE_ENEMY_KILL","is_prod":false,"is_daily":false,"chose_seed":false,"campfire_upgraded":7,"win_rate":0.0,"timestamp":1557471764,"path_taken":["M","?","?","?","M","E","M","R","T","$","E","R","M","?","R","BOSS","M","M","M","M","?","R","E","?","T","R","M","R","?","?","R","BOSS","M","?","M","?","?","R","$","?","T","M","M","M","?","M","R","BOSS"],"build_version":"2019-01-23","purchased_purges":1,"victory":true,"max_hp_per_floor":[70,70,75,75,75,75,75,75,75,75,75,75,75,75,75,75,75,75,75,75,75,75,75,75,75,75,75,75,75,75,75,75,75,75,75,75,75,75,75,75,82,82,82,82,82,82,82,82,82,82],"card_choices":[{"not_picked":["Prepared","Well Laid Plans"],"picked":"Dagger Throw","floor":1},{"not_picked":["Deflect","Heel Hook"],"picked":"Dagger Throw","floor":5},{"not_picked":["Deflect","Heel Hook"],"picked":"Glass Knife","floor":6},{"not_picked":["Quick Slash","Slice"],"picked":"Dagger Spray","floor":7},{"not_picked":["Outmaneuver+1","Dagger Spray"],"picked":"Deflect+1","floor":11},{"not_picked":["Finisher","Underhanded Strike"],"picked":"Deflect+1","floor":13},{"not_picked":["Envenom","Wraith Form v2"],"picked":"Die Die Die","floor":16},{"not_picked":["Escape Plan+1","Quick Slash"],"picked":"Flying Knee+1","floor":18},{"not_picked":["Finisher","Calculated Gamble+1"],"picked":"Footwork","floor":19},{"not_picked":["Blur+1","Reflex+1"],"picked":"Backflip+1","floor":20},{"not_picked":["Poisoned Stab","Skewer"],"picked":"Caltrops+1","floor":21},{"not_picked":["Riddle With Holes+1","Infinite Blades"],"picked":"Blur+1","floor":24},{"not_picked":["Deflect+1","Expertise+1"],"picked":"Calculated Gamble+1","floor":27},{"not_picked":["Dodge and Roll+1","Phantasmal Killer+1"],"picked":"Terror+1","floor":28},{"not_picked":["Acrobatics+1","Expertise+1","Deflect+1"],"picked":"SKIP","floor":31},{"not_picked":["Endless Agony","Masterful Stab"],"picked":"Prepared+1","floor":32},{"not_picked":["Envenom","Phantasmal Killer+1"],"picked":"Malaise+1","floor":33},{"not_picked":["Eviscerate+1","Quick Slash+1","Riddle With Holes"],"picked":"SKIP","floor":35},{"not_picked":["Blade Dance+1","Prepared+1"],"picked":"Footwork+1","floor":37},{"not_picked":["Dagger Spray+1","Infinite Blades"],"picked":"Well Laid Plans","floor":38},{"not_picked":["Slice","Finisher+1","Expertise+1"],"picked":"SKIP","floor":44},{"not_picked":["Quick Slash+1","Blade Dance+1"],"picked":"Bouncing Flask+1","floor":45},{"not_picked":["Acrobatics+1","Expertise+1"],"picked":"Blur+1","floor":46},{"not_picked":["Flying Knee+1","Well Laid Plans+1"],"picked":"Backflip+1","floor":48}],"player_experience":3880,"relics_obtained":[{"floor":6,"key":"Blood Vial"},{"floor":9,"key":"Centennial Puzzle"},{"floor":11,"key":"Dream Catcher"},{"floor":22,"key":"MawBank"},{"floor":24,"key":"Paper Crane"},{"floor":25,"key":"Nilry\u0027s Codex"},{"floor":26,"key":"Tough Bandages"},{"floor":43,"key":"Pen Nib"},{"floor":47,"key":"Kunai"}],"event_choices":[{"damage_healed":0,"gold_gain":175,"player_choice":"AGREE","damage_taken":0,"max_hp_gain":0,"max_hp_loss":0,"event_name":"Liars Game","floor":2,"gold_loss":0,"cards_obtained":["Doubt"]},{"damage_healed":0,"gold_gain":0,"player_choice":"Donut","damage_taken":0,"max_hp_gain":5,"max_hp_loss":0,"event_name":"Big Fish","floor":3,"gold_loss":0},{"cards_removed":["Doubt"],"damage_healed":0,"gold_gain":0,"player_choice":"Card Removal","damage_taken":0,"max_hp_gain":0,"max_hp_loss":0,"event_name":"The Cleric","floor":4,"gold_loss":50},{"damage_healed":0,"gold_gain":0,"player_choice":"Obtained Book","damage_taken":16,"max_hp_gain":0,"max_hp_loss":0,"event_name":"Cursed Tome","floor":25,"gold_loss":0},{"damage_healed":0,"gold_gain":0,"player_choice":"Inject Mutagens","damage_taken":0,"relics_obtained":["MutagenicStrength"],"max_hp_gain":0,"max_hp_loss":0,"event_name":"Drug Dealer","floor":30,"gold_loss":0},{"damage_healed":0,"gold_gain":0,"player_choice":"Bought 0 Potions","damage_taken":0,"max_hp_gain":0,"max_hp_loss":0,"event_name":"The Woman in Blue","floor":36,"gold_loss":0},{"damage_healed":19,"gold_gain":0,"player_choice":"Writhe","damage_taken":0,"max_hp_gain":0,"max_hp_loss":0,"event_name":"Winding Halls","floor":39,"gold_loss":0,"cards_obtained":["Writhe"]},{"cards_removed":["Defend_G"],"damage_healed":0,"gold_gain":0,"player_choice":"Removed Skill","damage_taken":0,"max_hp_gain":0,"max_hp_loss":0,"event_name":"Falling","floor":42,"gold_loss":0}],"is_beta":false,"boss_relics":[{"not_picked":["Runic Dome","Runic Pyramid"],"picked":"Astrolabe"},{"not_picked":["Calling Bell","Philosopher\u0027s Stone"],"picked":"Sozu"}],"items_purged_floors":[41],"is_endless":false,"potions_floor_spawned":[5,7,13,18,19,21,28,35,37,44,48],"ascension_level":0}