{"gold_per_floor":[119,119,119,130,130,130,161,80,158,158,190,201,232,248,248,345,395,414,339,339,339,351,351,383,383,410,178,204,35,35,61,61,61],"floor_reached":33,"playtime":1865,"items_purged":["Strike_B"],"score":470,"play_id":"213620a5-0b0c-4662-8130-4a4823123521","local_time":"20190502110205","is_ascension_mode":true,"campfire_choices":[{"data":"Zap","floor":6.0,"key":"SMITH"},{"data":"Defragment","floor":10.0,"key":"SMITH"},{"data":"FTL","floor":15.0,"key":"SMITH"},{"data":"Blizzard","floor":23.0,"key":"SMITH"},{"data":"Capacitor","floor":25.0,"key":"SMITH"},{"data":"Rainbow","floor":30,"key":"SMITH"},{"floor":32,"key":"REST"}],"neow_cost":"NONE","seed_source_timestamp":1949635850625716,"circlet_count":0,"master_deck":["Strike_B","Strike_B","Defend_B+1","Defend_B","Defend_B+1","Zap+1","Dualcast","Cold Snap","Double Energy+1","Conserve Battery+1","Defragment+1","Reboot","Cold Snap","FTL+1","Cold Snap+1","Core Surge","Capacitor+1","Blizzard+1","Writhe","Ball Lightning+1","Rainbow+1","Core Surge"],"special_seed":0,"relics":["Cracked Core","Oddly Smooth Stone","Letter Opener","Sundial","War Paint","Vajra","Tiny House","Shuriken","Blue Candle","Pen Nib","Membership Card","Nunchaku","Kunai","Happy Flower"],"potions_floor_usage":[28,31,33],"damage_taken":[{"damage":2.0,"enemies":"2 Louse","floor":1.0,"turns":2.0},{"damage":0.0,"enemies":"Small Slimes","floor":4.0,"turns":3.0},{"damage":9.0,"enemies":"Lagavulin","floor":7.0,"turns":5.0},{"damage":13.0,"enemies":"Gremlin Nob","floor":11.0,"turns":4.0},{"damage":0.0,"enemies":"Jaw Worm","floor":12.0,"turns":3.0},{"damage":0.0,"enemies":"Lagavulin","floor":13.0,"turns":4.0},{"damage":1.0,"enemies":"2 Fungi Beasts","floor":14.0,"turns":3.0},{"damage":0.0,"enemies":"The Guardian","floor":16.0,"turns":11.0},{"damage":0.0,"enemies":"Chosen","floor":18.0,"turns":5.0},{"damage":18.0,"enemies":"2 Thieves","floor":22.0,"turns":3.0},{"damage":30.0,"enemies":"Book of Stabbing","floor":24.0,"turns":7.0},{"damage":23,"enemies":"Gremlin Leader","floor":28,"turns":7},{"damage":18,"enemies":"Book of Stabbing","floor":31,"turns":4},{"damage":43,"enemies":"Collector","floor":33,"turns":6}],"seed_played":"-3987067456264379109","potions_obtained":[{"floor":4.0,"key":"EntropicBrew"},{"floor":11.0,"key":"Dexterity Potion"},{"floor":14.0,"key":"Regen Potion"},{"floor":18.0,"key":"AttackPotion"},{"floor":22.0,"key":"FocusPotion"},{"floor":28,"key":"AttackPotion"}],"is_trial":false,"path_per_floor":["M","?","?","M","?","R","E","$","T","R","E","M","E","M","R","B",null,"M","?","?","?","M","R","E","R","T","$","E","$","R","E","R","B"],"character_chosen":"DEFECT","items_purchased":["Defragment","Membership Card","Rainbow","Kunai"],"campfire_rested":1,"item_purchase_floors":[8,27,29,29],"current_hp_per_floor":[73,78,62,62,55,55,46,46,46,46,33,33,33,32,32,32,85,85,85,85,85,67,67,52,52,52,52,29,29,29,11,36,0],"gold":61,"neow_bonus":"RANDOM_COMMON_RELIC","is_prod":false,"is_daily":false,"chose_seed":false,"campfire_upgraded":6,"win_rate":0,"timestamp":1556820125,"path_taken":["M","?","?","M","?","R","E","?","T","R","E","M","E","M","R","BOSS","M","?","?","?","?","R","E","R","T","?","E","$","R","E","R","BOSS"],"build_version":"2019-01-23","purchased_purges":1,"victory":false,"max_hp_per_floor":[75,80,80,80,80,80,80,80,80,80,80,80,80,80,80,80,85,85,85,85,85,85,85,85,85,85,85,85,85,85,85,85,85],"card_choices":[{"not_picked":["Rebound","Steam"],"picked":"Cold Snap","floor":1.0},{"not_picked":["Go for the Eyes","Force Field"],"picked":"Double Energy","floor":4.0},{"not_picked":["Compile Driver","Static Discharge"],"picked":"Conserve Battery","floor":7.0},{"not_picked":["Recycle","Streamline"],"picked":"Reboot","floor":11.0},{"not_picked":["Genetic Algorithm","Streamline"],"picked":"Cold Snap","floor":12.0},{"not_picked":["Auto Shields","Beam Cell"],"picked":"FTL","floor":13.0},{"not_picked":["Darkness","Stack"],"picked":"Cold Snap","floor":14.0},{"not_picked":["Amplify","Machine Learning"],"picked":"Core Surge","floor":16.0},{"not_picked":["Conserve Battery","Go for the Eyes"],"picked":"Capacitor","floor":17.0},{"not_picked":["Gash+1","Reinforced Body"],"picked":"Blizzard","floor":18.0},{"not_picked":["Sunder","Static Discharge","Gash+1"],"picked":"SKIP","floor":22.0},{"not_picked":["Stack","Turbo","Ball Lightning"],"picked":"SKIP","floor":24.0},{"not_picked":["Melter","Compile Driver"],"picked":"Ball Lightning+1","floor":28},{"not_picked":["Lockon","Beam Cell"],"picked":"Core Surge","floor":31}],"player_experience":465808,"relics_obtained":[{"floor":7.0,"key":"Letter Opener"},{"floor":9.0,"key":"Sundial"},{"floor":11.0,"key":"War Paint"},{"floor":13.0,"key":"Vajra"},{"floor":24.0,"key":"Blue Candle"},{"floor":26.0,"key":"Pen Nib"},{"floor":28,"key":"Nunchaku"},{"floor":31,"key":"Happy Flower"}],"event_choices":[{"damage_healed":0.0,"max_hp_gain":5.0,"max_hp_loss":0.0,"gold_gain":0.0,"event_name":"Big Fish","player_choice":"Donut","floor":2.0,"gold_loss":0.0,"damage_taken":0.0},{"damage_healed":0.0,"max_hp_gain":0.0,"max_hp_loss":0.0,"gold_gain":0.0,"event_name":"Shining Light","player_choice":"Entered Light","floor":3.0,"gold_loss":0.0,"damage_taken":16.0,"cards_upgraded":["Defend_B","Defend_B"]},{"cards_removed":["Defend_B"],"damage_healed":0.0,"max_hp_gain":0.0,"max_hp_loss":0.0,"gold_gain":0.0,"event_name":"Golden Wing","player_choice":"Card Removal","floor":5.0,"gold_loss":0.0,"damage_taken":7.0},{"cards_removed":["Strike_B"],"damage_healed":0.0,"max_hp_gain":0.0,"max_hp_loss":0.0,"gold_gain":0.0,"event_name":"Beggar","player_choice":"Gave Gold","floor":19.0,"gold_loss":75.0,"damage_taken":0.0},{"damage_healed":0.0,"max_hp_gain":0.0,"max_hp_loss":0.0,"gold_gain":0.0,"event_name":"The Mausoleum","player_choice":"Opened","floor":20.0,"gold_loss":0.0,"damage_taken":0.0,"relics_obtained":["Shuriken"],"cards_obtained":["Writhe"]},{"damage_healed":0.0,"max_hp_gain":0.0,"max_hp_loss":0.0,"gold_gain":0.0,"event_name":"The Woman in Blue","player_choice":"Bought 0 Potions","floor":21.0,"gold_loss":0.0,"damage_taken":0.0}],"is_beta":false,"boss_relics":[{"not_picked":["Ectoplasm","Eternal Feather"],"picked":"Tiny House"}],"items_purged_floors":[27],"is_endless":false,"potions_floor_spawned":[4,11,14,18,22,28],"killed_by":"Collector","ascension_level":4}