{"gold_per_floor":[112,187,76,95,105,131,131,149,174,174,174,186,229,256,268,383,395,407,434,463,475,487,527,539,577,614,726,750,797,809,833,845,953,965,996,1019,470,485,504,504,524,524,547,581,581,600,5,105,105,105],"floor_reached":51,"playtime":6407,"items_purged":["Doom and Gloom"],"score":1026,"play_id":"57aafc7f-5b7e-41c2-b853-6fe09237724b","local_time":"20190108224144","is_ascension_mode":true,"campfire_choices":[{"floor":7.0,"key":"REST"},{"data":"Zap","floor":10.0,"key":"SMITH"},{"floor":15.0,"key":"REST"},{"floor":24.0,"key":"REST"},{"floor":30.0,"key":"REST"},{"floor":32.0,"key":"REST"},{"floor":40.0,"key":"REST"},{"floor":42.0,"key":"REST"},{"floor":45,"key":"REST"},{"floor":49,"key":"REST"}],"neow_cost":"NONE","seed_source_timestamp":0,"circlet_count":0,"master_deck":["Zap+1","Dualcast","Defragment","Consume","Reinforced Body+1","Conserve Battery+1","Storm","Chill","Coolheaded","Go for the Eyes","Buffer","Defragment","Thunder Strike","Rainbow","Biased Cognition","White Noise","Genetic Algorithm+1","Aggregate","Scrape","Hologram","Beam Cell+1","Capacitor+1","Compile Driver+1","White Noise","Streamline+1","BootSequence+1","Electrodynamics","Redo+1","Go for the Eyes+1","Skim+1","Backflip+1","Backstab+1","Loop","Evolve+1","Capacitor","Cold Snap+1","Panacea+1","Slimebound:ProtectTheBoss+1"],"special_seed":0,"relics":["Cracked Core","Lantern","War Paint","Strawberry","MawBank","Meat on the Bone","Pandora\u0027s Box","Turnip","Oddly Smooth Stone","Dream Catcher","Molten Egg 2","Velvet Choker","Blood Vial","Art of War","PrismaticShard","Centennial Puzzle","Potion Belt","OrangePellets","Bronze Scales","Calipers"],"potions_floor_usage":[50,50,50],"damage_taken":[{"damage":0.0,"enemies":"Jaw Worm","floor":1.0,"turns":3.0},{"damage":1.0,"enemies":"Cultist","floor":4.0,"turns":4.0},{"damage":0.0,"enemies":"2 Louse","floor":5.0,"turns":2.0},{"damage":23.0,"enemies":"Gremlin Nob","floor":6.0,"turns":5.0},{"damage":0.0,"enemies":"2 Fungi Beasts","floor":8.0,"turns":6.0},{"damage":5.0,"enemies":"3 Sentries","floor":13.0,"turns":9.0},{"damage":0.0,"enemies":"3 Louse","floor":14.0,"turns":6.0},{"damage":20.0,"enemies":"Slime Boss","floor":16.0,"turns":14.0},{"damage":0.0,"enemies":"Shell Parasite","floor":18.0,"turns":1.0},{"damage":2.0,"enemies":"Spheric Guardian","floor":19.0,"turns":4.0},{"damage":16.0,"enemies":"Cultist and Chosen","floor":20.0,"turns":5.0},{"damage":23.0,"enemies":"Book of Stabbing","floor":23.0,"turns":6.0},{"damage":32.0,"enemies":"Slavers","floor":25.0,"turns":4.0},{"damage":0.0,"enemies":"Snecko","floor":28.0,"turns":4.0},{"damage":47.0,"enemies":"Gremlin Leader","floor":29.0,"turns":7.0},{"damage":12.0,"enemies":"Centurion and Healer","floor":31.0,"turns":3.0},{"damage":3.0,"enemies":"Champ","floor":33.0,"turns":12.0},{"damage":16.0,"enemies":"Orb Walker","floor":35.0,"turns":4.0},{"damage":20.0,"enemies":"3 Darklings","floor":36.0,"turns":5.0},{"damage":37.0,"enemies":"Jaw Worm Horde","floor":38.0,"turns":5.0},{"damage":25.0,"enemies":"Spire Growth","floor":39.0,"turns":5.0},{"damage":27.0,"enemies":"Sphere and 2 Shapes","floor":41.0,"turns":4.0},{"damage":42,"enemies":"Reptomancer","floor":44,"turns":5},{"damage":5,"enemies":"4 Shapes","floor":46,"turns":3},{"damage":7,"enemies":"Mind Bloom Boss Battle","floor":48,"turns":5},{"damage":42,"enemies":"Time Eater","floor":50,"turns":8}],"seed_played":"9057058829180142533","potions_obtained":[{"floor":5.0,"key":"Explosive Potion"},{"floor":6.0,"key":"Dexterity Potion"},{"floor":8.0,"key":"Weak Potion"},{"floor":16.0,"key":"SmokeBomb"},{"floor":19.0,"key":"AttackPotion"},{"floor":20.0,"key":"Explosive Potion"},{"floor":31.0,"key":"Strength Potion"},{"floor":38.0,"key":"Poison Potion"},{"floor":44,"key":"Block Potion"},{"floor":46,"key":"Weak Potion"}],"is_trial":false,"path_per_floor":["M","?","$","M","M","E","R","M","T","R","?","?","E","M","R","B",null,"M","M","M","?","?","E","R","E","T","?","M","E","R","M","R","B",null,"M","M","$","M","M","R","M","R","T","E","R","M","$","?","R","B",null],"character_chosen":"DEFECT","items_purchased":["Consume","Reinforced Body","Blood Vial","Art of War","PrismaticShard","OrangePellets","Bronze Scales","Capacitor","Cold Snap+1","FairyPotion"],"campfire_rested":9,"item_purchase_floors":[3,3,37,37,37,47,47,47,47,47],"current_hp_per_floor":[68,57,57,56,56,33,55,55,62,62,62,55,50,50,74,54,75,75,73,57,57,57,46,70,50,50,50,50,15,39,39,63,60,77,61,53,53,30,19,43,30,54,54,26,50,47,47,42,66,38],"gold":105,"neow_bonus":"RANDOM_COMMON_RELIC","is_prod":false,"is_daily":false,"chose_seed":false,"campfire_upgraded":1,"win_rate":0,"timestamp":1547016104,"path_taken":["M","?","?","?","M","E","R","M","T","R","?","?","E","M","R","BOSS","M","M","M","?","?","E","R","E","T","?","M","E","R","M","R","BOSS","M","M","$","M","M","R","?","R","T","E","R","M","$","?","R","BOSS"],"build_version":"2019-01-03v4","purchased_purges":1,"victory":true,"max_hp_per_floor":[75,75,75,75,75,75,75,75,82,82,82,82,82,82,82,82,82,82,82,82,82,82,82,82,82,82,82,82,82,82,82,82,82,82,82,82,82,82,82,82,82,82,82,82,82,82,82,82,82,82],"card_choices":[{"not_picked":["Stack","Coolheaded"],"picked":"Defragment","floor":1.0},{"not_picked":["Barrage","Redo"],"picked":"Conserve Battery","floor":4.0},{"not_picked":["Auto Shields","Aggregate"],"picked":"Storm","floor":5.0},{"not_picked":["Go for the Eyes","Leap"],"picked":"Chill","floor":6.0},{"not_picked":["Compile Driver","Sweeping Beam"],"picked":"Coolheaded","floor":8.0},{"not_picked":["Beam Cell","Streamline","Meteor Strike"],"picked":"SKIP","floor":13.0},{"not_picked":["Reinforced Body","Leap"],"picked":"Go for the Eyes","floor":14.0},{"not_picked":["Amplify","Meteor Strike"],"picked":"Buffer","floor":16.0},{"not_picked":["Compile Driver+1","Barrage+1"],"picked":"White Noise","floor":19.0},{"not_picked":["Stack+1","Beam Cell"],"picked":"Genetic Algorithm+1","floor":20.0},{"not_picked":["Sweeping Beam+1","Consume+1"],"picked":"Hologram","floor":23.0},{"not_picked":["Gash+1","Go for the Eyes"],"picked":"Beam Cell+1","floor":25.0},{"not_picked":["BootSequence","Darkness"],"picked":"Capacitor+1","floor":28.0},{"not_picked":["Aggregate","Steam+1"],"picked":"Compile Driver","floor":29.0},{"not_picked":["Reboot","Aggregate+1"],"picked":"White Noise","floor":30.0},{"not_picked":["Compile Driver+1","Hello World"],"picked":"Streamline+1","floor":31.0},{"not_picked":["Streamline+1","White Noise"],"picked":"BootSequence+1","floor":32.0},{"not_picked":["Fission","Seek"],"picked":"Electrodynamics","floor":33.0},{"not_picked":["Aggregate+1","Go for the Eyes+1"],"picked":"Redo+1","floor":35.0},{"not_picked":["Redo+1","Aggregate+1"],"picked":"Go for the Eyes+1","floor":35.0},{"not_picked":["Redo+1","Leap+1"],"picked":"Skim+1","floor":36.0},{"not_picked":["Havoc","Outmaneuver+1","Skim"],"picked":"SKIP","floor":38.0},{"not_picked":["Prepared","Havoc","Barrage+1"],"picked":"SKIP","floor":39.0},{"not_picked":["Bane+1","Battle Trance+1"],"picked":"Backflip+1","floor":40.0},{"not_picked":["Armaments","Armaments+1"],"picked":"Backstab+1","floor":41.0},{"not_picked":["Slimebound:SlimeSpikes+1","Chill"],"picked":"Loop","floor":44},{"not_picked":["Magnetism","Catalyst+1"],"picked":"Evolve+1","floor":45},{"not_picked":["Blur","Acrobatics+1","True Grit"],"picked":"SKIP","floor":46},{"not_picked":["Backflip","Slimebound:ProtectTheBoss"],"picked":"Panacea+1","floor":48},{"not_picked":["Discovery","Slimebound:SplitLeeching"],"picked":"Slimebound:ProtectTheBoss+1","floor":49}],"player_experience":211775,"relics_obtained":[{"floor":6.0,"key":"War Paint"},{"floor":9.0,"key":"Strawberry"},{"floor":13.0,"key":"Meat on the Bone"},{"floor":23.0,"key":"Turnip"},{"floor":25.0,"key":"Oddly Smooth Stone"},{"floor":26.0,"key":"Dream Catcher"},{"floor":29.0,"key":"Molten Egg 2"},{"floor":43,"key":"Centennial Puzzle"},{"floor":44,"key":"Potion Belt"},{"floor":48,"key":"Calipers"}],"event_choices":[{"damage_healed":0.0,"max_hp_gain":0.0,"max_hp_loss":0.0,"gold_gain":75.0,"event_name":"World of Goop","player_choice":"Gather Gold","floor":2.0,"gold_loss":0.0,"damage_taken":11.0},{"damage_healed":0.0,"max_hp_gain":0.0,"max_hp_loss":0.0,"gold_gain":0.0,"event_name":"Big Fish","player_choice":"Box","floor":11.0,"gold_loss":0.0,"damage_taken":0.0,"relics_obtained":["MawBank"],"cards_obtained":["Regret"]},{"cards_removed":["Regret"],"damage_healed":0.0,"max_hp_gain":0.0,"max_hp_loss":0.0,"gold_gain":0.0,"event_name":"Golden Wing","player_choice":"Card Removal","floor":12.0,"gold_loss":0.0,"damage_taken":7.0},{"cards_removed":["Chaos"],"damage_healed":0.0,"max_hp_gain":0.0,"max_hp_loss":0.0,"gold_gain":0.0,"event_name":"Back to Basics","player_choice":"Elegance","floor":21.0,"gold_loss":0.0,"damage_taken":0.0},{"damage_healed":0.0,"max_hp_gain":0.0,"max_hp_loss":0.0,"gold_gain":0.0,"cards_transformed":["Hyperbeam","Doom and Gloom"],"event_name":"Drug Dealer","player_choice":"Became Test Subject","floor":22.0,"gold_loss":0.0,"damage_taken":0.0,"cards_obtained":["Aggregate","Scrape"]},{"damage_healed":0.0,"max_hp_gain":0.0,"max_hp_loss":0.0,"gold_gain":100.0,"event_name":"Golden Shrine","player_choice":"Pray","floor":27.0,"gold_loss":0.0,"damage_taken":0.0},{"damage_healed":0,"gold_gain":0,"player_choice":"Fight","damage_taken":0,"max_hp_gain":0,"max_hp_loss":0,"event_name":"MindBloom","floor":48,"gold_loss":0}],"is_beta":false,"boss_relics":[{"not_picked":["Ectoplasm","Runic Dome"],"picked":"Pandora\u0027s Box"},{"not_picked":["Orrery","Snecko Eye"],"picked":"Velvet Choker"}],"items_purged_floors":[37],"is_endless":false,"potions_floor_spawned":[5,6,8,16,18,19,20,31,38,44,46],"ascension_level":8}