{"gold_per_floor":[117,117,131,141,167,167,200,200,200,200,213,172,205,220,220,220],"floor_reached":16,"playtime":434,"items_purged":[],"score":220,"play_id":"768bb519-3b8f-45e3-b9dd-871444ba0531","local_time":"20190517184558","is_ascension_mode":true,"campfire_choices":[{"data":"Iron Wave","floor":6.0,"key":"SMITH"},{"floor":10.0,"key":"REST"},{"floor":15,"key":"REST"}],"neow_cost":"TEN_PERCENT_HP_LOSS","seed_source_timestamp":90630870571300,"circlet_count":0,"master_deck":["AscendersBane","Strike_R","Strike_R","Strike_R","Defend_R","Defend_R","Defend_R","Bash+1","Iron Wave","Thunderclap","Iron Wave+1","Bloodletting","Disarm","Iron Wave"],"special_seed":0,"relics":["Burning Blood","Oddly Smooth Stone","Paper Frog","Pantograph","Meat on the Bone"],"potions_floor_usage":[13,16],"damage_taken":[{"damage":10.0,"enemies":"Small Slimes","floor":1.0,"turns":4.0},{"damage":6.0,"enemies":"Cultist","floor":3.0,"turns":3.0},{"damage":10.0,"enemies":"2 Louse","floor":4.0,"turns":3.0},{"damage":44.0,"enemies":"3 Sentries","floor":7.0,"turns":11.0},{"damage":3.0,"enemies":"Red Slaver","floor":11.0,"turns":3.0},{"damage":36,"enemies":"Gremlin Nob","floor":13,"turns":5},{"damage":11,"enemies":"3 Louse","floor":14,"turns":5},{"damage":72,"enemies":"Slime Boss","floor":16,"turns":7}],"seed_played":"-783347870916545361","potions_obtained":[{"floor":1.0,"key":"Poison Potion"},{"floor":3.0,"key":"Weak Potion"},{"floor":7.0,"key":"BloodPotion"},{"floor":13,"key":"LiquidBronze"}],"is_trial":false,"path_per_floor":["M","?","M","M","T","R","E","?","T","R","M","?","E","M","R","B"],"character_chosen":"IRONCLAD","items_purchased":[],"campfire_rested":2,"item_purchase_floors":[],"current_hp_per_floor":[64,64,64,60,60,60,22,22,22,42,45,45,15,22,42,0],"gold":220,"neow_bonus":"REMOVE_TWO","is_prod":false,"is_daily":false,"chose_seed":false,"campfire_upgraded":1,"win_rate":0,"timestamp":1558115158,"path_taken":["M","?","M","?","?","R","E","?","T","R","?","?","E","M","R","BOSS"],"build_version":"2019-01-23","purchased_purges":0,"victory":false,"max_hp_per_floor":[68,68,68,68,68,68,68,68,68,68,68,68,68,68,68,68],"card_choices":[{"not_picked":["Pummel","Twin Strike"],"picked":"Iron Wave","floor":1.0},{"not_picked":["Spot Weakness","Evolve"],"picked":"Thunderclap","floor":3.0},{"not_picked":["True Grit","Heavy Blade"],"picked":"Iron Wave","floor":4.0},{"not_picked":["Cleave","Anger"],"picked":"Bloodletting","floor":7.0},{"not_picked":["Thunderclap","Juggernaut"],"picked":"Disarm","floor":11.0},{"not_picked":["Spot Weakness","Anger"],"picked":"Iron Wave","floor":13},{"not_picked":["Power Through","Feel No Pain","Headbutt"],"picked":"SKIP","floor":14}],"player_experience":1361248,"relics_obtained":[{"floor":5.0,"key":"Oddly Smooth Stone"},{"floor":7.0,"key":"Paper Frog"},{"floor":9.0,"key":"Pantograph"},{"floor":13,"key":"Meat on the Bone"}],"event_choices":[{"damage_healed":0.0,"max_hp_gain":0.0,"max_hp_loss":0.0,"gold_gain":0.0,"event_name":"Upgrade Shrine","player_choice":"Upgraded","floor":2.0,"gold_loss":0.0,"damage_taken":0.0,"cards_upgraded":["Bash"]},{"cards_removed":["Strike_R"],"damage_healed":0.0,"max_hp_gain":0.0,"max_hp_loss":0.0,"gold_gain":0.0,"event_name":"Purifier","player_choice":"Purged","floor":8.0,"gold_loss":0.0,"damage_taken":0.0},{"damage_healed":0.0,"max_hp_gain":0.0,"max_hp_loss":0.0,"gold_gain":0.0,"event_name":"World of Goop","player_choice":"Left Gold","floor":12.0,"gold_loss":41.0,"damage_taken":0.0}],"is_beta":false,"boss_relics":[],"items_purged_floors":[],"is_endless":false,"potions_floor_spawned":[1,3,7,13,14],"killed_by":"Slime Boss","ascension_level":20}