{"gold_per_floor":[116,116,41,56,56,56,91,91,91,117,17,17,36,68,68,171,171,191,66,66,83,83,111,111,111,111,131,149,180,180,210,210,310,310,320,320,330,343,343,343,357,357,357,357,12,23,43,43,43,43],"floor_reached":51,"playtime":1229,"items_purged":["Strike_R","Strike_R","Strike_R","Doubt"],"score":755,"play_id":"2581349d-a3ae-47a7-96b2-e49c5677bd2a","local_time":"20190304142333","is_ascension_mode":true,"campfire_choices":[{"data":"Dropkick","floor":6.0,"key":"SMITH"},{"data":"Iron Wave","floor":8.0,"key":"SMITH"},{"floor":12.0,"key":"REST"},{"data":"Inflame","floor":15.0,"key":"SMITH"},{"data":"RitualDagger","floor":25.0,"key":"SMITH"},{"floor":32.0,"key":"REST"},{"data":"Offering","floor":40.0,"key":"SMITH"},{"data":"Pummel","floor":42.0,"key":"SMITH"},{"data":"Inflame","floor":44.0,"key":"SMITH"},{"floor":49.0,"key":"REST"}],"neow_cost":"NONE","seed_source_timestamp":271858741957600,"circlet_count":0,"master_deck":["Strike_R+1","Defend_R","Defend_R","Defend_R","Defend_R","Bash+1","Iron Wave+1","Dropkick+1","Anger","Pommel Strike+1","Cleave","Inflame+1","Offering+1","True Grit","Pummel+1","RitualDagger+1","Battle Trance","Decay","Shrug It Off+1","Inflame+1","Twin Strike","Cleave+1","Shrug It Off","Parasite","Sword Boomerang+1","RitualDagger+1","Thunderclap+1","Anger+1"],"special_seed":0,"relics":["Burning Blood","Gremlin Horn","Self Forming Clay","Happy Flower","Lantern","Cursed Key","Whetstone","Bottled Flame","Orichalcum","Oddly Smooth Stone","Charon\u0027s Ashes","Lizard Tail","Letter Opener","Pantograph","DollysMirror"],"potions_floor_usage":[50,50,50,50,50,50],"damage_taken":[{"damage":10.0,"enemies":"2 Louse","floor":1.0,"turns":4.0},{"damage":6.0,"enemies":"Jaw Worm","floor":4.0,"turns":3.0},{"damage":39.0,"enemies":"3 Sentries","floor":7.0,"turns":11.0},{"damage":21.0,"enemies":"Gremlin Nob","floor":10.0,"turns":4.0},{"damage":0.0,"enemies":"Cultist","floor":13.0,"turns":2.0},{"damage":8.0,"enemies":"3 Sentries","floor":14.0,"turns":5.0},{"damage":35.0,"enemies":"Hexaghost","floor":16.0,"turns":6.0},{"damage":0.0,"enemies":"3 Byrds","floor":18.0,"turns":3.0},{"damage":6.0,"enemies":"Shell Parasite","floor":21.0,"turns":3.0},{"damage":10.0,"enemies":"Slavers","floor":23.0,"turns":3.0},{"damage":6.0,"enemies":"3 Cultists","floor":27.0,"turns":3.0},{"damage":6.0,"enemies":"Centurion and Healer","floor":28.0,"turns":2.0},{"damage":23.0,"enemies":"Gremlin Leader","floor":29.0,"turns":5.0},{"damage":21.0,"enemies":"Book of Stabbing","floor":31.0,"turns":3.0},{"damage":11.0,"enemies":"Collector","floor":33.0,"turns":6.0},{"damage":7.0,"enemies":"3 Shapes","floor":35.0,"turns":3.0},{"damage":11.0,"enemies":"Orb Walker","floor":37.0,"turns":3.0},{"damage":0.0,"enemies":"Transient","floor":38.0,"turns":5.0},{"damage":6.0,"enemies":"Maw","floor":41.0,"turns":4.0},{"damage":23.0,"enemies":"4 Shapes","floor":46.0,"turns":3.0},{"damage":12.0,"enemies":"Jaw Worm Horde","floor":47.0,"turns":2.0},{"damage":115,"enemies":"Awakened One","floor":50,"turns":12}],"seed_played":"2061717809350266208","potions_obtained":[{"floor":4.0,"key":"EntropicBrew"},{"floor":10.0,"key":"BloodPotion"},{"floor":14.0,"key":"Explosive Potion"},{"floor":21.0,"key":"Regen Potion"},{"floor":29.0,"key":"BloodPotion"}],"is_trial":false,"path_per_floor":["M","?","$","M","?","R","E","R","T","E","$","R","M","E","R","B",null,"M","$","?","M","?","E","$","R","T","M","M","E","T","E","R","B",null,"M","?","M","M","?","R","M","R","T","R","$","M","M","$","R","B",null],"character_chosen":"IRONCLAD","items_purchased":["DollysMirror"],"campfire_rested":3,"item_purchase_floors":[45],"current_hp_per_floor":[84,84,84,84,77,77,44,44,44,29,29,55,61,59,59,30,88,88,88,88,88,82,78,78,78,78,78,78,61,61,46,72,67,88,87,87,82,88,88,88,88,88,88,88,88,71,65,65,88,9],"gold":43,"neow_bonus":"TEN_PERCENT_HP_BONUS","is_prod":false,"is_daily":false,"chose_seed":false,"campfire_upgraded":7,"win_rate":0,"timestamp":1551709413,"path_taken":["M","?","$","M","?","R","E","R","T","E","$","R","M","E","R","BOSS","M","$","?","M","?","E","$","R","T","M","M","E","?","E","R","BOSS","M","?","M","?","?","R","M","R","T","R","$","?","?","$","R","BOSS"],"build_version":"2019-01-23","purchased_purges":4,"victory":true,"max_hp_per_floor":[88,88,88,88,88,88,88,88,88,88,88,88,88,88,88,88,88,88,88,88,88,88,88,88,88,88,88,88,88,88,88,88,88,88,88,88,88,88,88,88,88,88,88,88,88,88,88,88,88,88],"card_choices":[{"not_picked":["Heavy Blade","Dual Wield"],"picked":"Iron Wave","floor":1.0},{"not_picked":["Infernal Blade","Second Wind"],"picked":"Dropkick","floor":4.0},{"not_picked":["Evolve","Seeing Red"],"picked":"Anger","floor":7.0},{"not_picked":["Intimidate","Wild Strike"],"picked":"Pommel Strike","floor":10.0},{"not_picked":["Warcry","Perfected Strike"],"picked":"Cleave","floor":13.0},{"not_picked":["Flex","Twin Strike"],"picked":"Inflame","floor":14.0},{"not_picked":["Barricade","Immolate"],"picked":"Offering","floor":16.0},{"not_picked":["Anger","Warcry"],"picked":"True Grit","floor":18.0},{"not_picked":["Carnage","Sever Soul"],"picked":"Pummel","floor":21.0},{"not_picked":["Clash","Spot Weakness"],"picked":"Battle Trance","floor":23.0},{"not_picked":["Havoc+1","Body Slam","Wild Strike"],"picked":"SKIP","floor":27.0},{"not_picked":["Thunderclap","Cleave+1"],"picked":"Shrug It Off+1","floor":28.0},{"not_picked":["Thunderclap","Carnage"],"picked":"Inflame","floor":29.0},{"not_picked":["Clash","Carnage"],"picked":"Twin Strike","floor":31.0},{"not_picked":["Wild Strike","Combust+1"],"picked":"Uppercut","floor":35.0},{"not_picked":["Perfected Strike","Pommel Strike"],"picked":"Cleave+1","floor":37.0},{"not_picked":["Dual Wield","Rupture"],"picked":"Shrug It Off","floor":38.0},{"not_picked":["Dual Wield+1","Rupture+1"],"picked":"Sword Boomerang+1","floor":41.0},{"not_picked":["True Grit+1","Flex"],"picked":"Thunderclap+1","floor":46.0},{"not_picked":["Thunderclap+1","Clothesline+1"],"picked":"Anger+1","floor":47.0}],"player_experience":1225863,"relics_obtained":[{"floor":7.0,"key":"Gremlin Horn"},{"floor":9.0,"key":"Self Forming Clay"},{"floor":10.0,"key":"Happy Flower"},{"floor":14.0,"key":"Lantern"},{"floor":23.0,"key":"Whetstone"},{"floor":26.0,"key":"Bottled Flame"},{"floor":29.0,"key":"Orichalcum"},{"floor":30.0,"key":"Oddly Smooth Stone"},{"floor":31.0,"key":"Charon\u0027s Ashes"},{"floor":43.0,"key":"Pantograph"}],"event_choices":[{"damage_healed":0.0,"max_hp_gain":0.0,"max_hp_loss":0.0,"gold_gain":0.0,"event_name":"Living Wall","player_choice":"Grow","floor":2.0,"gold_loss":0.0,"damage_taken":0.0,"cards_upgraded":["Bash"]},{"cards_removed":["Strike_R"],"damage_healed":0.0,"max_hp_gain":0.0,"max_hp_loss":0.0,"gold_gain":0.0,"event_name":"Golden Wing","player_choice":"Card Removal","floor":5.0,"gold_loss":0.0,"damage_taken":7.0},{"damage_healed":0.0,"max_hp_gain":0.0,"max_hp_loss":0.0,"gold_gain":0.0,"event_name":"Nest","player_choice":"Joined the Cult","floor":22.0,"gold_loss":0.0,"damage_taken":6.0,"cards_obtained":["RitualDagger"]},{"cards_removed":["Uppercut"],"damage_healed":0.0,"max_hp_gain":0.0,"max_hp_loss":0.0,"gold_gain":0.0,"event_name":"WeMeetAgain","player_choice":"Gave Card","floor":36.0,"gold_loss":0.0,"damage_taken":0.0,"relics_obtained":["Letter Opener"]},{"damage_healed":0.0,"max_hp_gain":0.0,"max_hp_loss":0.0,"gold_gain":0.0,"cards_transformed":["Normality"],"event_name":"Transmorgrifier","player_choice":"Transformed","floor":39.0,"gold_loss":0.0,"damage_taken":0.0,"cards_obtained":["Parasite"]}],"is_beta":false,"boss_relics":[{"not_picked":["Black Star","Black Blood"],"picked":"Cursed Key"},{"not_picked":["Snecko Eye","Tiny House"],"picked":"Lizard Tail"}],"items_purged_floors":[3,11,19,45],"is_endless":false,"potions_floor_spawned":[4,10,14,18,21,29,33,37,38],"ascension_level":1}