{"gold_per_floor":[110,122,142,142,67,67,67,67,67,67,67,67,81,98,98,196,196,213,113,113,113,142,142,154,154,178,189,213,213,228,238,238,238],"floor_reached":33,"playtime":956,"items_purged":["Strike_R","Strike_R"],"score":235,"play_id":"dda2af67-43b2-4ec2-bb76-4e72553218e4","local_time":"20190522192145","is_ascension_mode":false,"campfire_choices":[{"data":"Trip","floor":6.0,"key":"SMITH"},{"data":"Bash","floor":12,"key":"SMITH"},{"data":"Dropkick","floor":15,"key":"SMITH"},{"data":"Dropkick","floor":23,"key":"SMITH"},{"floor":25,"key":"REST"},{"floor":29,"key":"REST"},{"floor":32,"key":"REST"}],"neow_cost":"NONE","seed_source_timestamp":541643508020405,"circlet_count":0,"master_deck":["Strike_R","Strike_R","Defend_R","Defend_R","Defend_R","Bash+1","Trip+1","Dropkick+1","Dropkick+1","Dropkick","Spot Weakness","Shockwave"],"special_seed":0,"relics":["Burning Blood"],"potions_floor_usage":[16,22,22,24,33],"damage_taken":[{"damage":0.0,"enemies":"Cultist","floor":1.0,"turns":3.0},{"damage":6.0,"enemies":"Jaw Worm","floor":2.0,"turns":2.0},{"damage":5.0,"enemies":"2 Louse","floor":3.0,"turns":3.0},{"damage":12.0,"enemies":"The Mushroom Lair","floor":8.0,"turns":4.0},{"damage":4,"enemies":"Blue Slaver","floor":13,"turns":4},{"damage":1,"enemies":"Lots of Slimes","floor":14,"turns":4},{"damage":48,"enemies":"Slime Boss","floor":16,"turns":12},{"damage":16,"enemies":"Shell Parasite","floor":18,"turns":6},{"damage":31,"enemies":"Masked Bandits","floor":22,"turns":4},{"damage":7,"enemies":"2 Thieves","floor":24,"turns":4},{"damage":48,"enemies":"3 Cultists","floor":27,"turns":6},{"damage":24,"enemies":"Chosen and Byrds","floor":30,"turns":5},{"damage":15,"enemies":"Centurion and Healer","floor":31,"turns":3},{"damage":59,"enemies":"Champ","floor":33,"turns":7}],"seed_played":"-1968879863667931546","potions_obtained":[{"floor":2.0,"key":"Fire Potion"},{"floor":13,"key":"SpeedPotion"},{"floor":16,"key":"SkillPotion"},{"floor":18,"key":"AttackPotion"},{"floor":22,"key":"Dexterity Potion"}],"is_trial":false,"path_per_floor":["M","M","M","?","$","R","$","?","T","?","T","R","M","M","R","B",null,"M","$","?","?","?","R","M","R","T","M","T","R","M","M","R","B"],"character_chosen":"IRONCLAD","items_purchased":[],"campfire_rested":3,"item_purchase_floors":[],"current_hp_per_floor":[80,80,80,80,80,80,80,74,74,74,74,74,76,80,80,38,80,70,70,70,70,45,45,44,68,68,26,26,50,32,23,47,0],"gold":238,"neow_bonus":"RANDOM_COLORLESS","is_prod":false,"is_daily":false,"chose_seed":false,"campfire_upgraded":4,"win_rate":0,"timestamp":1558524105,"path_taken":["M","?","M","?","$","R","$","?","T","?","?","R","M","?","R","BOSS","M","$","?","?","?","R","M","R","T","M","?","R","M","M","R","BOSS"],"build_version":"2019-01-23","purchased_purges":2,"victory":false,"max_hp_per_floor":[80,80,80,80,80,80,80,80,80,80,80,80,80,80,80,80,80,80,80,80,80,80,80,80,80,80,80,80,80,80,80,80,80],"card_choices":[{"not_picked":["Shrug It Off","Clash"],"picked":"Dropkick","floor":1.0},{"not_picked":["Warcry","Feel No Pain","Burning Pact"],"picked":"SKIP","floor":2.0},{"not_picked":["Thunderclap","Reckless Charge"],"picked":"Dropkick","floor":3.0},{"not_picked":["Havoc","Carnage","Sword Boomerang"],"picked":"SKIP","floor":13},{"not_picked":["Armaments","Twin Strike"],"picked":"Dropkick","floor":14},{"not_picked":["Flex","Cleave+1","Reckless Charge"],"picked":"SKIP","floor":18},{"not_picked":["Armaments","Iron Wave","Thunderclap"],"picked":"SKIP","floor":24},{"not_picked":["Twin Strike","Anger+1","Limit Break"],"picked":"SKIP","floor":27},{"not_picked":["Headbutt","Warcry"],"picked":"Spot Weakness","floor":30},{"not_picked":["Headbutt","Twin Strike"],"picked":"Shockwave","floor":31}],"player_experience":571689,"relics_obtained":[],"event_choices":[{"cards_removed":["Strike_R"],"damage_healed":0.0,"max_hp_gain":0.0,"max_hp_loss":0.0,"gold_gain":0.0,"event_name":"Living Wall","player_choice":"Forget","floor":4.0,"gold_loss":0.0,"damage_taken":0.0},{"damage_healed":0.0,"max_hp_gain":0.0,"max_hp_loss":0.0,"gold_gain":0.0,"event_name":"Mushrooms","player_choice":"Fought Mushrooms","floor":8.0,"gold_loss":0.0,"damage_taken":0.0},{"damage_healed":0,"gold_gain":0,"player_choice":"Searched \u00270\u0027 times","damage_taken":0,"max_hp_gain":0,"max_hp_loss":0,"event_name":"Dead Adventurer","floor":10,"gold_loss":0},{"cards_removed":["Defend_R"],"damage_healed":0,"gold_gain":0,"player_choice":"Elegance","damage_taken":0,"max_hp_gain":0,"max_hp_loss":0,"event_name":"Back to Basics","floor":20,"gold_loss":0},{"damage_healed":0,"gold_gain":0,"player_choice":"Ignored","damage_taken":0,"max_hp_gain":0,"max_hp_loss":0,"event_name":"Cursed Tome","floor":21,"gold_loss":0},{"damage_healed":0,"gold_gain":0,"player_choice":"Fought Bandits","damage_taken":0,"max_hp_gain":0,"max_hp_loss":0,"event_name":"Masked Bandits","floor":22,"gold_loss":0}],"is_beta":false,"boss_relics":[{"not_picked":["Philosopher\u0027s Stone","Ectoplasm","Fusion Hammer"]}],"items_purged_floors":[5,19],"is_endless":false,"potions_floor_spawned":[2,13,16,18,22],"killed_by":"Champ","ascension_level":0}