{"path_per_floor":["M","M","M","M","?","E","R","?","T","R","?","E","$","M","R","B",null,"M","?","?","M","M","E","M","R","T","?","$","E","M","M","R"],"character_chosen":"IRONCLAD","items_purchased":["Vajra","Regen Potion","Dexterity Potion"],"gold_per_floor":[109,121,139,159,159,187,187,187,187,187,216,243,21,34,34,133,133,145,145,145,156,167,200,214,214,214,214,12,41,60,71,71],"floor_reached":33,"campfire_rested":3,"playtime":4006,"current_hp_per_floor":[80,80,80,73,73,26,26,19,19,43,33,38,38,40,40,13,80,80,64,64,60,44,26,24,48,48,48,48,39,34,28,53],"items_purged":["Strike_R","Writhe"],"gold":71,"score":297,"play_id":"d3666b98-f1fc-4cf6-89f8-f52523b724cc","is_prod":false,"is_daily":false,"is_ascension_mode":false,"campfire_upgraded":2,"path_taken":["M","M","M","M","?","E","R","?","T","R","?","E","$","?","R","BOSS","M","?","?","?","M","E","?","R","T","?","$","E","M","M","R","BOSS"],"build_version":"2018-02-22-PROD2","purchased_purges":3,"victory":false,"master_deck":["Strike_R","Strike_R","Strike_R","Defend_R","Defend_R","Defend_R","Defend_R","Dark Embrace+1","Sword Boomerang","Armaments+1","Anger","Shrug It Off","Dual Wield+1","Intimidate","Armaments+1","Shockwave","Iron Wave","Berserk","Twin Strike+1","Necronomicurse","Blood for Blood","Whirlwind","Searing Blow","Feed","Feel No Pain+1","Entrench","Inflame","Bloodletting+1"],"max_hp_per_floor":[80,80,80,80,80,80,80,80,80,80,80,80,80,80,80,80,80,80,80,80,80,80,80,80,80,80,80,80,80,84,84,84],"relics":["Burning Blood","Happy Flower","Blood Vial","Odd Mushroom","Bronze Scales","Vajra","Mark of Pain","Necronomicon","War Paint","Gambling Chip","Matryoshka","Ancient Tea Set"],"card_choices":[{"not_picked":["Twin Strike","Dark Embrace"],"picked":"Sword Boomerang"},{"not_picked":["Perfected Strike","Sword Boomerang"],"picked":"Armaments"},{"not_picked":["Clash","True Grit"],"picked":"Anger"},{"not_picked":["Warcry","Fiend Fire"],"picked":"Shrug It Off"},{"not_picked":["Thunderclap","Infernal Blade"],"picked":"Intimidate"},{"not_picked":["Sword Boomerang","Corruption"],"picked":"Armaments"},{"not_picked":["Heavy Blade","Flex"],"picked":"Shockwave"},{"not_picked":["Rage","Corruption"],"picked":"Iron Wave"},{"not_picked":["Dark Embrace","Impervious"],"picked":"Berserk"},{"not_picked":["True Grit","Searing Blow"],"picked":"Twin Strike"},{"not_picked":["Flame Barrier","Inflame"],"picked":"Whirlwind"},{"not_picked":["Iron Wave","Perfected Strike"],"picked":"Searing Blow"},{"not_picked":["Anger","Rampage"],"picked":"Feed"},{"not_picked":["Bloodletting","Iron Wave"],"picked":"Feel No Pain"},{"not_picked":["Heavy Blade","Headbutt"],"picked":"Entrench"},{"not_picked":["Dual Wield","Armaments"],"picked":"Inflame"},{"not_picked":["Shrug It Off","Dark Embrace"],"picked":"Bloodletting"}],"player_experience":70328,"potions_floor_usage":[12,12,21,24,29,29,29,31,33],"damage_taken":[{"damage":2,"enemies":"Small Slimes","floor":1,"turns":4},{"damage":6,"enemies":"Jaw Worm","floor":2,"turns":3},{"damage":1,"enemies":"2 Louse","floor":3,"turns":3},{"damage":13,"enemies":"Exordium Wildlife","floor":4,"turns":6},{"damage":53,"enemies":"Lagavulin","floor":6,"turns":10},{"damage":18,"enemies":"The Mushroom Lair","floor":11,"turns":6},{"damage":18,"enemies":"3 Sentries","floor":12,"turns":8},{"damage":6,"enemies":"Exordium Thugs","floor":14,"turns":3},{"damage":35,"enemies":"Hexaghost","floor":16,"turns":10},{"damage":3,"enemies":"3 Byrds","floor":18,"turns":4},{"damage":24,"enemies":"Shell Parasite","floor":21,"turns":6},{"damage":24,"enemies":"Centurion and Healer","floor":22,"turns":3},{"damage":26,"enemies":"Gremlin Leader","floor":23,"turns":6},{"damage":10,"enemies":"Snake Plant","floor":24,"turns":3},{"damage":23,"enemies":"Slavers","floor":29,"turns":3},{"damage":17,"enemies":"Chosen and Byrds","floor":30,"turns":4},{"damage":14,"enemies":"Cultist and Chosen","floor":31,"turns":5},{"damage":69,"enemies":"Champ","floor":33,"turns":11}],"event_choices":[{"event_name":"Living Wall","player_choice":"Change","floor":5,"damage_taken":0},{"event_name":"Golden Wing","player_choice":"Card Removal","floor":8,"damage_taken":0},{"event_name":"Mushrooms","player_choice":"Fought Mushrooms","floor":11,"damage_taken":0},{"event_name":"Cursed Tome","player_choice":"Obtained Book","floor":19,"damage_taken":0},{"event_name":"The Library","player_choice":"Read","floor":20,"damage_taken":0},{"event_name":"The Mausoleum","player_choice":"Yes","floor":27,"damage_taken":0}],"boss_relics":[{"not_picked":["Black Star","Question Card"],"picked":"Mark of Pain"}],"potions_floor_spawned":[6,11,16,23,24,29,30],"seed_played":"-7652332496167981947","killed_by":"Champ","ascension_level":0,"is_trial":false}