{"gold_per_floor":[111,123,133,144,69,99,99,125,125,141,158,158,121,137,137,137],"floor_reached":16,"playtime":694,"items_purged":["Strike_G"],"score":228,"play_id":"306cbded-822d-4fe8-b07c-7e0bbdf6557a","local_time":"20190124174700","is_ascension_mode":true,"campfire_choices":[{"floor":7.0,"key":"REST"},{"floor":12,"key":"REST"},{"floor":15,"key":"REST"}],"neow_cost":"NONE","seed_source_timestamp":29162096420484,"circlet_count":0,"master_deck":["AscendersBane","Defend_G","Defend_G","Defend_G","Defend_G","Defend_G+1","Strike_G","Strike_G","Strike_G","Strike_G","Survivor","Neutralize","Leg Sweep+1","Dagger Throw","Cloak And Dagger","Noxious Fumes","Poisoned Stab","Predator","All Out Attack","Choke","Caltrops+1"],"special_seed":0,"relics":["Ring of the Snake","NeowsBlessing","The Specimen","War Paint","Frozen Egg 2"],"potions_floor_usage":[8,16],"damage_taken":[{"damage":0.0,"enemies":"Cultist","floor":1.0,"turns":1.0},{"damage":0.0,"enemies":"Small Slimes","floor":2.0,"turns":1.0},{"damage":0.0,"enemies":"2 Louse","floor":3.0,"turns":1.0},{"damage":0.0,"enemies":"Looter","floor":4.0,"turns":4.0},{"damage":30.0,"enemies":"3 Sentries","floor":6.0,"turns":7.0},{"damage":14,"enemies":"Lagavulin","floor":8,"turns":7},{"damage":23,"enemies":"Gremlin Gang","floor":10,"turns":5},{"damage":0,"enemies":"3 Louse","floor":11,"turns":2},{"damage":0,"enemies":"Large Slime","floor":14,"turns":5},{"damage":53,"enemies":"Slime Boss","floor":16,"turns":11}],"seed_played":"-1164579299755034865","potions_obtained":[{"floor":1.0,"key":"PowerPotion"},{"floor":2.0,"key":"Poison Potion"},{"floor":8,"key":"FearPotion"},{"floor":11,"key":"Swift Potion"}],"is_trial":false,"path_per_floor":["M","M","M","M","$","E","R","E","T","M","M","R","?","M","R","B"],"character_chosen":"THE_SILENT","items_purchased":[],"campfire_rested":3,"item_purchase_floors":[],"current_hp_per_floor":[59,59,59,59,59,29,48,34,34,11,11,30,30,30,49,0],"gold":137,"neow_bonus":"THREE_ENEMY_KILL","is_prod":false,"is_daily":false,"chose_seed":false,"campfire_upgraded":0,"win_rate":0,"timestamp":1548352020,"path_taken":["M","?","?","M","$","E","R","E","T","M","M","R","?","M","R","BOSS"],"build_version":"2019-01-23","purchased_purges":1,"victory":false,"max_hp_per_floor":[66,66,66,66,66,66,66,66,66,66,66,66,66,66,66,66],"card_choices":[{"not_picked":["Backflip","Calculated Gamble"],"picked":"Leg Sweep","floor":1.0},{"not_picked":["Skewer","Deflect"],"picked":"Dagger Throw","floor":2.0},{"not_picked":["Dodge and Roll","Underhanded Strike"],"picked":"Cloak And Dagger","floor":3.0},{"not_picked":["Slice","Outmaneuver"],"picked":"Noxious Fumes","floor":4.0},{"not_picked":["Distraction","Sucker Punch"],"picked":"Poisoned Stab","floor":6.0},{"not_picked":["Terror","Tools of the Trade"],"picked":"Predator","floor":8},{"not_picked":["Backflip","Poisoned Stab"],"picked":"All Out Attack","floor":10},{"not_picked":["Leg Sweep","Dagger Throw"],"picked":"Choke","floor":11},{"not_picked":["Deflect","Finisher"],"picked":"Caltrops+1","floor":14}],"player_experience":1166849,"relics_obtained":[{"floor":6.0,"key":"The Specimen"},{"floor":8,"key":"War Paint"},{"floor":9,"key":"Frozen Egg 2"}],"event_choices":[{"damage_healed":0,"gold_gain":0,"player_choice":"Left Gold","damage_taken":0,"max_hp_gain":0,"max_hp_loss":0,"event_name":"World of Goop","floor":13,"gold_loss":37}],"is_beta":false,"boss_relics":[],"items_purged_floors":[5],"is_endless":false,"potions_floor_spawned":[1,2,8,11],"killed_by":"Slime Boss","ascension_level":20}