{"gold_per_floor":[13,13,13,46,58,104,134,215,227,278,305,317,343,373,385,525,537,562,589,601,613,638,650,67,67,67,100,100,126,126,155,155,155],"floor_reached":33,"playtime":2631,"items_purged":["Injury"],"score":389,"play_id":"7aec8a8f-ce34-4826-b752-1487eab5e589","local_time":"20181111212123","is_ascension_mode":true,"campfire_choices":[{"data":"Carnage","floor":12,"key":"SMITH"},{"data":"Armaments","floor":15,"key":"SMITH"},{"data":"Demon Form","floor":23,"key":"SMITH"},{"data":"Metamorphosis","floor":28,"key":"SMITH"},{"floor":30,"key":"REST"},{"data":"Carnage","floor":32,"key":"SMITH"}],"neow_cost":"NO_GOLD","seed_source_timestamp":58839941093121,"circlet_count":0,"master_deck":["Strike_R","Strike_R","Strike_R+1","Strike_R","Defend_R","Defend_R+1","Defend_R","Bash","Cleave","Metallicize","Carnage+1","Inflame","Feed","Pummel","Carnage+1","Dropkick","Searing Blow","Armaments+1","Blood for Blood","Demon Form+1","Inflame","Metallicize","Hemokinesis+1","Flex","Metamorphosis+1","Purity","Inflame","Twin Strike","Flame Barrier","Berserk"],"relics":["Burning Blood","Bloody Idol","MawBank","Mango","Tiny Chest","Bottled Flame","Turnip","Sozu","Calipers","Letter Opener","Orichalcum","Bottled Lightning","Vajra","Pen Nib","Bronze Scales"],"potions_floor_usage":[6,16,16,18],"damage_taken":[{"damage":8,"enemies":"Jaw Worm","floor":1,"turns":4},{"damage":0,"enemies":"2 Louse","floor":4,"turns":3},{"damage":22,"enemies":"Gremlin Nob","floor":6,"turns":4},{"damage":0,"enemies":"Small Slimes","floor":7,"turns":2},{"damage":17,"enemies":"Lagavulin","floor":8,"turns":5},{"damage":22,"enemies":"Gremlin Nob","floor":10,"turns":4},{"damage":9,"enemies":"Exordium Thugs","floor":11,"turns":4},{"damage":5,"enemies":"Looter","floor":13,"turns":2},{"damage":10,"enemies":"Large Slime","floor":14,"turns":5},{"damage":38,"enemies":"The Guardian","floor":16,"turns":7},{"damage":12,"enemies":"Spheric Guardian","floor":18,"turns":4},{"damage":25,"enemies":"2 Thieves","floor":19,"turns":3},{"damage":39,"enemies":"Snake Plant","floor":22,"turns":3},{"damage":34,"enemies":"Gremlin Leader","floor":27,"turns":6},{"damage":29,"enemies":"Book of Stabbing","floor":29,"turns":4},{"damage":14,"enemies":"Gremlin Leader","floor":31,"turns":4},{"damage":63,"enemies":"Collector","floor":33,"turns":6}],"seed_played":"2928218210893154086","potions_obtained":[{"floor":1,"key":"Poison Potion"},{"floor":6,"key":"GamblersBrew"},{"floor":10,"key":"LiquidBronze"},{"floor":11,"key":"GamblersBrew"}],"is_trial":false,"path_per_floor":["M","?","?","M","?","E","M","E","T","E","M","R","M","M","R","B",null,"M","M","?","T","M","R","$","?","T","E","R","E","R","E","R","B"],"character_chosen":"IRONCLAD","items_purchased":["Orichalcum","Flex","Metamorphosis","Purity","Inflame"],"campfire_rested":1,"item_purchase_floors":[24,24,24,24,24],"current_hp_per_floor":[78,78,71,77,61,59,68,60,60,47,47,47,51,51,51,22,116,114,98,98,98,69,69,69,69,69,46,46,28,66,63,63,0],"gold":155,"neow_bonus":"TRANSFORM_TWO_CARDS","is_prod":false,"is_daily":false,"chose_seed":false,"campfire_upgraded":5,"win_rate":0,"timestamp":1542000083,"path_taken":["M","?","?","M","?","E","M","E","T","E","M","R","M","M","R","BOSS","M","M","?","?","?","R","$","?","T","E","R","E","R","E","R","BOSS"],"build_version":"2018-11-08","purchased_purges":1,"victory":false,"max_hp_per_floor":[80,80,80,80,80,94,97,100,100,103,106,106,109,113,113,116,116,120,123,123,123,127,127,127,127,127,127,127,127,127,127,127,127],"card_choices":[{"not_picked":["True Grit","Heavy Blade"],"picked":"Carnage","floor":1},{"not_picked":["Cleave","Seeing Red"],"picked":"Inflame","floor":4},{"not_picked":["Body Slam","Havoc"],"picked":"Feed","floor":6},{"not_picked":["Bloodletting","Flex"],"picked":"Pummel","floor":7},{"not_picked":["Thunderclap","Wild Strike"],"picked":"Carnage","floor":8},{"not_picked":["Shockwave","Body Slam"],"picked":"Dropkick","floor":10},{"not_picked":["Entrench","Dual Wield"],"picked":"Searing Blow","floor":11},{"not_picked":["Perfected Strike","Pommel Strike"],"picked":"Armaments","floor":13},{"not_picked":["Iron Wave","Heavy Blade"],"picked":"Blood for Blood","floor":14},{"not_picked":["Impervious","Juggernaut"],"picked":"Demon Form","floor":16},{"not_picked":["Perfected Strike","Clothesline"],"picked":"Inflame","floor":18},{"not_picked":["Pummel","Havoc"],"picked":"Metallicize","floor":19},{"not_picked":["Anger","True Grit"],"picked":"Hemokinesis+1","floor":22},{"not_picked":["Fiend Fire","Iron Wave"],"picked":"Twin Strike","floor":27},{"not_picked":["Clash+1","Body Slam"],"picked":"Flame Barrier","floor":29},{"not_picked":["Reckless Charge","Inflame+1"],"picked":"Berserk","floor":31}],"player_experience":226592,"relics_obtained":[{"floor":6,"key":"Mango"},{"floor":8,"key":"Tiny Chest"},{"floor":9,"key":"Bottled Flame"},{"floor":10,"key":"Turnip"},{"floor":21,"key":"Letter Opener"},{"floor":26,"key":"Bottled Lightning"},{"floor":27,"key":"Vajra"},{"floor":29,"key":"Pen Nib"},{"floor":31,"key":"Bronze Scales"}],"event_choices":[{"damage_healed":0,"gold_gain":0,"player_choice":"Take Wound","damage_taken":0,"relics_obtained":["Golden Idol"],"max_hp_gain":0,"max_hp_loss":0,"event_name":"Golden Idol","floor":2,"gold_loss":0,"cards_obtained":["Injury"]},{"damage_healed":0,"gold_gain":0,"player_choice":"Success","damage_taken":7,"relics_obtained":["MawBank"],"max_hp_gain":0,"max_hp_loss":0,"event_name":"Scrap Ooze","floor":3,"gold_loss":0},{"damage_healed":0,"gold_gain":0,"player_choice":"Entered Light","damage_taken":16,"max_hp_gain":0,"max_hp_loss":0,"event_name":"Shining Light","floor":5,"gold_loss":0,"cards_upgraded":["Strike_R","Defend_R"]},{"damage_healed":0,"gold_gain":0,"player_choice":"Opened","damage_taken":0,"relics_obtained":["Calipers"],"max_hp_gain":0,"max_hp_loss":0,"event_name":"The Mausoleum","floor":20,"gold_loss":0},{"damage_healed":0,"gold_gain":0,"player_choice":"Gave Idol","damage_taken":0,"relics_obtained":["Bloody Idol"],"max_hp_gain":0,"max_hp_loss":0,"event_name":"Forgotten Altar","floor":25,"relics_lost":["Golden Idol"],"gold_loss":0}],"is_beta":true,"boss_relics":[{"not_picked":["Ectoplasm","Velvet Choker"],"picked":"Sozu"}],"items_purged_floors":[24],"is_endless":false,"potions_floor_spawned":[1,6,10,11,18,27,31],"killed_by":"Collector","ascension_level":1}