{"gold_per_floor":[111,111,132,132,157,157,176,214,214,214,234,273,293,333,345,478,490,517,544,62,62,83,83,119,138,164,25,40,40,81,96,96,221,221,244,369,74,95,317,360,360,379,379,400,440,28,28,28,28,28],"floor_reached":51,"playtime":8657,"items_purged":["Injury","Pain","Accuracy","Well Laid Plans"],"score":834,"play_id":"018f98c9-e65f-4c51-b374-2cbfaa550fd9","local_time":"20190516005842","is_ascension_mode":true,"campfire_choices":[{"data":"Neutralize","floor":6.0,"key":"SMITH"},{"floor":10.0,"key":"REST"},{"data":"Footwork","floor":15.0,"key":"SMITH"},{"data":"Adrenaline","floor":23.0,"key":"SMITH"},{"floor":29.0,"key":"REST"},{"data":"Crippling Poison","floor":32.0,"key":"SMITH"},{"data":"Deadly Poison","floor":41.0,"key":"SMITH"},{"data":"Flechettes","floor":49.0,"key":"SMITH"}],"neow_cost":"NONE","seed_source_timestamp":0,"circlet_count":0,"master_deck":["Survivor","Neutralize+1","Acrobatics","Blur","Flying Knee","Footwork+1","Deadly Poison+1","Catalyst","Adrenaline+1","PiercingWail+1","Footwork","Crippling Poison+1","Blind","PiercingWail+1","Outmaneuver+1","Flechettes+1","Catalyst","Malaise","Prepared","Dagger Throw","Dash","Doppelganger","Backstab","Well Laid Plans","Poisoned Stab","Doppelganger","Endless Agony","Noxious Fumes+1","Footwork+1","Dodge and Roll","Cloak And Dagger","Dash","Dash","Dagger Spray+1","Concentrate","Terror","Deflect"],"special_seed":0,"relics":["Ring of the Snake","Golden Idol","Lantern","Regal Pillow","Ninja Scroll","MawBank","Runic Pyramid","Pantograph","WarpedTongs","Blood Vial","Happy Flower","Red Mask","Pandora\u0027s Box","Incense Burner","Smiling Mask","Kunai","Bottled Lightning","Ornamental Fan"],"potions_floor_usage":[50],"damage_taken":[{"damage":0.0,"enemies":"Jaw Worm","floor":1.0,"turns":5.0},{"damage":3.0,"enemies":"2 Louse","floor":3.0,"turns":3.0},{"damage":0.0,"enemies":"Cultist","floor":5.0,"turns":4.0},{"damage":4.0,"enemies":"Red Slaver","floor":7.0,"turns":6.0},{"damage":27.0,"enemies":"3 Sentries","floor":8.0,"turns":14.0},{"damage":3.0,"enemies":"3 Louse","floor":11.0,"turns":4.0},{"damage":8.0,"enemies":"Lagavulin","floor":12.0,"turns":9.0},{"damage":2.0,"enemies":"Looter","floor":13.0,"turns":3.0},{"damage":9.0,"enemies":"3 Sentries","floor":14.0,"turns":9.0},{"damage":20.0,"enemies":"Hexaghost","floor":16.0,"turns":13.0},{"damage":8.0,"enemies":"3 Byrds","floor":18.0,"turns":6.0},{"damage":10.0,"enemies":"Shell Parasite","floor":19.0,"turns":8.0},{"damage":12.0,"enemies":"Cultist and Chosen","floor":22.0,"turns":11.0},{"damage":9.0,"enemies":"Book of Stabbing","floor":24.0,"turns":8.0},{"damage":2.0,"enemies":"Snecko","floor":25.0,"turns":8.0},{"damage":5.0,"enemies":"Snake Plant","floor":28.0,"turns":4.0},{"damage":5.0,"enemies":"Masked Bandits","floor":30.0,"turns":4.0},{"damage":1.0,"enemies":"Chosen and Byrds","floor":31.0,"turns":7.0},{"damage":2.0,"enemies":"Automaton","floor":33.0,"turns":12.0},{"damage":0.0,"enemies":"3 Shapes","floor":35.0,"turns":5.0},{"damage":19.0,"enemies":"Mind Bloom Boss Battle","floor":36.0,"turns":6.0},{"damage":3.0,"enemies":"Orb Walker","floor":38.0,"turns":3.0},{"damage":4.0,"enemies":"Nemesis","floor":40.0,"turns":9.0},{"damage":13.0,"enemies":"3 Darklings","floor":42.0,"turns":5.0},{"damage":15.0,"enemies":"Spire Growth","floor":44.0,"turns":5.0},{"damage":0.0,"enemies":"Reptomancer","floor":45.0,"turns":8.0},{"damage":12,"enemies":"Awakened One","floor":50,"turns":14}],"seed_played":"-4131414677371195992","potions_obtained":[{"floor":3.0,"key":"SpeedPotion"},{"floor":7.0,"key":"SpeedPotion"},{"floor":8.0,"key":"PowerPotion"},{"floor":12.0,"key":"SkillPotion"},{"floor":16.0,"key":"Weak Potion"},{"floor":22.0,"key":"GhostInAJar"},{"floor":38.0,"key":"Explosive Potion"},{"floor":44.0,"key":"Strength Potion"}],"is_trial":false,"path_per_floor":["M","?","M","?","M","R","M","E","T","R","M","E","M","E","R","B",null,"M","M","$","?","M","R","E","M","T","$","M","R","?","M","R","B",null,"M","?","$","M","?","E","R","M","T","M","E","$","?","?","R","B",null],"character_chosen":"THE_SILENT","items_purchased":["Pantograph","Crippling Poison","Blind","Flechettes","Dodge and Roll","Cloak And Dagger","Dash","Deflect","Ornamental Fan","GhostInAJar"],"campfire_rested":2,"item_purchase_floors":[20,20,20,27,37,37,37,46,46,46],"current_hp_per_floor":[77,77,74,74,74,74,70,43,43,77,74,66,64,55,55,35,77,69,59,59,59,47,47,38,38,38,38,35,73,70,71,71,75,77,77,58,58,57,57,55,55,44,44,31,33,33,33,33,33,48],"gold":28,"neow_bonus":"TEN_PERCENT_HP_BONUS","is_prod":false,"is_daily":false,"chose_seed":false,"campfire_upgraded":6,"win_rate":0,"timestamp":1557982722,"path_taken":["M","?","M","?","M","R","M","E","T","R","M","E","M","E","R","BOSS","M","M","$","?","M","R","E","?","T","$","M","R","?","M","R","BOSS","M","?","$","M","?","E","R","M","T","M","E","$","?","?","R","BOSS"],"build_version":"2019-01-23","purchased_purges":4,"victory":true,"max_hp_per_floor":[77,77,77,77,77,77,77,77,77,77,77,77,77,77,77,77,77,77,77,77,77,77,77,77,77,77,77,77,77,77,77,77,77,77,77,77,77,77,77,77,77,77,77,77,77,77,77,77,77,77],"card_choices":[{"not_picked":["Quick Slash","Slice"],"picked":"Acrobatics","floor":1.0},{"not_picked":["Bouncing Flask","Flechettes"],"picked":"Blur","floor":3.0},{"not_picked":["Setup","All Out Attack"],"picked":"Flying Knee","floor":5.0},{"not_picked":["Bane","Dagger Throw"],"picked":"Footwork","floor":7.0},{"not_picked":["Quick Slash","Poisoned Stab"],"picked":"Deadly Poison","floor":8.0},{"not_picked":["Quick Slash","Heel Hook","Predator"],"picked":"SKIP","floor":11.0},{"not_picked":["Outmaneuver","Acrobatics","Storm of Steel"],"picked":"SKIP","floor":12.0},{"not_picked":["Flying Knee","Poisoned Stab"],"picked":"Catalyst","floor":13.0},{"not_picked":["Accuracy","Cloak And Dagger"],"picked":"Well Laid Plans","floor":14.0},{"not_picked":["Bullet Time","Malaise"],"picked":"Adrenaline","floor":16.0},{"not_picked":["Acrobatics","Deflect"],"picked":"PiercingWail+1","floor":18.0},{"not_picked":["Finisher","Underhanded Strike"],"picked":"Footwork","floor":19.0},{"not_picked":["Reflex","Dash"],"picked":"PiercingWail+1","floor":22.0},{"not_picked":["Distraction","Infinite Blades+1"],"picked":"Outmaneuver+1","floor":24.0},{"not_picked":["Bane","Blade Dance","Eviscerate+1"],"picked":"SKIP","floor":28.0},{"not_picked":["Skewer","Predator"],"picked":"Catalyst","floor":31.0},{"not_picked":["A Thousand Cuts","Die Die Die"],"picked":"Malaise","floor":33.0},{"not_picked":["Dash+1","Outmaneuver"],"picked":"Noxious Fumes+1","floor":35.0},{"not_picked":["Deadly Poison","Deflect"],"picked":"Footwork+1","floor":36.0},{"not_picked":["Dagger Spray+1","Poisoned Stab+1"],"picked":"Dash","floor":38.0},{"not_picked":["Bane+1","Underhanded Strike+1","Grand Finale"],"picked":"SKIP","floor":40.0},{"not_picked":["Terror","Deflect+1"],"picked":"Dagger Spray+1","floor":42.0},{"not_picked":["Slice+1","Sucker Punch"],"picked":"Concentrate","floor":44.0},{"not_picked":["Blade Dance","Sucker Punch"],"picked":"Terror","floor":45.0}],"player_experience":193416,"relics_obtained":[{"floor":8.0,"key":"Lantern"},{"floor":9.0,"key":"Regal Pillow"},{"floor":12.0,"key":"Ninja Scroll"},{"floor":14.0,"key":"MawBank"},{"floor":24.0,"key":"Blood Vial"},{"floor":26.0,"key":"Happy Flower"},{"floor":30.0,"key":"Red Mask"},{"floor":36.0,"key":"Incense Burner"},{"floor":40.0,"key":"Smiling Mask"},{"floor":43.0,"key":"Kunai"},{"floor":45.0,"key":"Bottled Lightning"}],"event_choices":[{"damage_healed":0.0,"max_hp_gain":0.0,"max_hp_loss":0.0,"gold_gain":0.0,"event_name":"Golden Idol","player_choice":"Take Wound","floor":2.0,"gold_loss":0.0,"damage_taken":0.0,"relics_obtained":["Golden Idol"],"cards_obtained":["Injury"]},{"cards_removed":["Iron Wave"],"damage_healed":0.0,"max_hp_gain":0.0,"max_hp_loss":0.0,"gold_gain":0.0,"event_name":"NoteForYourself","player_choice":"Took Card","floor":4.0,"gold_loss":0.0,"damage_taken":0.0,"cards_obtained":["Iron Wave"]},{"damage_healed":0.0,"max_hp_gain":0.0,"max_hp_loss":0.0,"gold_gain":0.0,"event_name":"Accursed Blacksmith","player_choice":"Rummage","floor":21.0,"gold_loss":0.0,"damage_taken":0.0,"relics_obtained":["WarpedTongs"],"cards_obtained":["Pain"]},{"damage_healed":0.0,"max_hp_gain":0.0,"max_hp_loss":0.0,"gold_gain":0.0,"event_name":"Masked Bandits","player_choice":"Fought Bandits","floor":30.0,"gold_loss":0.0,"damage_taken":0.0},{"damage_healed":0.0,"max_hp_gain":0.0,"max_hp_loss":0.0,"gold_gain":0.0,"event_name":"MindBloom","player_choice":"Fight","floor":36.0,"gold_loss":0.0,"damage_taken":0.0},{"damage_healed":0.0,"max_hp_gain":0.0,"max_hp_loss":0.0,"gold_gain":222.0,"event_name":"Tomb of Lord Red Mask","player_choice":"Wore Mask","floor":39.0,"gold_loss":0.0,"damage_taken":0.0},{"damage_healed":0.0,"max_hp_gain":0.0,"max_hp_loss":0.0,"gold_gain":0.0,"event_name":"Mysterious Sphere","player_choice":"Ignored","floor":47.0,"gold_loss":0.0,"damage_taken":0.0},{"damage_healed":0.0,"max_hp_gain":0.0,"max_hp_loss":0.0,"gold_gain":0.0,"event_name":"SecretPortal","player_choice":"Ignored","floor":48.0,"gold_loss":0.0,"damage_taken":0.0}],"is_beta":false,"boss_relics":[{"not_picked":["Cursed Key","Busted Crown"],"picked":"Runic Pyramid"},{"not_picked":["Fusion Hammer","Sozu"],"picked":"Pandora\u0027s Box"}],"items_purged_floors":[20,27,37,46],"is_endless":false,"potions_floor_spawned":[3,7,8,11,12,16,22,24,28,30,38,44],"ascension_level":1}