{"gold_per_floor":[110,110,125,125,47,47,63,63,86,117,117,42,42,73,73,194,194,218,218,218,243,262,300,300,315,340,379,379,304,8,47,47,178,178,201,217,217,57,72,72,106,106,106,106,131,131,172,193,193,193],"floor_reached":50,"playtime":3556,"items_purged":["Strike_G","Strike_G","Strike_G"],"score":921,"play_id":"f55a1f60-5731-44db-863f-405b5e4ccd20","local_time":"20190320185222","is_ascension_mode":true,"campfire_choices":[{"data":"Footwork","floor":6.0,"key":"SMITH"},{"data":"Sucker Punch","floor":8.0,"key":"SMITH"},{"data":"Blade Dance","floor":15.0,"key":"SMITH"},{"data":"Envenom","floor":24.0,"key":"SMITH"},{"data":"Die Die Die","floor":28.0,"key":"SMITH"},{"floor":32.0,"key":"REST"},{"data":"Blade Dance","floor":40,"key":"SMITH"},{"data":"Footwork","floor":42,"key":"SMITH"},{"data":"Blade Dance","floor":46,"key":"SMITH"},{"data":"Flash of Steel","floor":49,"key":"SMITH"}],"neow_cost":"NONE","seed_source_timestamp":0,"circlet_count":0,"master_deck":["AscendersBane","Defend_G","Defend_G","Defend_G","Defend_G","Strike_G","Survivor","Neutralize+1","Heel Hook","Footwork+1","Accuracy+1","Sucker Punch+1","Dagger Spray","Blade Dance+1","Envenom+1","Die Die Die+1","Blade Dance+1","Backstab","Flash of Steel+1","Footwork+1","Backstab+1","Bouncing Flask+1"],"special_seed":0,"relics":["Ring of the Snake","Golden Idol","Centennial Puzzle","Meat on the Bone","Snake Skull","Black Star","Gremlin Horn","Nilry\u0027s Codex","Omamori","Blood Vial","Bag of Marbles","Dream Catcher","Dodecahedron","Lantern","Incense Burner","Orichalcum","Eternal Feather","Potion Belt","Bronze Scales","Vajra","Regal Pillow","Ancient Tea Set"],"potions_floor_usage":[41,50,50,50],"damage_taken":[{"damage":0.0,"enemies":"Small Slimes","floor":1.0,"turns":5.0},{"damage":3.0,"enemies":"2 Louse","floor":3.0,"turns":3.0},{"damage":0.0,"enemies":"Cultist","floor":7.0,"turns":6.0},{"damage":15.0,"enemies":"Gremlin Nob","floor":10.0,"turns":5.0},{"damage":21.0,"enemies":"3 Sentries","floor":14.0,"turns":9.0},{"damage":0.0,"enemies":"The Guardian","floor":16.0,"turns":12.0},{"damage":7.0,"enemies":"Chosen","floor":18.0,"turns":4.0},{"damage":3.0,"enemies":"Shell Parasite","floor":21.0,"turns":7.0},{"damage":2.0,"enemies":"Centurion and Healer","floor":22.0,"turns":5.0},{"damage":5.0,"enemies":"Gremlin Leader","floor":23.0,"turns":4.0},{"damage":18.0,"enemies":"Chosen and Byrds","floor":25.0,"turns":5.0},{"damage":5.0,"enemies":"Slavers","floor":27.0,"turns":7.0},{"damage":33.0,"enemies":"Book of Stabbing","floor":31.0,"turns":5.0},{"damage":32.0,"enemies":"Automaton","floor":33.0,"turns":9.0},{"damage":24,"enemies":"3 Shapes","floor":35,"turns":6},{"damage":0,"enemies":"3 Darklings","floor":36,"turns":4},{"damage":21,"enemies":"Spire Growth","floor":39,"turns":6},{"damage":12,"enemies":"Reptomancer","floor":41,"turns":5},{"damage":3,"enemies":"4 Shapes","floor":45,"turns":3},{"damage":13,"enemies":"Nemesis","floor":47,"turns":7},{"damage":10,"enemies":"Writhing Mass","floor":48,"turns":4},{"damage":70,"enemies":"Donu and Deca","floor":50,"turns":6}],"seed_played":"4596088139732127635","potions_obtained":[{"floor":1.0,"key":"EntropicBrew"},{"floor":3.0,"key":"Strength Potion"},{"floor":4.0,"key":"Strength Potion"},{"floor":4.0,"key":"Regen Potion"},{"floor":16.0,"key":"SteroidPotion"},{"floor":18.0,"key":"Dexterity Potion"},{"floor":25.0,"key":"Fire Potion"},{"floor":31.0,"key":"Fruit Juice"},{"floor":33.0,"key":"Strength Potion"},{"floor":35,"key":"Regen Potion"},{"floor":41,"key":"Dexterity Potion"},{"floor":48,"key":"Dexterity Potion"}],"is_trial":false,"path_per_floor":["M","?","M","?","$","R","M","R","T","E","?","$","?","E","R","B",null,"M","T","?","M","M","E","R","M","T","E","R","?","$","E","R","B",null,"M","M","?","$","M","R","E","R","T","?","M","R","E","M","R","B"],"character_chosen":"THE_SILENT","items_purchased":["Accuracy","Lantern","Blade Dance","Footwork"],"campfire_rested":1,"item_purchase_floors":[5,30,30,38],"current_hp_per_floor":[63,63,60,60,60,60,60,60,60,45,45,45,45,39,39,39,59,52,52,36,33,43,38,38,34,34,43,43,43,43,29,50,32,61,39,41,41,41,34,46,36,48,48,48,47,59,48,40,52,0],"gold":193,"neow_bonus":"UPGRADE_CARD","is_prod":false,"is_daily":false,"chose_seed":false,"campfire_upgraded":9,"win_rate":0,"timestamp":1553133142,"path_taken":["M","?","M","?","$","R","?","R","T","E","?","$","?","E","R","BOSS","M","?","?","M","M","E","R","M","T","E","R","?","$","E","R","BOSS","M","M","?","$","M","R","E","R","T","?","M","R","E","M","R","BOSS"],"build_version":"2019-01-23","purchased_purges":3,"victory":false,"max_hp_per_floor":[70,65,65,65,65,65,65,65,65,65,65,65,65,65,65,65,65,65,65,65,65,65,65,65,65,65,65,65,65,65,70,70,70,70,70,70,70,70,70,70,70,70,70,70,70,70,70,70,70,70],"card_choices":[{"not_picked":["Bouncing Flask","Tactician"],"picked":"Heel Hook","floor":1.0},{"not_picked":["Acrobatics","Backflip"],"picked":"Footwork","floor":3.0},{"not_picked":["Poisoned Stab","Dodge and Roll"],"picked":"Sucker Punch","floor":7.0},{"not_picked":["Accuracy","Terror"],"picked":"Dagger Spray","floor":10.0},{"not_picked":["Terror","Corpse Explosion"],"picked":"Blade Dance","floor":14.0},{"not_picked":["Corpse Explosion","Grand Finale"],"picked":"Envenom","floor":16.0},{"not_picked":["Concentrate","Expertise","Acrobatics"],"picked":"SKIP","floor":18.0},{"not_picked":["Crippling Poison","Well Laid Plans","Calculated Gamble+1"],"picked":"SKIP","floor":21.0},{"not_picked":["Distraction+1","Dodge and Roll","Tactician"],"picked":"SKIP","floor":22.0},{"not_picked":["PiercingWail","Dagger Throw+1","All Out Attack+1"],"picked":"SKIP","floor":23.0},{"not_picked":["Backflip+1","Flying Knee+1","Acrobatics"],"picked":"SKIP","floor":25.0},{"not_picked":["Dodge and Roll+1","Endless Agony"],"picked":"Die Die Die","floor":27.0},{"not_picked":["Prepared","Dagger Spray","Dash+1"],"picked":"SKIP","floor":31.0},{"not_picked":["Riddle With Holes","Crippling Poison"],"picked":"Backstab","floor":32.0},{"not_picked":["Underhanded Strike+1","Endless Agony+1","Deadly Poison+1"],"picked":"SKIP","floor":35},{"not_picked":["Quick Slash+1","Blade Dance","Finisher+1"],"picked":"SKIP","floor":36},{"not_picked":["Quick Slash+1","Finisher+1"],"picked":"Blade Dance","floor":36},{"not_picked":["Purity","Jack Of All Trades"],"picked":"Flash of Steel","floor":37},{"not_picked":["Quick Slash","Tactician+1","Blade Dance"],"picked":"SKIP","floor":39},{"not_picked":["Outmaneuver","Acrobatics","Poisoned Stab+1"],"picked":"SKIP","floor":41},{"not_picked":["Footwork","Storm of Steel"],"picked":"Backstab+1","floor":45},{"not_picked":["Reflex+1","Footwork+1"],"picked":"Bouncing Flask+1","floor":47},{"not_picked":["Sucker Punch+1","PiercingWail","Dodge and Roll"],"picked":"SKIP","floor":48}],"player_experience":437723,"relics_obtained":[{"floor":9.0,"key":"Centennial Puzzle"},{"floor":10.0,"key":"Meat on the Bone"},{"floor":14.0,"key":"Snake Skull"},{"floor":19.0,"key":"Gremlin Horn"},{"floor":20.0,"key":"Nilry\u0027s Codex"},{"floor":23.0,"key":"Omamori"},{"floor":23.0,"key":"Blood Vial"},{"floor":26.0,"key":"Bag of Marbles"},{"floor":27.0,"key":"Dream Catcher"},{"floor":27.0,"key":"Dodecahedron"},{"floor":31.0,"key":"Incense Burner"},{"floor":31.0,"key":"Orichalcum"},{"floor":41,"key":"Potion Belt"},{"floor":41,"key":"Bronze Scales"},{"floor":43,"key":"Vajra"},{"floor":47,"key":"Regal Pillow"},{"floor":47,"key":"Ancient Tea Set"}],"event_choices":[{"damage_healed":0.0,"max_hp_gain":0.0,"max_hp_loss":5.0,"gold_gain":0.0,"event_name":"Golden Idol","player_choice":"Lose Max HP","floor":2.0,"gold_loss":0.0,"damage_taken":0.0,"relics_obtained":["Golden Idol"]},{"damage_healed":0.0,"max_hp_gain":0.0,"max_hp_loss":0.0,"gold_gain":0.0,"event_name":"Lab","player_choice":"Got Potions","floor":4.0,"gold_loss":0.0,"damage_taken":0.0},{"damage_healed":0.0,"max_hp_gain":0.0,"max_hp_loss":0.0,"gold_gain":0.0,"event_name":"Living Wall","player_choice":"Grow","floor":11.0,"gold_loss":0.0,"damage_taken":0.0,"cards_upgraded":["Accuracy"]},{"cards_removed":["Defend_G"],"damage_healed":0.0,"max_hp_gain":0.0,"max_hp_loss":0.0,"gold_gain":0.0,"event_name":"Bonfire Elementals","player_choice":"Offered Basic","floor":13.0,"gold_loss":0.0,"damage_taken":0.0},{"damage_healed":0.0,"max_hp_gain":0.0,"max_hp_loss":0.0,"gold_gain":0.0,"event_name":"Cursed Tome","player_choice":"Obtained Book","floor":20.0,"gold_loss":0.0,"damage_taken":16.0},{"cards_removed":["Strike_G"],"damage_healed":0.0,"max_hp_gain":0.0,"max_hp_loss":0.0,"gold_gain":0.0,"event_name":"Beggar","player_choice":"Gave Gold","floor":29.0,"gold_loss":75.0,"damage_taken":0.0},{"damage_healed":0,"gold_gain":0,"player_choice":"Memory 1","damage_taken":0,"max_hp_gain":0,"max_hp_loss":0,"event_name":"SensoryStone","floor":37,"gold_loss":0},{"cards_removed":["Blade Dance"],"damage_healed":0,"gold_gain":0,"player_choice":"Removed Skill","damage_taken":0,"max_hp_gain":0,"max_hp_loss":0,"event_name":"Falling","floor":44,"gold_loss":0}],"is_beta":false,"boss_relics":[{"not_picked":["Cursed Key","Snecko Eye"],"picked":"Black Star"},{"not_picked":["HoveringKite","Velvet Choker"],"picked":"Eternal Feather"}],"items_purged_floors":[12,30,38],"is_endless":false,"potions_floor_spawned":[1,3,16,18,25,31,33,35,41,48],"killed_by":"Donu and Deca","ascension_level":10}