{"gold_per_floor":[117,137,87,103,53,53,83,33,33,49,49,66,77,77,77,77],"floor_reached":16,"playtime":642,"items_purged":["Strike_G","Strike_G","Strike_G"],"score":204,"play_id":"dc3eb5f6-3e4a-4094-9246-6f86ca0f86ca","local_time":"20190307153414","is_ascension_mode":true,"campfire_choices":[{"data":"Neutralize","floor":6.0,"key":"SMITH"},{"floor":11.0,"key":"REST"},{"floor":15.0,"key":"REST"}],"neow_cost":"NONE","seed_source_timestamp":536314858492000,"circlet_count":0,"master_deck":["AscendersBane","Defend_G","Defend_G","Defend_G","Defend_G","Defend_G","Strike_G","Strike_G","Survivor","Neutralize+1","Choke","Skewer","Backflip","Dagger Spray","Caltrops","Quick Slash","Deadly Poison"],"special_seed":0,"relics":["Ring of the Snake","Smiling Mask","Juzu Bracelet","Pear"],"potions_floor_usage":[],"damage_taken":[{"damage":0.0,"enemies":"2 Louse","floor":1.0,"turns":4.0},{"damage":1.0,"enemies":"Small Slimes","floor":2.0,"turns":5.0},{"damage":1.0,"enemies":"Cultist","floor":4.0,"turns":4.0},{"damage":42.0,"enemies":"3 Sentries","floor":7.0,"turns":16.0},{"damage":10.0,"enemies":"3 Louse","floor":10.0,"turns":3.0},{"damage":5.0,"enemies":"Red Slaver","floor":12.0,"turns":5.0},{"damage":20.0,"enemies":"Gremlin Gang","floor":13.0,"turns":4.0},{"damage":34,"enemies":"Hexaghost","floor":16,"turns":9}],"seed_played":"-4356915565229239250","potions_obtained":[{"floor":1.0,"key":"Block Potion"},{"floor":7.0,"key":"Strength Potion"},{"floor":10.0,"key":"Weak Potion"}],"is_trial":false,"path_per_floor":["M","M","$","M","$","R","E","$","T","M","R","M","M","?","R","B"],"character_chosen":"THE_SILENT","items_purchased":[],"campfire_rested":2,"item_purchase_floors":[],"current_hp_per_floor":[59,58,58,57,57,57,15,15,25,15,37,32,12,12,34,0],"gold":77,"neow_bonus":"RANDOM_COMMON_RELIC","is_prod":false,"is_daily":false,"chose_seed":false,"campfire_upgraded":1,"win_rate":0,"timestamp":1551972854,"path_taken":["M","M","$","M","$","R","E","$","T","M","R","M","M","?","R","BOSS"],"build_version":"2019-01-23","purchased_purges":3,"victory":false,"max_hp_per_floor":[66,66,66,66,66,66,66,66,76,76,76,76,76,76,76,76],"card_choices":[{"not_picked":["Acrobatics","Deflect"],"picked":"Choke","floor":1.0},{"not_picked":["Endless Agony","Masterful Stab"],"picked":"Skewer","floor":2.0},{"not_picked":["Skewer","Prepared"],"picked":"Backflip","floor":4.0},{"not_picked":["Setup","Deflect"],"picked":"Dagger Spray","floor":7.0},{"not_picked":["Acrobatics","Blur"],"picked":"Caltrops","floor":10.0},{"not_picked":["Blade Dance","PiercingWail"],"picked":"Quick Slash","floor":12.0},{"not_picked":["Infinite Blades","Underhanded Strike"],"picked":"Deadly Poison","floor":13.0}],"player_experience":1246618,"relics_obtained":[{"floor":7.0,"key":"Juzu Bracelet"},{"floor":9.0,"key":"Pear"}],"event_choices":[{"damage_healed":0.0,"max_hp_gain":0.0,"max_hp_loss":0.0,"gold_gain":0.0,"event_name":"Liars Game","player_choice":"Ignored","floor":14.0,"gold_loss":0.0,"damage_taken":0.0}],"is_beta":false,"boss_relics":[],"items_purged_floors":[3,5,8],"is_endless":false,"potions_floor_spawned":[1,7,10,13],"killed_by":"Hexaghost","ascension_level":20}