{"gold_per_floor":[112,127,127,127,152,152,52,52,79,115,115,155,78,91,91,211,211,235,258,198,41,41,80,80,124,124,124,137,153,3,23,23,148,148,162,162,185,249,8,48,48,64,88,119,119,157,157,496,496,496],"floor_reached":51,"playtime":5465,"items_purged":["Clumsy","Injury","Decay"],"score":1178,"play_id":"f464e094-81a2-4341-9b59-649805749871","local_time":"20190114182102","is_ascension_mode":true,"campfire_choices":[{"data":"Slimebound:GrowthPunch","floor":6.0,"key":"SMITH"},{"floor":8.0,"key":"REST"},{"data":"Slimebound:GangUp","floor":11.0,"key":"SMITH"},{"floor":15.0,"key":"REST"},{"floor":24.0,"key":"REST"},{"floor":32.0,"key":"REST"},{"data":"Slimebound:SplitBruiser","floor":41,"key":"SMITH"},{"data":"Slimebound:SlimeBarrage","floor":47,"key":"SMITH"},{"data":"Slimebound:DuplicatedForm","floor":49,"key":"SMITH"}],"neow_cost":"","seed_source_timestamp":0,"circlet_count":0,"master_deck":["Slimebound:Strike_Slimebound+1","Slimebound:Strike_Slimebound+1","Slimebound:Defend_Slimebound+1","Slimebound:Defend_Slimebound+1","Slimebound:Defend_Slimebound+1","Slimebound:Defend_Slimebound+1","Slimebound:Split","Slimebound:CorrosiveSpit","Slimebound:GrowthPunch+1","Slimebound:SelfFormingGoo","Slimebound:GangUp+1","Slimebound:LivingWall","Slimebound:Prepare","Slimebound:SlimeBarrage+1","Slimebound:LivingWall","Slimebound:SplitBruiser+1","Slimebound:MassFeed","Injury","Slimebound:RejuvenatingLick","Slimebound:ComboTackle+1","Slimebound:LevelUp","Slimebound:SlimeSpikes","Slimebound:Teamwork","Dramatic Entrance","Slimebound:PrepareCrush","Slimebound:Lick","Slimebound:FormOfPuddle+1","Slimebound:RejuvenatingLick","Slimebound:RejuvenatingLick","Slimebound:FormOfPuddle+1","Slimebound:MassFeed+1","Slimebound:ItLooksTasty+1","Madness","Madness","Slimebound:SamplingLick+1","Slimebound:GrowthPunch+1","Slimebound:Equalize+1","Slimebound:DisruptingSlam+1","Slimebound:GangUp+1","Slimebound:DuplicatedForm+1","Slimebound:Recollect","Slimebound:StudyTheSpire"],"special_seed":0,"relics":["Slimebound:AbsorbEndCombat","PreservedInsect","Torii","Golden Idol","Bag of Marbles","War Paint","Blue Candle","Calling Bell","Bag of Preparation","Question Card","Shovel","Blood Vial","Strawberry","Molten Egg 2","Philosopher\u0027s Stone","Incense Burner","ClockworkSouvenir","Happy Flower","Ancient Tea Set","Kunai","StoneCalendar","Old Coin"],"potions_floor_usage":[33,33,33,38,40,50],"damage_taken":[{"damage":18.0,"enemies":"Jaw Worm","floor":1.0,"turns":4.0},{"damage":6.0,"enemies":"2 Louse","floor":2.0,"turns":2.0},{"damage":13.0,"enemies":"Cultist","floor":5.0,"turns":4.0},{"damage":36.0,"enemies":"Gremlin Nob","floor":10.0,"turns":4.0},{"damage":30.0,"enemies":"Lagavulin","floor":12.0,"turns":4.0},{"damage":12.0,"enemies":"2 Fungi Beasts","floor":14.0,"turns":5.0},{"damage":45.0,"enemies":"Slime Boss","floor":16.0,"turns":7.0},{"damage":48.0,"enemies":"3 Byrds","floor":18.0,"turns":5.0},{"damage":32.0,"enemies":"Shell Parasite","floor":19.0,"turns":7.0},{"damage":48.0,"enemies":"Book of Stabbing","floor":23.0,"turns":5.0},{"damage":38.0,"enemies":"Gremlin Leader","floor":25.0,"turns":4.0},{"damage":14.0,"enemies":"Centurion and Healer","floor":28.0,"turns":6.0},{"damage":17.0,"enemies":"Chosen and Byrds","floor":29.0,"turns":4.0},{"damage":38.0,"enemies":"Shelled Parasite and Fungi","floor":31.0,"turns":5.0},{"damage":75,"enemies":"Champ","floor":33,"turns":10},{"damage":28,"enemies":"3 Darklings","floor":35,"turns":7},{"damage":41,"enemies":"3 Shapes","floor":37,"turns":4},{"damage":48,"enemies":"2 Orb Walkers","floor":38,"turns":5},{"damage":47,"enemies":"Giant Head","floor":40,"turns":7},{"damage":38,"enemies":"Jaw Worm Horde","floor":42,"turns":3},{"damage":41,"enemies":"Reptomancer","floor":44,"turns":5},{"damage":90,"enemies":"Giant Head","floor":46,"turns":7},{"damage":30,"enemies":"Nemesis","floor":48,"turns":5},{"damage":123,"enemies":"Time Eater","floor":50,"turns":9}],"seed_played":"-183212897851201153","potions_obtained":[{"floor":1.0,"key":"Fire Potion"},{"floor":16.0,"key":"Poison Potion"},{"floor":18.0,"key":"Slimebound:SpawnSlimePotion"},{"floor":28.0,"key":"SteroidPotion"},{"floor":29.0,"key":"Slimebound:SlimedPotion"},{"floor":31.0,"key":"Swift Potion"},{"floor":33,"key":"Slimebound:SpawnSlimePotion"},{"floor":35,"key":"Slimebound:SpawnSlimePotion"},{"floor":40,"key":"FairyPotion"},{"floor":48,"key":"Poison Potion"}],"is_trial":false,"path_per_floor":["M","M","?","?","M","R","$","R","T","E","R","E","$","M","R","B",null,"M","M","?","$","?","E","R","E","T","?","M","M","$","M","R","B",null,"M","?","M","?","$","E","R","M","T","E","?","E","R","E","R","B",null],"character_chosen":"SLIMEBOUND","items_purchased":["PreservedInsect","Slimebound:GrowthPunch","Slimebound:SelfFormingGoo","Regen Potion","Slimebound:Teamwork","Dramatic Entrance","Slimebound:RejuvenatingLick","ClockworkSouvenir","Slimebound:Equalize+1"],"campfire_rested":4,"item_purchase_floors":[0,0,0,13,21,21,30,39,39],"current_hp_per_floor":[30,32,32,32,33,33,33,55,55,35,35,22,22,37,59,37,75,50,45,45,45,45,24,47,30,30,30,41,44,44,36,63,27,92,89,77,73,54,54,50,50,25,25,28,91,48,48,65,65,21],"gold":496,"neow_bonus":"","is_prod":false,"is_daily":false,"chose_seed":false,"campfire_upgraded":5,"win_rate":0,"timestamp":1547511662,"path_taken":["M","M","?","?","M","R","$","R","T","E","R","E","?","M","R","BOSS","M","M","?","?","?","E","R","E","T","?","M","?","?","M","R","BOSS","M","?","M","?","$","E","R","M","T","E","?","E","R","E","R","BOSS"],"build_version":"2019-01-10","purchased_purges":3,"victory":true,"max_hp_per_floor":[75,75,75,75,75,75,75,75,75,75,75,75,75,75,75,75,75,75,75,75,75,75,79,79,86,86,86,89,89,89,92,92,92,92,92,92,96,96,96,96,96,104,104,104,91,91,91,91,91,91],"card_choices":[{"not_picked":["Slimebound:SplitLeeching","Slimebound:Chomp"],"picked":"Slimebound:GangUp","floor":1.0},{"not_picked":["Slimebound:SlimeSpikes","Slimebound:Lick"],"picked":"Slimebound:LivingWall","floor":2.0},{"not_picked":["Slimebound:SplitBruiser","Slimebound:Lick"],"picked":"Slimebound:Prepare","floor":5.0},{"not_picked":["Slimebound:Grow","Slimebound:FlameTackle"],"picked":"Slimebound:SlimeBarrage","floor":10.0},{"not_picked":["Slimebound:GoopSpray","Slimebound:HungryTackle"],"picked":"Slimebound:LivingWall","floor":12.0},{"not_picked":["Slimebound:VenomTackle","Slimebound:LeechEnergy"],"picked":"Slimebound:SplitBruiser","floor":14.0},{"not_picked":["Slimebound:Overexert","Slimebound:StudyTheSpire"],"picked":"Slimebound:MassFeed","floor":16.0},{"not_picked":["Slimebound:FirmFortitude","Slimebound:ComboTackle","Slimebound:PoisonLick"],"picked":"Slimebound:RejuvenatingLick","floor":18.0},{"not_picked":["Slimebound:SplitLeeching","Slimebound:ViciousTackle","Slimebound:RejuvenatingLick"],"picked":"Slimebound:ComboTackle+1","floor":19.0},{"not_picked":["Slimebound:FormABlockade","Slimebound:FirmFortitude+1","Slimebound:PoisonLick+1"],"picked":"Slimebound:PrepareCrush","floor":23.0},{"not_picked":["Slimebound:TendrilStrike","Slimebound:FormABlockade","Slimebound:ProtectTheBoss+1"],"picked":"Slimebound:Lick","floor":25.0},{"not_picked":["Slimebound:Lick","Slimebound:DivideAndConquer+1","Slimebound:Repurpose"],"picked":"Slimebound:FormOfPuddle+1","floor":28.0},{"not_picked":["Slimebound:Gluttony","Slimebound:FormABlockade","Slimebound:RollThrough+1"],"picked":"Slimebound:RejuvenatingLick","floor":29.0},{"not_picked":["Slimebound:ItLooksTasty+1","Slimebound:LeechEnergy+1","Slimebound:FinishingTackle+1"],"picked":"Slimebound:FormOfPuddle+1","floor":31.0},{"not_picked":["Slimebound:OozeBath","Slimebound:AcidTongue","Slimebound:SlimeBrawl"],"picked":"Slimebound:MassFeed+1","floor":33},{"not_picked":["Slimebound:LeechingTouch+1","Slimebound:FormOfPuddle","Slimebound:GoopTackle+1"],"picked":"Slimebound:ItLooksTasty+1","floor":35},{"not_picked":["Slimebound:Prepare","Slimebound:RejuvenatingLick+1","Slimebound:FirmFortitude+1"],"picked":"Slimebound:SamplingLick+1","floor":37},{"not_picked":["Slimebound:SplitAcid+1","Slimebound:ComboTackle+1","Slimebound:SamplingLick+1"],"picked":"Slimebound:GrowthPunch+1","floor":38},{"not_picked":["Slimebound:Repurpose+1","Slimebound:SpikyOuterGoop","Slimebound:Equalize+1"],"picked":"Slimebound:DisruptingSlam+1","floor":40},{"not_picked":["Slimebound:SelfFormingGoo","Slimebound:ProtectTheBoss","Slimebound:SamplingLick+1"],"picked":"Slimebound:GangUp+1","floor":42},{"not_picked":["Slimebound:ProtectTheBoss+1","Slimebound:SplitLeeching+1","Slimebound:HauntingLick+1"],"picked":"Slimebound:DuplicatedForm","floor":44},{"not_picked":["Slimebound:LeechingTouch+1","Slimebound:RainOfGoop","Slimebound:RollThrough+1"],"picked":"Slimebound:Recollect","floor":46},{"not_picked":["Slimebound:HauntingLick+1","Slimebound:Recycling","Slimebound:Replication"],"picked":"Slimebound:StudyTheSpire","floor":48}],"player_experience":249266,"relics_obtained":[{"floor":9.0,"key":"Bag of Marbles"},{"floor":10.0,"key":"War Paint"},{"floor":12.0,"key":"Blue Candle"},{"floor":17.0,"key":"Bag of Preparation"},{"floor":17.0,"key":"Question Card"},{"floor":17.0,"key":"Shovel"},{"floor":23.0,"key":"Blood Vial"},{"floor":25.0,"key":"Strawberry"},{"floor":26.0,"key":"Molten Egg 2"},{"floor":38,"key":"Incense Burner"},{"floor":40,"key":"Happy Flower"},{"floor":43,"key":"Ancient Tea Set"},{"floor":44,"key":"Kunai"},{"floor":46,"key":"StoneCalendar"},{"floor":48,"key":"Old Coin"}],"event_choices":[{"damage_healed":0.0,"max_hp_gain":0.0,"max_hp_loss":0.0,"gold_gain":0.0,"event_name":"Golden Wing","player_choice":"Ignored","floor":3.0,"gold_loss":0.0,"damage_taken":0.0},{"damage_healed":0.0,"max_hp_gain":0.0,"max_hp_loss":0.0,"gold_gain":0.0,"event_name":"Golden Idol","player_choice":"Take Wound","floor":4.0,"gold_loss":0.0,"damage_taken":0.0,"relics_obtained":["Golden Idol"],"cards_obtained":["Injury"]},{"damage_healed":0.0,"max_hp_gain":0.0,"max_hp_loss":0.0,"gold_gain":0.0,"cards_transformed":["Slimebound:Strike_Slimebound","Slimebound:Strike_Slimebound"],"event_name":"Designer","player_choice":"Transformed Cards","floor":20.0,"gold_loss":60.0,"damage_taken":0.0,"cards_obtained":["Slimebound:LevelUp","Slimebound:SlimeSpikes"]},{"damage_healed":0.0,"max_hp_gain":0.0,"max_hp_loss":0.0,"gold_gain":0.0,"event_name":"Back to Basics","player_choice":"Simplicity","floor":22.0,"gold_loss":0.0,"damage_taken":0.0,"cards_upgraded":[]},{"cards_removed":["Regret"],"damage_healed":0.0,"max_hp_gain":0.0,"max_hp_loss":0.0,"gold_gain":0.0,"event_name":"Purifier","player_choice":"Purged","floor":27.0,"gold_loss":0.0,"damage_taken":0.0},{"damage_healed":0,"gold_gain":0,"player_choice":"Embrace Madness","damage_taken":12,"max_hp_gain":0,"max_hp_loss":0,"event_name":"Winding Halls","floor":36,"gold_loss":0,"cards_obtained":["Madness","Madness"]},{"damage_healed":0,"gold_gain":0,"player_choice":"Fight","damage_taken":0,"max_hp_gain":0,"max_hp_loss":0,"event_name":"Mysterious Sphere","floor":38,"gold_loss":0},{"damage_healed":91,"gold_gain":0,"player_choice":"Heal","damage_taken":0,"max_hp_gain":0,"max_hp_loss":13,"event_name":"The Moai Head","floor":45,"gold_loss":0}],"is_beta":false,"boss_relics":[{"not_picked":["Orrery","Tiny House"],"picked":"Calling Bell"},{"not_picked":["White Beast Statue","Runic Pyramid"],"picked":"Philosopher\u0027s Stone"}],"items_purged_floors":[0,7,30],"is_endless":false,"potions_floor_spawned":[1,16,18,28,29,31,33,35,40,48],"ascension_level":3}