{"gold_per_floor":[119,44,54,71,71,71,71,71,125,160,170,201,101,120,120,194,194,213,213,263,278,278,311,338,338,338,165,165,165,177,205,217,229],"floor_reached":33,"playtime":1218,"items_purged":["Strike_R","Strike_R"],"score":542,"play_id":"5a5fb642-7406-4626-b4b5-cd60f11677a8","local_time":"20190118124455","is_ascension_mode":true,"campfire_choices":[{"data":"Bash","floor":6.0,"key":"SMITH"},{"data":"Shrug It Off","floor":15.0,"key":"SMITH"},{"data":"1","floor":25.0,"key":"LIFT"},{"data":"2","floor":28.0,"key":"LIFT"},{"floor":32.0,"key":"REST"}],"neow_cost":"NONE","seed_source_timestamp":3465454920271,"circlet_count":0,"master_deck":["AscendersBane","Strike_R+1","Strike_R+1","Strike_R+1","Defend_R+1","Defend_R+1","Defend_R+1","Defend_R+1","Bash+1","Cleave","Pummel","Clothesline","Anger","Armaments+1","Shrug It Off+1","Feed","Iron Wave","Armaments+1","Battle Trance","Offering+1","Sword Boomerang"],"special_seed":0,"relics":["Burning Blood","Centennial Puzzle","Art of War","Red Skull","WingedGreaves","Ancient Tea Set","Mark of Pain","Girya","War Paint","Letter Opener","Boot","MawBank"],"potions_floor_usage":[],"damage_taken":[{"damage":1.0,"enemies":"2 Louse","floor":1.0,"turns":2.0},{"damage":4.0,"enemies":"Small Slimes","floor":3.0,"turns":3.0},{"damage":6.0,"enemies":"Jaw Worm","floor":4.0,"turns":5.0},{"damage":25.0,"enemies":"3 Sentries","floor":10.0,"turns":5.0},{"damage":0.0,"enemies":"Large Slime","floor":11.0,"turns":2.0},{"damage":8.0,"enemies":"Gremlin Nob","floor":12.0,"turns":3.0},{"damage":1.0,"enemies":"2 Fungi Beasts","floor":14.0,"turns":2.0},{"damage":36.0,"enemies":"Slime Boss","floor":16.0,"turns":9.0},{"damage":14.0,"enemies":"3 Byrds","floor":18.0,"turns":8.0},{"damage":19.0,"enemies":"Spheric Guardian","floor":21.0,"turns":4.0},{"damage":43.0,"enemies":"Slavers","floor":23.0,"turns":6.0},{"damage":7.0,"enemies":"Centurion and Healer","floor":31.0,"turns":5.0},{"damage":51,"enemies":"Automaton","floor":33,"turns":8}],"seed_played":"-4691121414874316761","potions_obtained":[{"floor":3.0,"key":"Fruit Juice"},{"floor":11.0,"key":"Energy Potion"},{"floor":12.0,"key":"AttackPotion"},{"floor":18.0,"key":"Dexterity Potion"},{"floor":23.0,"key":"Regen Potion"}],"is_trial":false,"path_per_floor":["M","$","M","M","?","R","?","?","T","E","M","E","$","M","R","B",null,"M","?","?","M","?","E","T","R","T","$","R","T","$","M","R","B"],"character_chosen":"IRONCLAD","items_purchased":["Boot"],"campfire_rested":1,"item_purchase_floors":[27],"current_hp_per_floor":[73,73,75,75,80,80,56,51,51,37,43,41,41,46,46,16,68,64,64,64,51,51,14,14,14,14,14,14,14,14,31,58,7],"gold":229,"neow_bonus":"RANDOM_COMMON_RELIC","is_prod":false,"is_daily":false,"chose_seed":false,"campfire_upgraded":2,"win_rate":0,"timestamp":1547815495,"path_taken":["M","$","M","M","?","R","?","?","T","E","M","E","$","?","R","BOSS","M","?","?","?","?","E","?","R","T","$","R","?","?","M","R","BOSS"],"build_version":"2019-01-17v2","purchased_purges":2,"victory":false,"max_hp_per_floor":[75,75,75,75,80,80,80,80,80,85,85,85,85,85,85,85,85,89,89,89,89,89,89,89,89,89,89,89,89,89,93,93,93],"card_choices":[{"not_picked":["Sword Boomerang","Evolve"],"picked":"Cleave","floor":1.0},{"not_picked":["Body Slam","Dropkick"],"picked":"Pummel","floor":3.0},{"not_picked":["Intimidate","Body Slam"],"picked":"Clothesline","floor":4.0},{"not_picked":["Corruption","Clash","Reckless Charge"],"picked":"SKIP","floor":10.0},{"not_picked":["Sentinel","Clothesline"],"picked":"Anger","floor":11.0},{"not_picked":["Evolve","Reckless Charge"],"picked":"Armaments","floor":12.0},{"not_picked":["Whirlwind","Double Tap"],"picked":"Shrug It Off","floor":14.0},{"not_picked":["Fiend Fire","Immolate"],"picked":"Feed","floor":16.0},{"not_picked":["Headbutt","Rupture+1"],"picked":"Iron Wave","floor":18.0},{"not_picked":["Searing Blow","Sentinel"],"picked":"Armaments+1","floor":21.0},{"not_picked":["Body Slam+1","Sever Soul+1"],"picked":"Offering","floor":23.0},{"not_picked":["Warcry","Infernal Blade"],"picked":"Sword Boomerang","floor":31.0}],"player_experience":1148299,"relics_obtained":[{"floor":9.0,"key":"Red Skull"},{"floor":10.0,"key":"WingedGreaves"},{"floor":12.0,"key":"Ancient Tea Set"},{"floor":23.0,"key":"Girya"},{"floor":24.0,"key":"War Paint"},{"floor":26.0,"key":"Letter Opener"},{"floor":29.0,"key":"MawBank"}],"event_choices":[{"damage_healed":0.0,"max_hp_gain":5.0,"max_hp_loss":0.0,"gold_gain":0.0,"event_name":"Big Fish","player_choice":"Donut","floor":5.0,"gold_loss":0.0,"damage_taken":0.0},{"damage_healed":0.0,"max_hp_gain":0.0,"max_hp_loss":0.0,"gold_gain":0.0,"event_name":"Shining Light","player_choice":"Entered Light","floor":7.0,"gold_loss":0.0,"damage_taken":24.0,"cards_upgraded":["Defend_R","Strike_R"]},{"damage_healed":0.0,"max_hp_gain":0.0,"max_hp_loss":0.0,"gold_gain":0.0,"event_name":"Scrap Ooze","player_choice":"Success","floor":8.0,"gold_loss":0.0,"damage_taken":5.0,"relics_obtained":["Art of War"]},{"damage_healed":0.0,"max_hp_gain":0.0,"max_hp_loss":0.0,"gold_gain":0.0,"event_name":"Back to Basics","player_choice":"Simplicity","floor":19.0,"gold_loss":0.0,"damage_taken":0.0,"cards_upgraded":["Strike_R","Strike_R","Defend_R","Defend_R","Defend_R"]},{"damage_healed":0.0,"max_hp_gain":0.0,"max_hp_loss":0.0,"gold_gain":100.0,"event_name":"The Joust","player_choice":"Bet on Murderer","floor":20.0,"gold_loss":50.0,"damage_taken":0.0},{"damage_healed":0.0,"max_hp_gain":0.0,"max_hp_loss":0.0,"gold_gain":0.0,"event_name":"The Library","player_choice":"Read","floor":22.0,"gold_loss":0.0,"damage_taken":0.0,"cards_obtained":["Battle Trance"]}],"is_beta":false,"boss_relics":[{"not_picked":["Runic Dome","White Beast Statue"],"picked":"Mark of Pain"}],"items_purged_floors":[2,13],"is_endless":false,"potions_floor_spawned":[3,11,12,14,18,23],"killed_by":"Automaton","ascension_level":20}