{"path_per_floor":["M","?","M","?","M","E","M","R","T","M","?","M","M","E","R","B",null,"M","?","?","M","M","E","M","$","T","?","M","R","?","E","R"],"character_chosen":"THE_SILENT","items_purchased":["Strange Spoon","Lantern","Orichalcum","Mercury Hourglass","Anchor"],"gold_per_floor":[114,189,204,279,294,324,339,339,339,354,354,373,392,430,430,555,593,612,862,777,796,815,853,872,22,97,97,116,116,116,154,154,154],"floor_reached":33,"campfire_rested":3,"playtime":6247,"current_hp_per_floor":[70,59,59,59,59,44,44,44,44,44,27,27,25,25,46,8,75,75,75,75,69,60,14,1,1,1,1,1,16,16,12,27,0],"items_purged":["Regret"],"gold":154,"score":400,"play_id":"dd08c5a8-4a80-44c8-9e18-a45ce12f7f11","local_time":"20180408152819","daily_mods":["Draft","Time Dilation","Lethality"],"is_prod":false,"is_daily":true,"is_ascension_mode":false,"campfire_upgraded":1,"timestamp":1523226499,"path_taken":["M","?","M","?","M","E","M","R","T","M","?","M","M","E","R","BOSS","M","?","?","M","M","E","?","?","T","?","M","R","?","E","R","BOSS"],"build_version":"2018-04-05v2","purchased_purges":1,"victory":false,"master_deck":["Slice","Distraction","Dodge and Roll","Backflip","Backstab+1","Prepared","Dodge and Roll","Deflect","Blade Dance+1","Sucker Punch","Predator","Accuracy","Footwork","Predator","Bouncing Flask","Setup","Well Laid Plans","Quick Slash","Flying Knee","Prepared","Phantasmal Killer","Well Laid Plans","Infinite Blades","Distraction","After Image","Concentrate","Deflect","Blade Dance","Crippling Poison","Backflip","Underhanded Strike+1","Bite","Bite","Bite","Bite","Bite","Calculated Gamble","Backstab+1","Prepared+1"],"max_hp_per_floor":[70,70,70,70,70,70,70,70,70,70,70,70,70,70,70,70,75,75,75,75,75,75,75,75,75,75,52,52,52,52,52,52,52],"relics":["Ring of the Snake","Art of War","The Courier","Golden Idol","Shuriken","Tiny House","Smiling Mask","Letter Opener","Strange Spoon","Lantern","Orichalcum","Mercury Hourglass","Anchor","Darkstone Periapt","Bag of Preparation"],"card_choices":[{"not_picked":["Dagger Throw","PiercingWail"],"picked":"Slice","floor":0},{"not_picked":["Quick Slash","Cloak And Dagger"],"picked":"Distraction","floor":0},{"not_picked":["Dagger Throw","Deflect"],"picked":"Dodge and Roll","floor":0},{"not_picked":["Predator","Prepared"],"picked":"Backflip","floor":0},{"not_picked":["Expertise","Deflect"],"picked":"Backstab","floor":0},{"not_picked":["Backflip","Poisoned Stab"],"picked":"Prepared","floor":0},{"not_picked":["Acrobatics","Bane"],"picked":"Dodge and Roll","floor":0},{"not_picked":["Bane","Poisoned Stab"],"picked":"Deflect","floor":0},{"not_picked":["Underhanded Strike","Sucker Punch"],"picked":"Blade Dance","floor":0},{"not_picked":["Bane","Malaise"],"picked":"Sucker Punch","floor":0},{"not_picked":["Dagger Spray","Prepared"],"picked":"Predator","floor":0},{"not_picked":["Cloak And Dagger","Quick Slash"],"picked":"Accuracy","floor":0},{"not_picked":["Backflip","Dodge and Roll"],"picked":"Footwork","floor":0},{"not_picked":["Blur","Noxious Fumes"],"picked":"Predator","floor":0},{"not_picked":["Quick Slash","Poisoned Stab"],"picked":"Bouncing Flask","floor":0},{"not_picked":["Outmaneuver","Slice"],"picked":"Setup","floor":1},{"not_picked":["Dash","PiercingWail"],"picked":"Well Laid Plans","floor":3},{"not_picked":["Prepared","Deadly Poison"],"picked":"Quick Slash","floor":5},{"not_picked":["Dodge and Roll","Poisoned Stab"],"picked":"Flying Knee","floor":6},{"not_picked":["Slice","Quick Slash"],"picked":"Prepared","floor":7},{"not_picked":["Acrobatics","Dagger Spray"],"picked":"Phantasmal Killer","floor":10},{"not_picked":["Dagger Throw","Bane"],"picked":"Well Laid Plans","floor":12},{"not_picked":["Slice","Prepared"],"picked":"Infinite Blades","floor":13},{"not_picked":["Acrobatics","Caltrops"],"picked":"Distraction","floor":14},{"not_picked":["Bullet Time","Wraith Form"],"picked":"After Image","floor":16},{"not_picked":["Slice","Cloak And Dagger"],"picked":"Concentrate","floor":17},{"not_picked":["Caltrops","Endless Agony"],"picked":"Deflect","floor":18},{"not_picked":["PiercingWail","Poisoned Stab"],"picked":"Blade Dance","floor":21},{"not_picked":["Flying Knee","Noxious Fumes"],"picked":"Crippling Poison","floor":22},{"not_picked":["Dagger Throw","Corpse Explosion"],"picked":"Backflip","floor":23},{"not_picked":["Poisoned Stab","Dagger Spray"],"picked":"Underhanded Strike","floor":24},{"not_picked":["Outmaneuver","Deadly Poison"],"picked":"Calculated Gamble","floor":28},{"not_picked":["Outmaneuver","Unload"],"picked":"Prepared","floor":31}],"player_experience":124853,"potions_floor_usage":[16,16,16,21,24,33,33],"damage_taken":[{"damage":0,"enemies":"Jaw Worm","floor":1,"turns":1},{"damage":0,"enemies":"Small Slimes","floor":3,"turns":1},{"damage":0,"enemies":"Cultist","floor":5,"turns":2},{"damage":15,"enemies":"Lagavulin","floor":6,"turns":3},{"damage":0,"enemies":"Looter","floor":7,"turns":1},{"damage":0,"enemies":"3 Louse","floor":10,"turns":1},{"damage":0,"enemies":"Exordium Wildlife","floor":12,"turns":1},{"damage":2,"enemies":"Blue Slaver","floor":13,"turns":2},{"damage":0,"enemies":"Gremlin Nob","floor":14,"turns":2},{"damage":38,"enemies":"Hexaghost","floor":16,"turns":6},{"damage":0,"enemies":"Chosen","floor":18,"turns":1},{"damage":6,"enemies":"2 Thieves","floor":21,"turns":2},{"damage":9,"enemies":"Cultist and Chosen","floor":22,"turns":3},{"damage":46,"enemies":"Gremlin Leader","floor":23,"turns":5},{"damage":13,"enemies":"Sentry and Sphere","floor":24,"turns":3},{"damage":0,"enemies":"3 Cultists","floor":28,"turns":2},{"damage":8,"enemies":"Book of Stabbing","floor":31,"turns":2},{"damage":49,"enemies":"Champ","floor":33,"turns":6}],"event_choices":[{"event_name":"World of Goop","player_choice":"Gather Gold","floor":2,"damage_taken":0},{"event_name":"Golden Wing","player_choice":"Gained Gold","floor":4,"damage_taken":0},{"event_name":"Golden Idol","player_choice":"Take Damage","floor":11,"damage_taken":0},{"event_name":"Golden Shrine","player_choice":"Desecrate","floor":19,"damage_taken":0},{"event_name":"Addict","player_choice":"Obtained Relic","floor":20,"damage_taken":0},{"event_name":"Vampires","player_choice":"Became a vampire","floor":27,"damage_taken":0},{"event_name":"Duplicator","player_choice":"One dupe","floor":30,"damage_taken":0}],"boss_relics":[{"not_picked":["Velvet Choker","Black Star"],"picked":"Tiny House"}],"potions_floor_spawned":[3,6,13,16,28,31],"seed_played":"-5696622492260265423","killed_by":"Champ","ascension_level":0,"is_trial":false}