{"gold_per_floor":[110,43,43,118,118,118,143,143,143,157,123,149,161,198,210,222],"floor_reached":16,"playtime":654,"items_purged":[],"score":188,"play_id":"da210f60-b064-4bda-a14e-8f9b93f3344b","local_time":"20190418104734","is_ascension_mode":true,"campfire_choices":[{"data":"Adrenaline","floor":6,"key":"SMITH"},{"floor":8,"key":"REST"},{"floor":13,"key":"REST"},{"data":"Cloak And Dagger","floor":15,"key":"SMITH"}],"neow_cost":"TEN_PERCENT_HP_LOSS","seed_source_timestamp":739876487312220,"circlet_count":0,"master_deck":["AscendersBane","Defend_G","Defend_G","Defend_G","Defend_G+1","Strike_G","Strike_G","Strike_G+1","Strike_G","Strike_G","Survivor","Neutralize","Adrenaline+1","Backstab","Accuracy","Cloak And Dagger+1","Flying Knee","Accuracy"],"relics":["Ring of the Snake","Bottled Tornado","Art of War","MawBank","Pantograph"],"potions_floor_usage":[14],"damage_taken":[{"damage":3,"enemies":"Small Slimes","floor":1,"turns":4},{"damage":34,"enemies":"Gremlin Nob","floor":7,"turns":5},{"damage":0,"enemies":"Jaw Worm","floor":10,"turns":3},{"damage":17,"enemies":"Lagavulin","floor":12,"turns":8},{"damage":12,"enemies":"Gremlin Nob","floor":14,"turns":5},{"damage":36,"enemies":"The Guardian","floor":16,"turns":9}],"seed_played":"3849727631078974731","potions_obtained":[{"floor":10,"key":"Energy Potion"},{"floor":12,"key":"Weak Potion"}],"is_trial":false,"path_per_floor":["M","$","?","?","?","R","E","R","T","M","$","E","R","E","R","B"],"character_chosen":"THE_SILENT","items_purchased":["Accuracy","Accuracy"],"campfire_rested":2,"item_purchase_floors":[2,11],"current_hp_per_floor":[60,60,47,36,36,36,2,20,20,20,20,3,21,9,9,0],"gold":222,"neow_bonus":"THREE_RARE_CARDS","is_prod":false,"is_daily":false,"chose_seed":false,"campfire_upgraded":2,"win_rate":0,"timestamp":1555609654,"path_taken":["M","$","?","?","?","R","E","R","T","M","$","E","R","E","R","BOSS"],"build_version":"2019-01-23","purchased_purges":0,"victory":false,"max_hp_per_floor":[63,63,63,63,63,63,63,63,63,63,63,63,63,63,63,63],"card_choices":[{"not_picked":["Doppelganger","Storm of Steel"],"picked":"Adrenaline","floor":0},{"not_picked":["Outmaneuver","Deadly Poison"],"picked":"Backstab","floor":1},{"not_picked":["Grand Finale","Backstab"],"picked":"Cloak And Dagger","floor":7},{"not_picked":["Underhanded Strike","Dodge and Roll"],"picked":"Flying Knee","floor":10},{"not_picked":["Flechettes","Noxious Fumes","Dagger Throw"],"picked":"SKIP","floor":12},{"not_picked":["Flying Knee","Distraction","Prepared"],"picked":"SKIP","floor":14}],"player_experience":463327,"relics_obtained":[{"floor":7,"key":"Bottled Tornado"},{"floor":9,"key":"Art of War"},{"floor":12,"key":"MawBank"},{"floor":14,"key":"Pantograph"}],"event_choices":[{"damage_healed":0,"gold_gain":0,"player_choice":"Entered Light","damage_taken":13,"max_hp_gain":0,"max_hp_loss":0,"event_name":"Shining Light","floor":3,"gold_loss":0,"cards_upgraded":["Strike_G","Defend_G"]},{"damage_healed":0,"gold_gain":75,"player_choice":"Gather Gold","damage_taken":11,"max_hp_gain":0,"max_hp_loss":0,"event_name":"World of Goop","floor":4,"gold_loss":0},{"cards_removed":["Defend_G"],"damage_healed":0,"gold_gain":0,"player_choice":"Purged","damage_taken":0,"max_hp_gain":0,"max_hp_loss":0,"event_name":"Purifier","floor":5,"gold_loss":0}],"is_beta":false,"boss_relics":[],"items_purged_floors":[],"is_endless":false,"potions_floor_spawned":[10,12],"killed_by":"The Guardian","ascension_level":13}