{"gold_per_floor":[116,116,132,82,5,5,21,55,79,90,90,15,15,25,25,25],"floor_reached":16,"playtime":1162,"items_purged":["Strike_G"],"score":115,"play_id":"20a7a60c-b275-4c3c-9bc9-318739eb37a6","local_time":"20190506021506","is_ascension_mode":true,"campfire_choices":[{"data":"Neutralize","floor":6.0,"key":"SMITH"},{"floor":13,"key":"REST"},{"floor":15,"key":"REST"}],"neow_cost":"NONE","seed_source_timestamp":0,"circlet_count":0,"master_deck":["Defend_G","Defend_G","Defend_G","Defend_G","Defend_G","Strike_G","Strike_G","Strike_G","Survivor","Neutralize+1","Storm of Steel","Deflect","Terror","Outmaneuver"],"special_seed":0,"relics":["Ring of the Snake","NlothsMask","Centennial Puzzle","Bird Faced Urn"],"potions_floor_usage":[8,10,16,16,16],"damage_taken":[{"damage":3.0,"enemies":"Jaw Worm","floor":1.0,"turns":4.0},{"damage":1.0,"enemies":"Cultist","floor":3.0,"turns":3.0},{"damage":4.0,"enemies":"Small Slimes","floor":7.0,"turns":4.0},{"damage":54,"enemies":"Gremlin Nob","floor":8,"turns":7},{"damage":1,"enemies":"Blue Slaver","floor":10,"turns":2},{"damage":4,"enemies":"Red Slaver","floor":14,"turns":4},{"damage":56,"enemies":"Slime Boss","floor":16,"turns":9}],"seed_played":"-8862846042705049375","potions_obtained":[{"floor":7,"key":"SpeedPotion"},{"floor":8,"key":"GhostInAJar"},{"floor":10,"key":"PowerPotion"},{"floor":11,"key":"LiquidBronze"},{"floor":11,"key":"Weak Potion"}],"is_trial":false,"path_per_floor":["M","?","M","?","?","R","M","E","T","M","?","$","R","M","R","B"],"character_chosen":"THE_SILENT","items_purchased":[],"campfire_rested":2,"item_purchase_floors":[],"current_hp_per_floor":[67,67,66,66,66,66,62,8,8,7,7,7,28,24,45,0],"gold":25,"neow_bonus":"ONE_RANDOM_RARE_CARD","is_prod":false,"is_daily":false,"chose_seed":false,"campfire_upgraded":1,"win_rate":0,"timestamp":1557123306,"path_taken":["M","?","?","?","?","R","?","E","T","M","?","?","R","M","R","BOSS"],"build_version":"2019-01-23","purchased_purges":1,"victory":false,"max_hp_per_floor":[70,70,70,70,70,70,70,70,70,70,70,70,70,70,70,70],"card_choices":[{"not_picked":["Underhanded Strike","All Out Attack","Tactician"],"picked":"SKIP","floor":1.0},{"not_picked":["Riddle With Holes","Quick Slash","PiercingWail"],"picked":"SKIP","floor":3.0},{"not_picked":["Quick Slash","Malaise"],"picked":"Deflect","floor":7},{"not_picked":["Cloak And Dagger","Eviscerate"],"picked":"Terror","floor":8},{"not_picked":["Predator","Bane"],"picked":"Outmaneuver","floor":10},{"not_picked":["Distraction","Sucker Punch","Dagger Spray"],"picked":"SKIP","floor":14}],"player_experience":160643,"relics_obtained":[{"floor":8,"key":"Bird Faced Urn"}],"event_choices":[{"damage_healed":0.0,"max_hp_gain":0.0,"max_hp_loss":0.0,"gold_gain":0.0,"event_name":"FaceTrader","player_choice":"Trade","floor":2.0,"gold_loss":0.0,"damage_taken":0.0,"relics_obtained":["NlothsMask"]},{"cards_removed":["Strike_G"],"damage_healed":0.0,"max_hp_gain":0.0,"max_hp_loss":0.0,"gold_gain":0.0,"event_name":"The Cleric","player_choice":"Card Removal","floor":4.0,"gold_loss":50.0,"damage_taken":0.0},{"damage_healed":0.0,"max_hp_gain":0.0,"max_hp_loss":0.0,"gold_gain":0.0,"event_name":"WeMeetAgain","player_choice":"Paid Gold","floor":5.0,"gold_loss":77.0,"damage_taken":0.0,"relics_obtained":["Centennial Puzzle"]},{"damage_healed":0,"gold_gain":0,"player_choice":"Got Potions","damage_taken":0,"max_hp_gain":0,"max_hp_loss":0,"event_name":"Lab","floor":11,"gold_loss":0}],"is_beta":false,"boss_relics":[],"items_purged_floors":[12],"is_endless":false,"potions_floor_spawned":[7,8,10],"killed_by":"Slime Boss","ascension_level":3}