{"gold_per_floor":[113,126,145,34,50,78,78,28,55,55,84,148,148,166,166,269,269,280,291,27,40,56,81,81,97,97,110,110,110,129,129,129,228,228,240,254,91,101,201,201,227,227,250,250,250,350,350,3,3,3],"floor_reached":51,"playtime":5430,"items_purged":["Defend_B","Strike_B","Strike_B","Defend_B"],"score":655,"play_id":"c1328554-4f38-49d1-aed4-c962f3355f3a","local_time":"20190328131644","is_ascension_mode":false,"campfire_choices":[{"floor":10,"key":"REST"},{"floor":15,"key":"REST"},{"data":"Reboot","floor":24,"key":"SMITH"},{"floor":29,"key":"REST"},{"floor":32,"key":"REST"},{"data":"Rainbow","floor":40,"key":"SMITH"},{"data":"Capacitor","floor":42,"key":"SMITH"},{"data":"Barrage","floor":44,"key":"SMITH"},{"data":"Doom and Gloom","floor":47,"key":"SMITH"},{"data":"Panache","floor":49,"key":"SMITH"}],"neow_cost":"NONE","seed_source_timestamp":0,"circlet_count":0,"master_deck":["Strike_B","Strike_B","Defend_B+1","Zap","Dualcast","Static Discharge","Beam Cell","Redo+1","Scrape","BootSequence+1","Go for the Eyes","Stack","Capacitor+1","Doom and Gloom+1","Thunder Strike+1","Compile Driver+1","Compile Driver+1","Panache+1","Gash","Cold Snap","Reboot+1","Glacier+1","Barrage+1","Rainbow+1","Ball Lightning+1","FTL","Hello World","Redo+1","Gash","Steam"],"special_seed":0,"relics":["Cracked Core","Anchor","Potion Belt","PreservedInsect","Orichalcum","Bronze Scales","Nuclear Battery","Matryoshka","Incense Burner","Whetstone","CultistMask","MutagenicStrength","Eternal Feather","Ancient Tea Set","Centennial Puzzle","Juzu Bracelet","StoneCalendar","War Paint"],"potions_floor_usage":[14,21,21,23,30,33,33,33,33,50,50,50,50],"damage_taken":[{"damage":3,"enemies":"Jaw Worm","floor":1,"turns":4},{"damage":0,"enemies":"2 Louse","floor":2,"turns":2},{"damage":1,"enemies":"Cultist","floor":3,"turns":3},{"damage":19,"enemies":"3 Louse","floor":5,"turns":3},{"damage":21,"enemies":"Lagavulin","floor":6,"turns":5},{"damage":18,"enemies":"3 Sentries","floor":11,"turns":4},{"damage":0,"enemies":"Gremlin Nob","floor":12,"turns":2},{"damage":0,"enemies":"Gremlin Gang","floor":14,"turns":3},{"damage":28,"enemies":"Hexaghost","floor":16,"turns":7},{"damage":2,"enemies":"3 Byrds","floor":18,"turns":2},{"damage":1,"enemies":"2 Thieves","floor":19,"turns":3},{"damage":6,"enemies":"Shelled Parasite and Fungi","floor":21,"turns":4},{"damage":13,"enemies":"Snake Plant","floor":22,"turns":3},{"damage":3,"enemies":"Slavers","floor":23,"turns":4},{"damage":18,"enemies":"Sentry and Sphere","floor":25,"turns":4},{"damage":7,"enemies":"3 Cultists","floor":27,"turns":4},{"damage":0,"enemies":"Chosen and Byrds","floor":30,"turns":4},{"damage":51,"enemies":"Collector","floor":33,"turns":6},{"damage":0,"enemies":"3 Darklings","floor":35,"turns":5},{"damage":0,"enemies":"3 Shapes","floor":36,"turns":3},{"damage":10,"enemies":"Maw","floor":38,"turns":6},{"damage":14,"enemies":"Reptomancer","floor":41,"turns":4},{"damage":16,"enemies":"Mind Bloom Boss Battle","floor":46,"turns":5},{"damage":38,"enemies":"Time Eater","floor":50,"turns":10}],"seed_played":"-3693397683950116711","potions_obtained":[{"floor":1,"key":"SkillPotion"},{"floor":11,"key":"FearPotion"},{"floor":12,"key":"FocusPotion"},{"floor":13,"key":"Fire Potion"},{"floor":13,"key":"Swift Potion"},{"floor":14,"key":"EssenceOfSteel"},{"floor":22,"key":"LiquidBronze"},{"floor":27,"key":"AttackPotion"},{"floor":30,"key":"Swift Potion"},{"floor":36,"key":"Strength Potion"},{"floor":38,"key":"Strength Potion"},{"floor":46,"key":"Poison Potion"}],"is_trial":false,"path_per_floor":["M","M","M","$","M","E","?","?","T","R","E","?","?","M","R","B",null,"M","M","$","M","M","E","R","M","T","M","?","R","M","?","R","B",null,"M","M","$","M","?","R","E","R","T","R","?","?","R","$","R","B",null],"character_chosen":"DEFECT","items_purchased":["Scrape","Panache","Hello World","War Paint","Poison Potion"],"campfire_rested":4,"item_purchase_floors":[4,20,37,48,48],"current_hp_per_floor":[72,72,71,71,52,31,24,24,24,46,28,28,28,28,50,22,75,73,72,72,66,53,50,50,32,32,25,25,47,47,47,69,18,75,75,75,75,65,65,75,61,75,75,75,75,59,75,75,75,37],"gold":3,"neow_bonus":"RANDOM_COMMON_RELIC","is_prod":false,"is_daily":false,"chose_seed":false,"campfire_upgraded":6,"win_rate":0,"timestamp":1553793404,"path_taken":["M","M","M","$","M","E","?","?","T","R","E","?","?","M","R","BOSS","M","M","$","M","?","E","R","M","T","M","?","R","?","?","R","BOSS","M","M","$","M","?","R","E","R","T","R","?","?","R","$","R","BOSS"],"build_version":"2019-01-23","purchased_purges":4,"victory":true,"max_hp_per_floor":[75,75,75,75,75,75,75,75,75,75,75,75,75,75,75,75,75,75,75,75,75,75,75,75,75,75,75,75,75,75,75,75,75,75,75,75,75,75,75,75,75,75,75,75,75,75,75,75,75,75],"card_choices":[{"not_picked":["Undo","Steam"],"picked":"Static Discharge","floor":1},{"not_picked":["Reinforced Body","Steam"],"picked":"Beam Cell","floor":2},{"not_picked":["Hologram","Leap"],"picked":"Redo","floor":3},{"not_picked":["Meteor Strike","Blizzard"],"picked":"BootSequence","floor":5},{"not_picked":["Heatsinks","Undo"],"picked":"Go for the Eyes","floor":6},{"not_picked":["Redo","Conserve Battery"],"picked":"Stack","floor":11},{"not_picked":["Rebound","White Noise"],"picked":"Capacitor","floor":12},{"not_picked":["Beam Cell","Leap"],"picked":"Doom and Gloom","floor":14},{"not_picked":["Biased Cognition","Reboot"],"picked":"Thunder Strike","floor":16},{"not_picked":["Barrage","Go for the Eyes"],"picked":"Compile Driver","floor":18},{"not_picked":["Streamline+1","Go for the Eyes"],"picked":"Compile Driver+1","floor":19},{"not_picked":["Capacitor","Melter"],"picked":"Gash","floor":21},{"not_picked":["Glacier","Go for the Eyes"],"picked":"Cold Snap","floor":22},{"not_picked":["Hologram","Rebound"],"picked":"Reboot","floor":23},{"not_picked":["Conserve Battery","Hologram+1"],"picked":"Glacier+1","floor":25},{"not_picked":["Steam Power","Loop"],"picked":"Barrage","floor":27},{"not_picked":["Leap","Coolheaded","Redo"],"picked":"SKIP","floor":30},{"not_picked":["Multi-Cast","Thunder Strike"],"picked":"Rainbow","floor":33},{"not_picked":["Rebound","Static Discharge+1"],"picked":"Ball Lightning+1","floor":35},{"not_picked":["Auto Shields","Redo+1"],"picked":"FTL","floor":36},{"not_picked":["Consume+1","Hologram+1"],"picked":"Redo+1","floor":38},{"not_picked":["Rebound","Aggregate"],"picked":"Gash","floor":41},{"not_picked":["Turbo","Static Discharge"],"picked":"Steam","floor":46}],"player_experience":30279,"relics_obtained":[{"floor":6,"key":"Potion Belt"},{"floor":9,"key":"PreservedInsect"},{"floor":11,"key":"Orichalcum"},{"floor":12,"key":"Bronze Scales"},{"floor":23,"key":"Matryoshka"},{"floor":26,"key":"Incense Burner"},{"floor":26,"key":"Whetstone"},{"floor":41,"key":"Ancient Tea Set"},{"floor":43,"key":"Centennial Puzzle"},{"floor":43,"key":"Juzu Bracelet"},{"floor":46,"key":"StoneCalendar"}],"event_choices":[{"damage_healed":0,"gold_gain":0,"player_choice":"Fled","damage_taken":7,"max_hp_gain":0,"max_hp_loss":0,"event_name":"Scrap Ooze","floor":7,"gold_loss":0},{"cards_removed":["Defend_B"],"damage_healed":0,"gold_gain":0,"player_choice":"Card Removal","damage_taken":0,"max_hp_gain":0,"max_hp_loss":0,"event_name":"The Cleric","floor":8,"gold_loss":50},{"damage_healed":0,"gold_gain":0,"player_choice":"Searched \u00272\u0027 times","damage_taken":0,"max_hp_gain":0,"max_hp_loss":0,"event_name":"Dead Adventurer","floor":12,"gold_loss":0},{"damage_healed":0,"gold_gain":0,"player_choice":"Got Potions","damage_taken":0,"max_hp_gain":0,"max_hp_loss":0,"event_name":"Lab","floor":13,"gold_loss":0},{"damage_healed":0,"gold_gain":0,"player_choice":"Trade","damage_taken":0,"relics_obtained":["CultistMask"],"max_hp_gain":0,"max_hp_loss":0,"event_name":"FaceTrader","floor":28,"gold_loss":0},{"damage_healed":0,"gold_gain":0,"player_choice":"Inject Mutagens","damage_taken":0,"relics_obtained":["MutagenicStrength"],"max_hp_gain":0,"max_hp_loss":0,"event_name":"Drug Dealer","floor":31,"gold_loss":0},{"damage_healed":0,"gold_gain":100,"player_choice":"Pray","damage_taken":0,"max_hp_gain":0,"max_hp_loss":0,"event_name":"Golden Shrine","floor":39,"gold_loss":0},{"damage_healed":0,"gold_gain":0,"player_choice":"Forge","damage_taken":0,"max_hp_gain":0,"max_hp_loss":0,"event_name":"Accursed Blacksmith","floor":45,"gold_loss":0,"cards_upgraded":["Redo"]},{"damage_healed":0,"gold_gain":0,"player_choice":"Fight","damage_taken":0,"max_hp_gain":0,"max_hp_loss":0,"event_name":"MindBloom","floor":46,"gold_loss":0}],"is_beta":false,"boss_relics":[{"not_picked":["White Beast Statue","Lizard Tail"],"picked":"Nuclear Battery"},{"not_picked":["Coffee Dripper","Snecko Eye"],"picked":"Eternal Feather"}],"items_purged_floors":[4,20,37,48],"is_endless":false,"potions_floor_spawned":[1,11,12,14,16,19,22,27,30,36,38,46],"ascension_level":0}