{"gold_per_floor":[11,11,24,40,50,50,79,79,79,79,79,109,109,34,34,112,112,127,127,140,140,154,154,182,182],"floor_reached":25,"playtime":1055,"items_purged":["Strike_G"],"score":458,"play_id":"018828c3-c793-4b73-9c04-af05aecfb9ac","local_time":"20190306215137","is_ascension_mode":true,"campfire_choices":[{"data":"Skewer","floor":6.0,"key":"SMITH"},{"floor":8.0,"key":"REST"},{"floor":10.0,"key":"REST"},{"floor":15.0,"key":"REST"},{"floor":23.0,"key":"REST"}],"neow_cost":"NO_GOLD","seed_source_timestamp":471999916490100,"circlet_count":0,"master_deck":["AscendersBane","Survivor","Neutralize","Tactician","Underhanded Strike","Quick Slash","Deflect","Skewer+1","Tools of the Trade","Blade Dance","Adrenaline","Caltrops","All Out Attack","Escape Plan","Skewer","Leg Sweep","Choke","Backflip","Noxious Fumes","Quick Slash"],"special_seed":0,"relics":["Ring of the Snake","Omamori","Pen Nib","Matryoshka","Pandora\u0027s Box","WarpedTongs","Boot"],"potions_floor_usage":[],"damage_taken":[{"damage":0.0,"enemies":"Cultist","floor":1.0,"turns":4.0},{"damage":0.0,"enemies":"Small Slimes","floor":3.0,"turns":2.0},{"damage":1.0,"enemies":"Jaw Worm","floor":4.0,"turns":3.0},{"damage":15.0,"enemies":"3 Louse","floor":5.0,"turns":6.0},{"damage":36.0,"enemies":"Lagavulin","floor":7.0,"turns":6.0},{"damage":32.0,"enemies":"Gremlin Nob","floor":12.0,"turns":4.0},{"damage":24.0,"enemies":"The Guardian","floor":16.0,"turns":11.0},{"damage":0.0,"enemies":"3 Byrds","floor":18.0,"turns":2.0},{"damage":7.0,"enemies":"2 Thieves","floor":20.0,"turns":3.0},{"damage":12.0,"enemies":"Cultist and Chosen","floor":22.0,"turns":5.0},{"damage":47,"enemies":"Book of Stabbing","floor":24,"turns":5},{"damage":10,"enemies":"Shelled Parasite and Fungi","floor":25,"turns":3}],"seed_played":"-4831716100561607612","potions_obtained":[{"floor":1.0,"key":"Explosive Potion"},{"floor":7.0,"key":"SteroidPotion"},{"floor":16.0,"key":"Ancient Potion"},{"floor":18.0,"key":"Ancient Potion"}],"is_trial":false,"path_per_floor":["M","?","M","M","M","R","E","R","T","R","?","E","?","$","R","B",null,"M","?","M","?","M","R","E","M"],"character_chosen":"THE_SILENT","items_purchased":[],"campfire_rested":4,"item_purchase_floors":[],"current_hp_per_floor":[59,59,59,58,43,43,7,26,26,45,38,6,11,11,32,8,55,55,55,48,48,36,57,10,0],"gold":182,"neow_bonus":"TRANSFORM_TWO_CARDS","is_prod":false,"is_daily":false,"chose_seed":false,"campfire_upgraded":1,"win_rate":0,"timestamp":1551909097,"path_taken":["M","?","M","M","M","R","E","R","T","R","?","E","?","?","R","BOSS","M","?","?","?","M","R","E","M"],"build_version":"2019-01-23","purchased_purges":1,"victory":false,"max_hp_per_floor":[66,66,66,66,66,66,66,66,66,66,66,66,71,71,71,71,71,71,71,71,71,71,71,71,71],"card_choices":[{"not_picked":["Tactician","Blade Dance"],"picked":"Underhanded Strike","floor":1.0},{"not_picked":["Poisoned Stab","Dagger Spray"],"picked":"Quick Slash","floor":3.0},{"not_picked":["Finisher","Underhanded Strike"],"picked":"Deflect","floor":4.0},{"not_picked":["Outmaneuver","After Image"],"picked":"Skewer","floor":5.0},{"not_picked":["Deadly Poison","Sucker Punch"],"picked":"Tools of the Trade","floor":7.0},{"not_picked":["Flechettes","Deflect"],"picked":"Blade Dance","floor":12.0},{"not_picked":["Burst","Grand Finale"],"picked":"Adrenaline","floor":16.0},{"not_picked":["Reflex","Outmaneuver","Deflect"],"picked":"SKIP","floor":18.0},{"not_picked":["Sucker Punch","Flying Knee"],"picked":"Backflip","floor":20.0},{"not_picked":["Blade Dance","Backflip"],"picked":"Noxious Fumes","floor":22.0},{"not_picked":["Outmaneuver","Expertise"],"picked":"Quick Slash","floor":24}],"player_experience":1241107,"relics_obtained":[{"floor":7.0,"key":"Omamori"},{"floor":9.0,"key":"Pen Nib"},{"floor":12.0,"key":"Matryoshka"},{"floor":24,"key":"Boot"}],"event_choices":[{"damage_healed":0.0,"max_hp_gain":0.0,"max_hp_loss":0.0,"gold_gain":0.0,"event_name":"Liars Game","player_choice":"Ignored","floor":2.0,"gold_loss":0.0,"damage_taken":0.0},{"cards_removed":["Strike_G"],"damage_healed":0.0,"max_hp_gain":0.0,"max_hp_loss":0.0,"gold_gain":0.0,"event_name":"Golden Wing","player_choice":"Card Removal","floor":11.0,"gold_loss":0.0,"damage_taken":7.0},{"damage_healed":0.0,"max_hp_gain":5.0,"max_hp_loss":0.0,"gold_gain":0.0,"event_name":"Big Fish","player_choice":"Donut","floor":13.0,"gold_loss":0.0,"damage_taken":0.0},{"damage_healed":0.0,"max_hp_gain":0.0,"max_hp_loss":0.0,"gold_gain":0.0,"event_name":"Accursed Blacksmith","player_choice":"Rummage","floor":19.0,"gold_loss":0.0,"damage_taken":0.0,"relics_obtained":["WarpedTongs"],"cards_obtained":["Pain"]},{"cards_removed":["Bane"],"damage_healed":0.0,"max_hp_gain":0.0,"max_hp_loss":0.0,"gold_gain":0.0,"event_name":"Back to Basics","player_choice":"Elegance","floor":21.0,"gold_loss":0.0,"damage_taken":0.0}],"is_beta":false,"boss_relics":[{"not_picked":["Runic Dome","Orrery"],"picked":"Pandora\u0027s Box"}],"items_purged_floors":[14],"is_endless":false,"potions_floor_spawned":[1,7,16,18,22,24],"killed_by":"Shelled Parasite and Fungi","ascension_level":20}