{"gold_per_floor":[113,133,133,133,150,100,100,200,200,212,247,144,144,156,156,254,254,267,217,229,179,179,179,179,104,104,104,137,137,87,101,101,196,196,216,216,234,245,245,245,263,278,278,278,278,278,278,294,294,294],"floor_reached":51,"playtime":1365,"items_purged":["Strike_R","Defend_R","Strike_R","Defend_R+1"],"score":713,"play_id":"6471bf92-f755-4eda-aae6-0a0ba27adde2","local_time":"20190522133229","is_ascension_mode":false,"campfire_choices":[{"data":"Bash","floor":7.0,"key":"SMITH"},{"data":"Clash","floor":13.0,"key":"SMITH"},{"data":"Perfected Strike","floor":15.0,"key":"SMITH"},{"data":"True Grit","floor":23.0,"key":"SMITH"},{"data":"Flex","floor":27.0,"key":"SMITH"},{"data":"Perfected Strike","floor":29.0,"key":"SMITH"},{"floor":32.0,"key":"REST"},{"data":"Twin Strike","floor":40.0,"key":"SMITH"},{"floor":47.0,"key":"REST"},{"floor":49,"key":"REST"}],"neow_cost":"PERCENT_DAMAGE","seed_source_timestamp":520138758754763,"circlet_count":0,"master_deck":["Bash+1","Shrug It Off+1","Twin Strike+1","Perfected Strike+1","Twin Strike","Clash+1","Pommel Strike","Twin Strike","True Grit+1","Shrug It Off+1","Perfected Strike+1","Parasite","Clash+1"],"special_seed":0,"relics":["Burning Blood","Smiling Mask","Letter Opener","Orrery","Shuriken","War Paint","Velvet Choker","Question Card"],"potions_floor_usage":[50,50,50],"damage_taken":[{"damage":1.0,"enemies":"Cultist","floor":1.0,"turns":3.0},{"damage":0.0,"enemies":"2 Louse","floor":2.0,"turns":3.0},{"damage":0.0,"enemies":"Jaw Worm","floor":5.0,"turns":3.0},{"damage":2.0,"enemies":"Looter","floor":10.0,"turns":2.0},{"damage":29.0,"enemies":"3 Sentries","floor":11.0,"turns":7.0},{"damage":0.0,"enemies":"Large Slime","floor":14.0,"turns":2.0},{"damage":39.0,"enemies":"The Guardian","floor":16.0,"turns":8.0},{"damage":27.0,"enemies":"Shell Parasite","floor":18.0,"turns":5.0},{"damage":3.0,"enemies":"Chosen","floor":20.0,"turns":3.0},{"damage":21.0,"enemies":"Book of Stabbing","floor":28.0,"turns":3.0},{"damage":11.0,"enemies":"Centurion and Healer","floor":31.0,"turns":4.0},{"damage":45.0,"enemies":"Automaton","floor":33.0,"turns":11.0},{"damage":4.0,"enemies":"Orb Walker","floor":35.0,"turns":2.0},{"damage":17.0,"enemies":"3 Shapes","floor":37.0,"turns":3.0},{"damage":0.0,"enemies":"Transient","floor":38.0,"turns":5.0},{"damage":16.0,"enemies":"3 Darklings","floor":41.0,"turns":4.0},{"damage":61.0,"enemies":"Maw","floor":42.0,"turns":7.0},{"damage":13,"enemies":"Writhing Mass","floor":48,"turns":5},{"damage":57,"enemies":"Time Eater","floor":50,"turns":9}],"seed_played":"4971113708702639547","potions_obtained":[{"floor":11.0,"key":"GamblersBrew"},{"floor":14.0,"key":"Energy Potion"},{"floor":18.0,"key":"BloodPotion"},{"floor":20.0,"key":"Fire Potion"},{"floor":31.0,"key":"PowerPotion"},{"floor":35.0,"key":"Ancient Potion"},{"floor":42.0,"key":"Block Potion"}],"is_trial":false,"path_per_floor":["M","M","?","$","M","?","R","?","T","M","E","$","R","M","R","B",null,"M","$","M","$","?","R","?","?","T","R","E","R","$","M","R","B",null,"M","$","M","M","?","R","M","M","T","?","?","?","R","M","R","B",null],"character_chosen":"IRONCLAD","items_purchased":["Clash"],"campfire_rested":3,"item_purchase_floors":[12],"current_hp_per_floor":[61,67,67,67,73,73,73,73,73,77,54,54,54,60,60,27,80,59,59,62,62,47,47,75,75,75,75,60,60,60,55,80,41,85,85,85,74,80,80,80,70,15,15,15,15,15,39,32,56,13],"gold":294,"neow_bonus":"REMOVE_TWO","is_prod":false,"is_daily":false,"chose_seed":false,"campfire_upgraded":7,"win_rate":0,"timestamp":1558503149,"path_taken":["M","M","?","$","?","?","R","?","T","?","E","$","R","M","R","BOSS","M","$","M","$","?","R","?","?","T","R","E","R","?","M","R","BOSS","M","$","M","M","?","R","M","M","T","?","?","?","R","M","R","BOSS"],"build_version":"2019-01-23","purchased_purges":4,"victory":true,"max_hp_per_floor":[80,80,80,80,80,80,80,80,80,80,80,80,80,80,80,80,80,80,80,80,80,85,85,85,85,85,85,85,85,85,85,85,85,85,85,85,85,85,85,85,85,85,85,85,85,81,81,81,81,81],"card_choices":[{"not_picked":["Rage","Heavy Blade"],"picked":"Shrug It Off","floor":1.0},{"not_picked":["Inflame","Headbutt"],"picked":"Twin Strike","floor":2.0},{"not_picked":["Carnage","Sword Boomerang"],"picked":"Perfected Strike","floor":5.0},{"not_picked":["Berserk","Thunderclap","Warcry"],"picked":"SKIP","floor":10.0},{"not_picked":["Burning Pact","Pummel"],"picked":"Twin Strike","floor":11.0},{"not_picked":["Wild Strike","Juggernaut","Body Slam"],"picked":"SKIP","floor":14.0},{"not_picked":["Flex","Demon Form"],"picked":"Pommel Strike","floor":17.0},{"not_picked":["Heavy Blade","Headbutt"],"picked":"Twin Strike","floor":17.0},{"not_picked":["Carnage","Reckless Charge"],"picked":"True Grit","floor":17.0},{"not_picked":["Havoc","Thunderclap+1"],"picked":"Shrug It Off+1","floor":18.0},{"not_picked":["Flame Barrier","Shockwave","Body Slam"],"picked":"SKIP","floor":20.0},{"not_picked":["Twin Strike","Havoc"],"picked":"Perfected Strike","floor":28.0},{"not_picked":["True Grit","Power Through","Anger"],"picked":"SKIP","floor":31.0},{"not_picked":["Burning Pact","Headbutt+1","Ghostly Armor+1"],"picked":"SKIP","floor":35.0},{"not_picked":["Iron Wave+1","Cleave+1","Spot Weakness"],"picked":"SKIP","floor":37.0},{"not_picked":["Armaments+1","True Grit","Clothesline+1"],"picked":"SKIP","floor":38.0},{"not_picked":["Power Through","Rampage+1","Flex"],"picked":"SKIP","floor":41.0},{"not_picked":["Evolve","Clothesline+1","Armaments"],"picked":"SKIP","floor":42.0},{"not_picked":["Bloodletting+1","Sword Boomerang","Pommel Strike"],"picked":"Clash+1","floor":48}],"player_experience":567223,"relics_obtained":[{"floor":9.0,"key":"Smiling Mask"},{"floor":11.0,"key":"Letter Opener"},{"floor":26.0,"key":"Shuriken"},{"floor":28.0,"key":"War Paint"},{"floor":43.0,"key":"Question Card"}],"event_choices":[{"damage_healed":0.0,"max_hp_gain":0.0,"max_hp_loss":0.0,"gold_gain":0.0,"cards_transformed":["Strike_R"],"event_name":"Transmorgrifier","player_choice":"Transformed","floor":3.0,"gold_loss":0.0,"damage_taken":0.0,"cards_obtained":["Flex"]},{"cards_removed":["Defend_R"],"damage_healed":0.0,"max_hp_gain":0.0,"max_hp_loss":0.0,"gold_gain":0.0,"event_name":"The Cleric","player_choice":"Card Removal","floor":6.0,"gold_loss":50.0,"damage_taken":0.0},{"damage_healed":0.0,"max_hp_gain":0.0,"max_hp_loss":0.0,"gold_gain":100.0,"event_name":"Golden Shrine","player_choice":"Pray","floor":8.0,"gold_loss":0.0,"damage_taken":0.0},{"damage_healed":0.0,"max_hp_gain":5.0,"max_hp_loss":0.0,"gold_gain":0.0,"event_name":"Forgotten Altar","player_choice":"Shed Blood","floor":22.0,"gold_loss":0.0,"damage_taken":20.0},{"damage_healed":28.0,"max_hp_gain":0.0,"max_hp_loss":0.0,"gold_gain":0.0,"event_name":"The Library","player_choice":"Heal","floor":24.0,"gold_loss":0.0,"damage_taken":0.0},{"cards_removed":["Strike_R"],"damage_healed":0.0,"max_hp_gain":0.0,"max_hp_loss":0.0,"gold_gain":0.0,"event_name":"Beggar","player_choice":"Gave Gold","floor":25.0,"gold_loss":75.0,"damage_taken":0.0},{"damage_healed":0.0,"max_hp_gain":0.0,"max_hp_loss":0.0,"gold_gain":0.0,"event_name":"Mysterious Sphere","player_choice":"Ignored","floor":39.0,"gold_loss":0.0,"damage_taken":0.0},{"damage_healed":0.0,"max_hp_gain":0.0,"max_hp_loss":0.0,"gold_gain":0.0,"event_name":"SensoryStone","player_choice":"Memory 1","floor":44.0,"gold_loss":0.0,"damage_taken":0.0},{"cards_removed":["Flex"],"damage_healed":0.0,"max_hp_gain":0.0,"max_hp_loss":0.0,"gold_gain":0.0,"event_name":"Falling","player_choice":"Removed Skill","floor":45.0,"gold_loss":0.0,"damage_taken":0.0},{"damage_healed":0.0,"max_hp_gain":0.0,"max_hp_loss":4.0,"gold_gain":0.0,"event_name":"Winding Halls","player_choice":"Max HP","floor":46.0,"gold_loss":0.0,"damage_taken":0.0}],"is_beta":false,"boss_relics":[{"not_picked":["White Beast Statue","Fusion Hammer"],"picked":"Orrery"},{"not_picked":["Lizard Tail","Black Star"],"picked":"Velvet Choker"}],"items_purged_floors":[12,19,21,30],"is_endless":false,"potions_floor_spawned":[11,14,18,20,31,35,42],"ascension_level":0}