{"gold_per_floor":[118,128,140,158,158,158,191,213,239,39,70,70,70,85,85,163,163,175,191,58,68,68,68,95,95,119,145,145,60,89,105,105,105],"floor_reached":33,"playtime":1085,"items_purged":["Defend_G"],"score":776,"play_id":"499275e4-762b-4e61-8389-721116598abd","local_time":"20190402212516","is_ascension_mode":true,"campfire_choices":[{"data":"Neutralize","floor":6.0,"key":"SMITH"},{"floor":12.0,"key":"REST"},{"floor":15.0,"key":"REST"},{"floor":23.0,"key":"REST"},{"data":"Dagger Spray","floor":25.0,"key":"SMITH"},{"floor":28.0,"key":"REST"},{"floor":32.0,"key":"REST"}],"neow_cost":"NONE","seed_source_timestamp":0,"circlet_count":0,"master_deck":["AscendersBane","Defend_G","Defend_G","Defend_G","Defend_G","Strike_G+1","Strike_G+1","Survivor","Neutralize+1","Skewer+1","Cloak And Dagger","Bouncing Flask","Escape Plan","Poisoned Stab","Dagger Spray","Masterful Stab+1","Escape Plan+1","Deflect+1","Underhanded Strike","Dagger Spray+1","Backflip","Crippling Poison","Blade Dance+1","Noxious Fumes","After Image"],"special_seed":0,"relics":["Busted Crown","PreservedInsect","Odd Mushroom","Art of War","Bag of Marbles","Whetstone","Astrolabe","MutagenicStrength","Orichalcum","Potion Belt","Happy Flower","Lantern","Peace Pipe"],"potions_floor_usage":[33],"damage_taken":[{"damage":4.0,"enemies":"Jaw Worm","floor":1.0,"turns":5.0},{"damage":0.0,"enemies":"2 Louse","floor":2.0,"turns":3.0},{"damage":3.0,"enemies":"Small Slimes","floor":3.0,"turns":4.0},{"damage":1.0,"enemies":"Looter","floor":4.0,"turns":3.0},{"damage":29.0,"enemies":"3 Sentries","floor":7.0,"turns":10.0},{"damage":9.0,"enemies":"The Mushroom Lair","floor":8.0,"turns":6.0},{"damage":0.0,"enemies":"Lagavulin","floor":11.0,"turns":1.0},{"damage":13.0,"enemies":"Large Slime","floor":14.0,"turns":4.0},{"damage":9.0,"enemies":"The Guardian","floor":16.0,"turns":9.0},{"damage":18.0,"enemies":"2 Thieves","floor":18.0,"turns":5.0},{"damage":0.0,"enemies":"Chosen","floor":19.0,"turns":3.0},{"damage":8.0,"enemies":"Snake Plant","floor":21.0,"turns":3.0},{"damage":0.0,"enemies":"Slavers","floor":24.0,"turns":2.0},{"damage":31.0,"enemies":"Book of Stabbing","floor":27.0,"turns":4.0},{"damage":0.0,"enemies":"Slavers","floor":30.0,"turns":1.0},{"damage":15.0,"enemies":"Shelled Parasite and Fungi","floor":31.0,"turns":5.0},{"damage":49,"enemies":"Champ","floor":33,"turns":8}],"seed_played":"-964026249404908476","potions_obtained":[{"floor":1.0,"key":"FearPotion"},{"floor":4.0,"key":"SteroidPotion"},{"floor":11.0,"key":"FearPotion"},{"floor":21.0,"key":"Regen Potion"},{"floor":30.0,"key":"Block Potion"},{"floor":31.0,"key":"Explosive Potion"}],"is_trial":false,"path_per_floor":["M","M","M","M","?","R","E","?","T","$","E","R","?","M","R","B",null,"M","M","$","M","?","R","E","R","T","E","R","?","E","M","R","B"],"character_chosen":"THE_SILENT","items_purchased":["Bag of Marbles","Poisoned Stab","Backflip"],"campfire_rested":5,"item_purchase_floors":[10,10,20],"current_hp_per_floor":[55,55,52,51,51,51,22,13,13,13,13,32,32,19,38,29,57,39,39,39,31,31,50,50,50,50,19,38,38,38,23,42,0],"gold":105,"neow_bonus":"BOSS_RELIC","is_prod":false,"is_daily":false,"chose_seed":false,"campfire_upgraded":2,"win_rate":0,"timestamp":1554236716,"path_taken":["M","M","M","M","?","R","E","?","T","$","E","R","?","M","R","BOSS","M","M","$","M","?","R","E","R","T","E","R","?","E","M","R","BOSS"],"build_version":"2019-01-23","purchased_purges":1,"victory":false,"max_hp_per_floor":[66,66,66,66,66,66,66,66,66,66,66,66,66,66,66,66,66,66,66,66,66,66,66,66,66,66,66,66,66,66,66,66,66],"card_choices":[{"not_picked":[],"picked":"Skewer","floor":1.0},{"not_picked":[],"picked":"Cloak And Dagger","floor":2.0},{"not_picked":["Concentrate"],"picked":"SKIP","floor":3.0},{"not_picked":[],"picked":"Bouncing Flask","floor":4.0},{"not_picked":[],"picked":"Escape Plan","floor":7.0},{"not_picked":[],"picked":"Dagger Spray","floor":11.0},{"not_picked":["Prepared"],"picked":"SKIP","floor":14.0},{"not_picked":[],"picked":"Underhanded Strike","floor":18.0},{"not_picked":[],"picked":"Dagger Spray","floor":19.0},{"not_picked":[],"picked":"Crippling Poison","floor":21.0},{"not_picked":["Flying Knee"],"picked":"SKIP","floor":24.0},{"not_picked":[],"picked":"Blade Dance+1","floor":27.0},{"not_picked":[],"picked":"Noxious Fumes","floor":30.0},{"not_picked":[],"picked":"After Image","floor":31.0}],"player_experience":1284794,"relics_obtained":[{"floor":7.0,"key":"PreservedInsect"},{"floor":8.0,"key":"Odd Mushroom"},{"floor":9.0,"key":"Art of War"},{"floor":11.0,"key":"Whetstone"},{"floor":24.0,"key":"Orichalcum"},{"floor":26.0,"key":"Potion Belt"},{"floor":27.0,"key":"Happy Flower"},{"floor":30.0,"key":"Peace Pipe"}],"event_choices":[{"damage_healed":0.0,"max_hp_gain":0.0,"max_hp_loss":0.0,"gold_gain":0.0,"event_name":"Living Wall","player_choice":"Grow","floor":5.0,"gold_loss":0.0,"damage_taken":0.0,"cards_upgraded":["Skewer"]},{"damage_healed":0.0,"max_hp_gain":0.0,"max_hp_loss":0.0,"gold_gain":0.0,"event_name":"Mushrooms","player_choice":"Fought Mushrooms","floor":8.0,"gold_loss":0.0,"damage_taken":0.0},{"damage_healed":0.0,"max_hp_gain":0.0,"max_hp_loss":0.0,"gold_gain":0.0,"event_name":"Liars Game","player_choice":"Ignored","floor":13.0,"gold_loss":0.0,"damage_taken":0.0},{"damage_healed":0.0,"max_hp_gain":0.0,"max_hp_loss":0.0,"gold_gain":0.0,"event_name":"Drug Dealer","player_choice":"Inject Mutagens","floor":22.0,"gold_loss":0.0,"damage_taken":0.0,"relics_obtained":["MutagenicStrength"]},{"damage_healed":0.0,"max_hp_gain":0.0,"max_hp_loss":0.0,"gold_gain":0.0,"event_name":"Addict","player_choice":"Obtained Relic","floor":29.0,"gold_loss":85.0,"damage_taken":0.0,"relics_obtained":["Lantern"]}],"is_beta":false,"boss_relics":[{"not_picked":["Snecko Eye","Fusion Hammer"],"picked":"Astrolabe"}],"items_purged_floors":[20],"is_endless":false,"potions_floor_spawned":[1,4,8,11,21,30,31],"killed_by":"Champ","ascension_level":20}