{"gold_per_floor":[114,114,130,130,144,144,178,178,225,225,257,275,310,309,321,333],"floor_reached":16,"playtime":826,"items_purged":[],"score":186,"play_id":"6d96a77d-8c1f-4f2c-9cc7-bd858e31023c","local_time":"20190406175505","is_ascension_mode":true,"campfire_choices":[{"data":"Envenom","floor":6,"key":"SMITH"},{"floor":8,"key":"REST"},{"floor":15,"key":"REST"}],"neow_cost":"NONE","seed_source_timestamp":122810450453843,"circlet_count":0,"master_deck":["AscendersBane","Defend_G","Defend_G","Defend_G","Defend_G","Defend_G","Strike_G+1","Strike_G","Strike_G","Strike_G+1","Strike_G","Survivor","Neutralize","Cloak And Dagger","Envenom+1","Blade Dance","Cloak And Dagger","Prepared","Dagger Spray"],"special_seed":0,"relics":["Ring of the Snake","Anchor","Darkstone Periapt","Centennial Puzzle","Oddly Smooth Stone","MawBank"],"potions_floor_usage":[7,11,13,16,16],"damage_taken":[{"damage":0.0,"enemies":"Small Slimes","floor":1.0,"turns":4.0},{"damage":0,"enemies":"Jaw Worm","floor":3,"turns":5},{"damage":2,"enemies":"Cultist","floor":5,"turns":4},{"damage":33,"enemies":"Lagavulin","floor":7,"turns":8},{"damage":15,"enemies":"3 Sentries","floor":11,"turns":6},{"damage":9,"enemies":"Large Slime","floor":12,"turns":7},{"damage":5,"enemies":"Lagavulin","floor":13,"turns":6},{"damage":0,"enemies":"Exordium Thugs","floor":14,"turns":5},{"damage":26,"enemies":"Slime Boss","floor":16,"turns":3}],"seed_played":"6187168148219138156","potions_obtained":[{"floor":1.0,"key":"AttackPotion"},{"floor":3,"key":"Swift Potion"},{"floor":12,"key":"PowerPotion"},{"floor":14,"key":"EntropicBrew"}],"is_trial":false,"path_per_floor":["M","?","M","?","M","R","E","R","T","?","E","M","E","M","R","B"],"character_chosen":"THE_SILENT","items_purchased":[],"campfire_rested":2,"item_purchase_floors":[],"current_hp_per_floor":[70,58,58,58,56,56,23,46,46,31,16,7,2,2,25,0],"gold":333,"neow_bonus":"TEN_PERCENT_HP_BONUS","is_prod":false,"is_daily":false,"chose_seed":false,"campfire_upgraded":1,"win_rate":0,"timestamp":1554598505,"path_taken":["M","?","M","?","M","R","E","R","T","?","E","?","E","?","R","BOSS"],"build_version":"2019-01-23","purchased_purges":0,"victory":false,"max_hp_per_floor":[77,77,77,77,77,77,77,77,77,77,77,77,77,77,77,77],"card_choices":[{"not_picked":["Deflect","Endless Agony"],"picked":"Cloak And Dagger","floor":1.0},{"not_picked":["Blade Dance","Outmaneuver"],"picked":"Envenom","floor":3},{"not_picked":["Slice","Acrobatics"],"picked":"Blade Dance","floor":5},{"not_picked":["Bane","Quick Slash"],"picked":"Cloak And Dagger","floor":7},{"not_picked":["Dagger Throw","Finisher"],"picked":"Prepared","floor":11},{"not_picked":["Bouncing Flask","Endless Agony","Choke"],"picked":"SKIP","floor":12},{"not_picked":["Corpse Explosion","Underhanded Strike","Tools of the Trade"],"picked":"SKIP","floor":13},{"not_picked":["Dodge and Roll","Deflect"],"picked":"Dagger Spray","floor":14}],"player_experience":454357,"relics_obtained":[{"floor":7,"key":"Darkstone Periapt"},{"floor":9,"key":"Centennial Puzzle"},{"floor":11,"key":"Oddly Smooth Stone"},{"floor":13,"key":"MawBank"}],"event_choices":[{"damage_healed":0.0,"max_hp_gain":0.0,"max_hp_loss":0.0,"gold_gain":0.0,"event_name":"Scrap Ooze","player_choice":"Success","floor":2.0,"gold_loss":0.0,"damage_taken":12.0,"relics_obtained":["Anchor"]},{"damage_healed":0,"gold_gain":0,"player_choice":"Ignored","damage_taken":0,"max_hp_gain":0,"max_hp_loss":0,"event_name":"Liars Game","floor":4,"gold_loss":0},{"damage_healed":0,"gold_gain":0,"player_choice":"Entered Light","damage_taken":15,"max_hp_gain":0,"max_hp_loss":0,"event_name":"Shining Light","floor":10,"gold_loss":0,"cards_upgraded":["Strike_G","Strike_G"]}],"is_beta":false,"boss_relics":[],"items_purged_floors":[],"is_endless":false,"potions_floor_spawned":[1,3,12,14],"killed_by":"Slime Boss","ascension_level":11}