{"gold_per_floor":[112,112,132,148,148,148,180,180,233,266,281,281,72,97,97,171,171,187,137,110,110],"floor_reached":21,"playtime":672,"items_purged":["Strike_G","Strike_G"],"score":394,"play_id":"cc2acd5f-c408-4d60-a1a1-e2e586664fe4","local_time":"20190519223015","is_ascension_mode":true,"campfire_choices":[{"data":"Neutralize","floor":6.0,"key":"SMITH"},{"floor":8.0,"key":"REST"},{"floor":12.0,"key":"REST"},{"floor":15.0,"key":"REST"}],"neow_cost":"TEN_PERCENT_HP_LOSS","seed_source_timestamp":276779331102899,"circlet_count":0,"master_deck":["AscendersBane","Defend_G","Defend_G","Defend_G","Defend_G","Defend_G","Strike_G","Strike_G","Strike_G","Survivor","Neutralize+1","Underhanded Strike","Neutralize","Grand Finale","Sucker Punch","Endless Agony","Infinite Blades","Sucker Punch","Dash","Footwork","Dagger Throw","A Thousand Cuts","Dagger Throw+1","PiercingWail"],"special_seed":0,"relics":["Ring of the Snake","StoneCalendar","SsserpentHead","Bronze Scales","Smiling Mask","Sundial","Art of War","Philosopher\u0027s Stone"],"potions_floor_usage":[],"damage_taken":[{"damage":4.0,"enemies":"2 Louse","floor":1.0,"turns":7.0},{"damage":4.0,"enemies":"Cultist","floor":3.0,"turns":4.0},{"damage":6.0,"enemies":"Small Slimes","floor":4.0,"turns":4.0},{"damage":35.0,"enemies":"3 Sentries","floor":7.0,"turns":7.0},{"damage":30.0,"enemies":"Lagavulin","floor":10.0,"turns":7.0},{"damage":11.0,"enemies":"Exordium Thugs","floor":11.0,"turns":4.0},{"damage":10.0,"enemies":"Gremlin Nob","floor":14.0,"turns":4.0},{"damage":32.0,"enemies":"Slime Boss","floor":16.0,"turns":6.0},{"damage":28,"enemies":"3 Byrds","floor":18,"turns":4},{"damage":16,"enemies":"2 Thieves","floor":20,"turns":4},{"damage":15,"enemies":"Centurion and Healer","floor":21,"turns":2}],"seed_played":"-7350637651386000769","potions_obtained":[{"floor":3.0,"key":"Regen Potion"},{"floor":7.0,"key":"Swift Potion"},{"floor":10.0,"key":"Strength Potion"}],"is_trial":false,"path_per_floor":["M","?","M","M","?","R","E","R","T","E","M","R","$","E","R","B",null,"M","$","M","M"],"character_chosen":"THE_SILENT","items_purchased":["Footwork","Fruit Juice"],"campfire_rested":3,"item_purchase_floors":[13,13],"current_hp_per_floor":[55,55,51,45,45,45,10,28,28,13,2,20,20,15,34,2,49,21,21,5,0],"gold":110,"neow_bonus":"ONE_RARE_RELIC","is_prod":false,"is_daily":false,"chose_seed":false,"campfire_upgraded":1,"win_rate":0,"timestamp":1558301415,"path_taken":["M","?","M","?","?","R","E","R","T","E","M","R","$","E","R","BOSS","M","$","M","M"],"build_version":"2019-01-23","purchased_purges":2,"victory":false,"max_hp_per_floor":[60,60,60,60,60,60,60,60,60,60,60,60,60,65,65,65,65,65,65,65,65],"card_choices":[{"not_picked":["Cloak And Dagger","Backflip"],"picked":"Underhanded Strike","floor":1.0},{"not_picked":["Dodge and Roll","Backflip"],"picked":"Sucker Punch","floor":3.0},{"not_picked":["Tactician","PiercingWail"],"picked":"Endless Agony","floor":4.0},{"not_picked":["Poisoned Stab","Backstab"],"picked":"Infinite Blades","floor":7.0},{"not_picked":["Bane","Dagger Spray"],"picked":"Sucker Punch","floor":10.0},{"not_picked":["Backstab","Noxious Fumes"],"picked":"Dash","floor":11.0},{"not_picked":["Prepared","Accuracy"],"picked":"Dagger Throw","floor":14.0},{"not_picked":["Doppelganger","Storm of Steel"],"picked":"A Thousand Cuts","floor":16.0},{"not_picked":["Noxious Fumes","Quick Slash"],"picked":"Dagger Throw+1","floor":18},{"not_picked":["Poisoned Stab","Dodge and Roll"],"picked":"PiercingWail","floor":20}],"player_experience":1367110,"relics_obtained":[{"floor":7.0,"key":"Bronze Scales"},{"floor":9.0,"key":"Smiling Mask"},{"floor":10.0,"key":"Sundial"},{"floor":14.0,"key":"Art of War"}],"event_choices":[{"damage_healed":0.0,"max_hp_gain":0.0,"max_hp_loss":0.0,"gold_gain":0.0,"event_name":"Match and Keep!","player_choice":"2 cards matched","floor":2.0,"gold_loss":0.0,"damage_taken":0.0,"cards_obtained":["Neutralize","Grand Finale"]},{"damage_healed":0.0,"max_hp_gain":0.0,"max_hp_loss":0.0,"gold_gain":0.0,"event_name":"FaceTrader","player_choice":"Trade","floor":5.0,"gold_loss":0.0,"damage_taken":0.0,"relics_obtained":["SsserpentHead"]}],"is_beta":false,"boss_relics":[{"not_picked":["Calling Bell","Busted Crown"],"picked":"Philosopher\u0027s Stone"}],"items_purged_floors":[13,19],"is_endless":false,"potions_floor_spawned":[3,7,10],"killed_by":"Centurion and Healer","ascension_level":20}