{"gold_per_floor":[109,121,139,44,54,79,79,103,151,183,200,200,89,102,102,102],"floor_reached":16,"playtime":655,"items_purged":["Strike_G"],"score":224,"play_id":"85470efb-203e-4c23-bca5-fea9a479dee3","local_time":"20190506225027","is_ascension_mode":true,"campfire_choices":[{"floor":7.0,"key":"REST"},{"floor":15,"key":"REST"}],"neow_cost":"NONE","seed_source_timestamp":104678560073900,"circlet_count":0,"master_deck":["AscendersBane","Defend_G","Defend_G","Defend_G","Defend_G","Defend_G","Strike_G","Strike_G","Strike_G","Strike_G","Survivor","Neutralize","Tools of the Trade","Dash","Poisoned Stab","Footwork","Flash of Steel","Heel Hook","All Out Attack","Dagger Spray","Endless Agony","Endless Agony","Footwork","Escape Plan"],"special_seed":0,"relics":["Ring of the Snake","Bottled Flame","Odd Mushroom","Strawberry","Bronze Scales","Mummified Hand"],"potions_floor_usage":[8,10,10,10],"damage_taken":[{"damage":0.0,"enemies":"Jaw Worm","floor":1.0,"turns":7.0},{"damage":0.0,"enemies":"2 Louse","floor":2.0,"turns":4.0},{"damage":1.0,"enemies":"Cultist","floor":3.0,"turns":4.0},{"damage":11.0,"enemies":"Exordium Wildlife","floor":5.0,"turns":5.0},{"damage":19.0,"enemies":"3 Sentries","floor":6.0,"turns":11.0},{"damage":2,"enemies":"The Mushroom Lair","floor":8,"turns":3},{"damage":20,"enemies":"Gremlin Nob","floor":10,"turns":5},{"damage":1,"enemies":"Lots of Slimes","floor":11,"turns":3},{"damage":0,"enemies":"Blue Slaver","floor":14,"turns":2},{"damage":52,"enemies":"Hexaghost","floor":16,"turns":9}],"seed_played":"-4026489597765861086","potions_obtained":[{"floor":1.0,"key":"SpeedPotion"},{"floor":5.0,"key":"Explosive Potion"},{"floor":8,"key":"EntropicBrew"},{"floor":11,"key":"PowerPotion"}],"is_trial":false,"path_per_floor":["M","M","M","$","M","E","R","?","T","E","M","?","$","M","R","B"],"character_chosen":"THE_SILENT","items_purchased":["Flash of Steel","Footwork"],"campfire_rested":2,"item_purchase_floors":[4,13],"current_hp_per_floor":[59,59,58,58,47,28,47,45,52,32,31,31,31,31,52,0],"gold":102,"neow_bonus":"ONE_RANDOM_RARE_CARD","is_prod":false,"is_daily":false,"chose_seed":false,"campfire_upgraded":0,"win_rate":0,"timestamp":1557179427,"path_taken":["M","M","M","$","M","E","R","?","T","E","M","?","$","M","R","BOSS"],"build_version":"2019-01-23","purchased_purges":1,"victory":false,"max_hp_per_floor":[66,66,66,66,66,66,66,66,73,73,73,73,73,73,73,73],"card_choices":[{"not_picked":["Escape Plan","Poisoned Stab"],"picked":"Dash","floor":1.0},{"not_picked":["Outmaneuver","Cloak And Dagger"],"picked":"Poisoned Stab","floor":2.0},{"not_picked":["Deflect","Endless Agony"],"picked":"Footwork","floor":3.0},{"not_picked":["Phantasmal Killer","Flying Knee"],"picked":"Heel Hook","floor":5.0},{"not_picked":["Infinite Blades","Prepared"],"picked":"All Out Attack","floor":6.0},{"not_picked":["Acrobatics","Blade Dance"],"picked":"Dagger Spray","floor":8},{"not_picked":["Skewer","Distraction"],"picked":"Endless Agony","floor":10},{"not_picked":["Catalyst","Poisoned Stab"],"picked":"Endless Agony","floor":11},{"not_picked":["Flying Knee","Infinite Blades"],"picked":"Escape Plan","floor":14}],"player_experience":1342680,"relics_obtained":[{"floor":6.0,"key":"Bottled Flame"},{"floor":8,"key":"Odd Mushroom"},{"floor":9,"key":"Strawberry"},{"floor":10,"key":"Bronze Scales"}],"event_choices":[{"damage_healed":0,"gold_gain":0,"player_choice":"Fought Mushrooms","damage_taken":0,"max_hp_gain":0,"max_hp_loss":0,"event_name":"Mushrooms","floor":8,"gold_loss":0},{"damage_healed":0,"gold_gain":0,"player_choice":"Gave Potion","damage_taken":0,"relics_obtained":["Mummified Hand"],"max_hp_gain":0,"max_hp_loss":0,"event_name":"WeMeetAgain","floor":12,"gold_loss":0}],"is_beta":false,"boss_relics":[],"items_purged_floors":[13],"is_endless":false,"potions_floor_spawned":[1,5,8,11],"killed_by":"Hexaghost","ascension_level":20}