{"gold_per_floor":[109,70,85,10,10,25,25,39,63,93,106,141,141,159,159,159],"floor_reached":16,"playtime":457,"items_purged":[],"score":224,"play_id":"14550bf8-f4cb-43fe-9440-c5ebaf3d9753","local_time":"20190310144118","is_ascension_mode":true,"campfire_choices":[{"data":"All Out Attack","floor":7.0,"key":"SMITH"},{"floor":15.0,"key":"REST"}],"neow_cost":"NONE","seed_source_timestamp":4882621964600,"circlet_count":0,"master_deck":["AscendersBane","Defend_G","Defend_G","Defend_G","Defend_G","Defend_G","Strike_G","Strike_G","Strike_G","Strike_G","Survivor","Neutralize+1","Masterful Stab","Endless Agony","All Out Attack+1","Slice","Bullet Time","Acrobatics","Sucker Punch","Backflip"],"special_seed":0,"relics":["Ring of the Snake","NeowsBlessing","Bag of Preparation","Happy Flower","Omamori","Golden Idol"],"potions_floor_usage":[],"damage_taken":[{"damage":0.0,"enemies":"Jaw Worm","floor":1.0,"turns":1.0},{"damage":0.0,"enemies":"Small Slimes","floor":3.0,"turns":1.0},{"damage":0.0,"enemies":"Cultist","floor":6.0,"turns":1.0},{"damage":0.0,"enemies":"2 Fungi Beasts","floor":8.0,"turns":2.0},{"damage":31.0,"enemies":"Lagavulin","floor":10.0,"turns":6.0},{"damage":0.0,"enemies":"Looter","floor":11.0,"turns":3.0},{"damage":5.0,"enemies":"3 Sentries","floor":12.0,"turns":7.0},{"damage":0.0,"enemies":"Red Slaver","floor":14.0,"turns":3.0},{"damage":23,"enemies":"Slime Boss","floor":16,"turns":6}],"seed_played":"-7233741353378891895","potions_obtained":[{"floor":1.0,"key":"Fire Potion"},{"floor":11.0,"key":"Energy Potion"}],"is_trial":false,"path_per_floor":["M","$","M","?","?","M","R","M","T","E","M","E","?","M","R","B"],"character_chosen":"THE_SILENT","items_purchased":["Endless Agony"],"campfire_rested":1,"item_purchase_floors":[2],"current_hp_per_floor":[59,59,59,59,59,59,59,59,59,28,28,23,23,23,42,19],"gold":159,"neow_bonus":"THREE_ENEMY_KILL","is_prod":false,"is_daily":false,"chose_seed":false,"campfire_upgraded":1,"win_rate":0,"timestamp":1552228878,"path_taken":["M","$","M","?","?","?","R","M","T","E","M","E","?","M","R","BOSS"],"build_version":"2019-01-23","purchased_purges":0,"victory":false,"max_hp_per_floor":[66,66,66,66,66,66,66,66,66,66,66,66,66,66,66,66],"card_choices":[{"not_picked":["Well Laid Plans","Slice"],"picked":"Masterful Stab","floor":1.0},{"not_picked":["Cloak And Dagger","Backflip"],"picked":"All Out Attack","floor":3.0},{"not_picked":["Acrobatics","Sucker Punch"],"picked":"Slice","floor":6.0},{"not_picked":["Underhanded Strike","Setup","Prepared"],"picked":"SKIP","floor":8.0},{"not_picked":["Underhanded Strike","Flying Knee"],"picked":"Bullet Time","floor":10.0},{"not_picked":["Crippling Poison","Bane"],"picked":"Acrobatics","floor":11.0},{"not_picked":["Cloak And Dagger","PiercingWail"],"picked":"Sucker Punch","floor":12.0},{"not_picked":["Bane","Dodge and Roll"],"picked":"Backflip","floor":14.0}],"player_experience":1258743,"relics_obtained":[{"floor":9.0,"key":"Bag of Preparation"},{"floor":10.0,"key":"Happy Flower"},{"floor":12.0,"key":"Omamori"}],"event_choices":[{"cards_removed":["Strike_G"],"damage_healed":0.0,"max_hp_gain":0.0,"max_hp_loss":0.0,"gold_gain":0.0,"event_name":"The Cleric","player_choice":"Card Removal","floor":4.0,"gold_loss":75.0,"damage_taken":0.0},{"damage_healed":0.0,"max_hp_gain":0.0,"max_hp_loss":0.0,"gold_gain":0.0,"event_name":"Upgrade Shrine","player_choice":"Upgraded","floor":5.0,"gold_loss":0.0,"damage_taken":0.0,"cards_upgraded":["Neutralize"]},{"damage_healed":0.0,"max_hp_gain":0.0,"max_hp_loss":0.0,"gold_gain":0.0,"event_name":"Golden Idol","player_choice":"Take Wound","floor":13.0,"gold_loss":0.0,"damage_taken":0.0,"relics_obtained":["Golden Idol"],"cards_obtained":["Injury"]}],"is_beta":false,"boss_relics":[],"items_purged_floors":[],"is_endless":false,"potions_floor_spawned":[1,11,12],"killed_by":"Slime Boss","ascension_level":20}