{"gold_per_floor":[110,110,128,17,42,76,76,76,100,133,133,148,167,167,167,297,297,312,312,27,27,51,51,51,94,94,94,107,107,107,121,121,121],"floor_reached":33,"playtime":1568,"items_purged":["Injury"],"score":448,"play_id":"908bd926-ad3e-423e-adcb-dccf0f2e6146","local_time":"20190313145447","is_ascension_mode":true,"campfire_choices":[{"data":"Fission","floor":7.0,"key":"SMITH"},{"data":"Sweeping Beam","floor":15.0,"key":"SMITH"},{"data":"Zap","floor":23.0,"key":"SMITH"},{"data":"Tempest","floor":27.0,"key":"SMITH"},{"data":"Chill","floor":32.0,"key":"SMITH"}],"neow_cost":"NONE","seed_source_timestamp":0,"circlet_count":0,"master_deck":["Strike_B","Strike_B","Strike_B","Defend_B","Defend_B","Defend_B","Zap+1","Dualcast","Tempest+1","Leap","Rip and Tear","Sweeping Beam+1","Fission+1","FTL","Machine Learning","Self Repair+1","Multi-Cast","Auto Shields","Chill+1"],"special_seed":0,"relics":["FrozenCore","Bloody Idol","Calipers","Shuriken","Potion Belt","Bronze Scales","Mango","Enchiridion","Ancient Tea Set","Meat on the Bone"],"potions_floor_usage":[],"damage_taken":[{"damage":7.0,"enemies":"Jaw Worm","floor":1.0,"turns":3.0},{"damage":5.0,"enemies":"Small Slimes","floor":3.0,"turns":3.0},{"damage":0.0,"enemies":"Cultist","floor":5.0,"turns":2.0},{"damage":9.0,"enemies":"Gremlin Nob","floor":6.0,"turns":3.0},{"damage":11.0,"enemies":"3 Sentries","floor":10.0,"turns":6.0},{"damage":2.0,"enemies":"Looter","floor":12.0,"turns":2.0},{"damage":13.0,"enemies":"Lots of Slimes","floor":13.0,"turns":2.0},{"damage":16.0,"enemies":"Hexaghost","floor":16.0,"turns":7.0},{"damage":2.0,"enemies":"Spheric Guardian","floor":18.0,"turns":3.0},{"damage":6.0,"enemies":"3 Byrds","floor":22.0,"turns":3.0},{"damage":44.0,"enemies":"Slavers","floor":25.0,"turns":5.0},{"damage":19.0,"enemies":"Snake Plant","floor":28.0,"turns":2.0},{"damage":7.0,"enemies":"Centurion and Healer","floor":31.0,"turns":5.0},{"damage":50,"enemies":"Champ","floor":33,"turns":10}],"seed_played":"-1840048713727056602","potions_obtained":[{"floor":3.0,"key":"SneckoOil"},{"floor":5.0,"key":"SteroidPotion"},{"floor":12.0,"key":"Poison Potion"},{"floor":18.0,"key":"SkillPotion"},{"floor":25.0,"key":"Energy Potion"}],"is_trial":false,"path_per_floor":["M","?","M","$","M","E","R","T","T","E","?","M","M","?","R","B",null,"M","$","$","?","M","R","?","E","T","R","M","?","?","M","R","B"],"character_chosen":"DEFECT","items_purchased":["Rip and Tear","Mango"],"campfire_rested":0,"item_purchase_floors":[4,20],"current_hp_per_floor":[68,68,63,63,63,54,54,54,54,43,43,41,28,28,28,22,75,73,73,87,71,75,75,75,31,31,31,24,24,24,44,44,0],"gold":121,"neow_bonus":"REMOVE_CARD","is_prod":false,"is_daily":false,"chose_seed":false,"campfire_upgraded":5,"win_rate":0,"timestamp":1552514087,"path_taken":["M","?","M","$","M","E","R","?","T","E","?","M","?","?","R","BOSS","M","?","$","?","M","R","?","E","T","R","?","?","?","M","R","BOSS"],"build_version":"2019-01-23","purchased_purges":1,"victory":false,"max_hp_per_floor":[75,75,75,75,75,75,75,75,75,75,75,75,75,75,75,75,75,75,75,89,89,89,89,89,89,89,89,89,89,89,89,89,89],"card_choices":[{"not_picked":["Coolheaded","Barrage"],"picked":"Tempest","floor":1.0},{"not_picked":["Cold Snap","Fusion"],"picked":"Leap","floor":3.0},{"not_picked":["Leap","Reinforced Body"],"picked":"Sweeping Beam","floor":5.0},{"not_picked":["Compile Driver","Leap"],"picked":"Fission","floor":6.0},{"not_picked":["Static Discharge","Cold Snap"],"picked":"FTL","floor":10.0},{"not_picked":["Skim","Hologram","Reprogram"],"picked":"SKIP","floor":12.0},{"not_picked":["Coolheaded","Streamline"],"picked":"Self Repair","floor":13.0},{"not_picked":["Buffer","Hyperbeam"],"picked":"Multi-Cast","floor":16.0},{"not_picked":["Streamline+1","Compile Driver+1","Stack"],"picked":"SKIP","floor":18.0},{"not_picked":["Go for the Eyes+1","Compile Driver"],"picked":"Auto Shields","floor":22.0},{"not_picked":["Blizzard","Rebound","Sweeping Beam"],"picked":"SKIP","floor":25.0},{"not_picked":["Redo","Consume"],"picked":"Chill","floor":28.0},{"not_picked":["Ball Lightning","Gash","Hologram+1"],"picked":"SKIP","floor":31.0}],"player_experience":428359,"relics_obtained":[{"floor":6.0,"key":"Calipers"},{"floor":8.0,"key":"Shuriken"},{"floor":9.0,"key":"Potion Belt"},{"floor":10.0,"key":"Bronze Scales"},{"floor":21.0,"key":"Enchiridion"},{"floor":25.0,"key":"Ancient Tea Set"},{"floor":26.0,"key":"Meat on the Bone"}],"event_choices":[{"damage_healed":0.0,"max_hp_gain":0.0,"max_hp_loss":0.0,"gold_gain":0.0,"event_name":"Golden Idol","player_choice":"Take Wound","floor":2.0,"gold_loss":0.0,"damage_taken":0.0,"relics_obtained":["Golden Idol"],"cards_obtained":["Injury"]},{"damage_healed":0.0,"max_hp_gain":0.0,"max_hp_loss":0.0,"gold_gain":0.0,"cards_transformed":["Defend_B"],"event_name":"Transmorgrifier","player_choice":"Transformed","floor":11.0,"gold_loss":0.0,"damage_taken":0.0,"cards_obtained":["Machine Learning"]},{"damage_healed":0.0,"max_hp_gain":0.0,"max_hp_loss":0.0,"gold_gain":0.0,"event_name":"Upgrade Shrine","player_choice":"Upgraded","floor":14.0,"gold_loss":0.0,"damage_taken":0.0,"cards_upgraded":["Self Repair"]},{"damage_healed":0.0,"max_hp_gain":0.0,"max_hp_loss":0.0,"gold_gain":0.0,"event_name":"Cursed Tome","player_choice":"Obtained Book","floor":21.0,"gold_loss":0.0,"damage_taken":16.0},{"damage_healed":0.0,"max_hp_gain":0.0,"max_hp_loss":0.0,"gold_gain":0.0,"event_name":"Vampires","player_choice":"Ignored","floor":24.0,"gold_loss":0.0,"damage_taken":0.0},{"damage_healed":0.0,"max_hp_gain":0.0,"max_hp_loss":0.0,"gold_gain":0.0,"event_name":"Forgotten Altar","player_choice":"Gave Idol","floor":29.0,"relics_lost":["Golden Idol"],"gold_loss":0.0,"damage_taken":0.0,"relics_obtained":["Bloody Idol"]},{"damage_healed":0.0,"max_hp_gain":0.0,"max_hp_loss":0.0,"gold_gain":0.0,"event_name":"Ghosts","player_choice":"Ignored","floor":30.0,"gold_loss":0.0,"damage_taken":0.0}],"is_beta":false,"boss_relics":[{"not_picked":["Black Star","Empty Cage"],"picked":"FrozenCore"}],"items_purged_floors":[4],"is_endless":false,"potions_floor_spawned":[3,5,12,18,25],"killed_by":"Champ","ascension_level":4}