{"gold_per_floor":[111,36,36,47,67,67,82,110,135,135,135],"floor_reached":11,"playtime":413,"items_purged":[],"score":146,"play_id":"7367475d-4616-4ded-a900-b8703b94fc94","local_time":"20190506193910","is_ascension_mode":true,"campfire_choices":[{"floor":6,"key":"REST"},{"floor":10,"key":"REST"}],"neow_cost":"NONE","seed_source_timestamp":93479053085200,"circlet_count":0,"master_deck":["AscendersBane","Defend_G","Defend_G","Defend_G","Defend_G","Defend_G","Strike_G+1","Strike_G","Strike_G","Strike_G","Survivor+1","Neutralize","Deadly Poison","Infinite Blades","Deadly Poison","Quick Slash","Dash","PiercingWail"],"relics":["Ring of the Snake","Dream Catcher","Oddly Smooth Stone"],"potions_floor_usage":[11,11],"damage_taken":[{"damage":7,"enemies":"Cultist","floor":1,"turns":6},{"damage":5,"enemies":"Small Slimes","floor":4,"turns":5},{"damage":0,"enemies":"Jaw Worm","floor":5,"turns":5},{"damage":15,"enemies":"Lots of Slimes","floor":7,"turns":5},{"damage":31,"enemies":"3 Sentries","floor":8,"turns":9},{"damage":66,"enemies":"Gremlin Nob","floor":11,"turns":4}],"seed_played":"5906708469573609110","potions_obtained":[{"floor":7,"key":"Dexterity Potion"},{"floor":8,"key":"Dexterity Potion"}],"is_trial":false,"path_per_floor":["M","?","?","M","M","R","M","E","T","R","E"],"character_chosen":"THE_SILENT","items_purchased":[],"campfire_rested":2,"item_purchase_floors":[],"current_hp_per_floor":[58,58,36,31,31,52,37,6,6,27,0],"gold":135,"neow_bonus":"TEN_PERCENT_HP_BONUS","is_prod":false,"is_daily":false,"chose_seed":false,"campfire_upgraded":0,"win_rate":0,"timestamp":1557167950,"path_taken":["M","?","?","M","M","R","M","E","T","R","E"],"build_version":"2019-01-23","purchased_purges":0,"victory":false,"max_hp_per_floor":[72,72,72,72,72,72,72,72,72,72,72],"card_choices":[{"not_picked":["Outmaneuver","Underhanded Strike"],"picked":"Deadly Poison","floor":1},{"not_picked":["Terror","Flechettes"],"picked":"Infinite Blades","floor":4},{"not_picked":["Backflip","Underhanded Strike"],"picked":"Deadly Poison","floor":5},{"not_picked":["Malaise","Dagger Throw"],"picked":"Quick Slash","floor":7},{"not_picked":["Prepared","Dagger Spray"],"picked":"Dash","floor":8},{"not_picked":["Tactician","Infinite Blades"],"picked":"PiercingWail","floor":10}],"player_experience":1338720,"relics_obtained":[{"floor":8,"key":"Dream Catcher"},{"floor":9,"key":"Oddly Smooth Stone"}],"event_choices":[{"cards_removed":["Strike_G"],"damage_healed":0,"gold_gain":0,"player_choice":"Card Removal","damage_taken":0,"max_hp_gain":0,"max_hp_loss":0,"event_name":"The Cleric","floor":2,"gold_loss":75},{"damage_healed":0,"gold_gain":0,"player_choice":"Entered Light","damage_taken":22,"max_hp_gain":0,"max_hp_loss":0,"event_name":"Shining Light","floor":3,"gold_loss":0,"cards_upgraded":["Survivor","Strike_G"]}],"is_beta":false,"boss_relics":[],"items_purged_floors":[],"is_endless":false,"potions_floor_spawned":[7,8],"killed_by":"Gremlin Nob","ascension_level":20}