{"gold_per_floor":[112,112,123,48,66,94,94,94,94,119,133,133,162,179,179,283,283,294,312,345,345,345,380,393,419,431,459,471,511,534,461,473,589,601,632,554,576,600,624,666,678,725,783,1017,1056,276,276,276,276,276],"floor_reached":51,"playtime":5344,"items_purged":["Regret","Strike_B"],"score":930,"play_id":"5d3aca02-57ad-45db-a0a0-9af3a9cee688","local_time":"20181104205751","is_ascension_mode":true,"campfire_choices":[{"data":"Zap","floor":7,"key":"SMITH"},{"data":"Dualcast","floor":12,"key":"SMITH"},{"floor":15,"key":"REST"},{"floor":28,"key":"REST"},{"floor":32,"key":"REST"},{"floor":41,"key":"REST"},{"floor":47,"key":"REST"},{"floor":49,"key":"REST"}],"neow_cost":"NONE","seed_source_timestamp":11052935965231,"circlet_count":0,"master_deck":["Strike_B+1","Strike_B","Strike_B","Defend_B","Defend_B","Defend_B","Zap+1","Dualcast+1","Stack","Lockon","Turbo","Melter","White Noise+1","Recycle+1","Leap+1","Fusion+1","Multi-Cast+1","Static Discharge","Chill+1","Tempest+1","Necronomicurse","Electrodynamics","Beam Cell+1","Sunder","Chaos+1","Capacitor+1","Steam+1","Conserve Battery+1","White Noise+1","Go for the Eyes","Multi-Cast+1","Stack+1","Beam Cell","Streamline+1","Stack+1","Force Field+1","Recycle+1","Defragment+1","Storm+1","Recycle+1","Sunder","Defragment","Swift Strike","The Bomb+1","Fission+1","Doom and Gloom","Hologram+1"],"relics":["Cracked Core","Unceasing Top","PreservedInsect","Toxic Egg 2","Bird Faced Urn","Pantograph","Fusion Hammer","Red Mask","Strawberry","Necronomicon","Prayer Wheel","MawBank","Bottled Lightning","Matryoshka","Thread and Needle","Runic Pyramid","Mummified Hand","Ice Cream","Vajra","Bag of Marbles","Bronze Scales","Membership Card","Pen Nib","Art of War"],"potions_floor_usage":[11,16,16,18,24,25,25,29,33,38,45,50,50,50],"damage_taken":[{"damage":4,"enemies":"Jaw Worm","floor":1,"turns":4},{"damage":9,"enemies":"Small Slimes","floor":3,"turns":4},{"damage":1,"enemies":"Cultist","floor":5,"turns":3},{"damage":28,"enemies":"3 Sentries","floor":6,"turns":9},{"damage":0,"enemies":"Gremlin Nob","floor":10,"turns":2},{"damage":3,"enemies":"Exordium Wildlife","floor":11,"turns":4},{"damage":13,"enemies":"3 Sentries","floor":13,"turns":6},{"damage":0,"enemies":"Looter","floor":14,"turns":2},{"damage":22,"enemies":"Hexaghost","floor":16,"turns":9},{"damage":0,"enemies":"3 Byrds","floor":18,"turns":3},{"damage":14,"enemies":"Chosen","floor":19,"turns":6},{"damage":5,"enemies":"Masked Bandits","floor":20,"turns":5},{"damage":5,"enemies":"Slavers","floor":23,"turns":4},{"damage":19,"enemies":"Snecko","floor":24,"turns":4},{"damage":14,"enemies":"Gremlin Leader","floor":25,"turns":4},{"damage":19,"enemies":"Snake Plant","floor":27,"turns":3},{"damage":3,"enemies":"Slavers","floor":29,"turns":5},{"damage":0,"enemies":"3 Cultists","floor":30,"turns":4},{"damage":12,"enemies":"Champ","floor":33,"turns":9},{"damage":5,"enemies":"Orb Walker","floor":35,"turns":2},{"damage":0,"enemies":"3 Darklings","floor":37,"turns":3},{"damage":18,"enemies":"Writhing Mass","floor":38,"turns":3},{"damage":11,"enemies":"Transient","floor":39,"turns":5},{"damage":13,"enemies":"Giant Head","floor":40,"turns":7},{"damage":29,"enemies":"Nemesis","floor":42,"turns":5},{"damage":27,"enemies":"Reptomancer","floor":45,"turns":3},{"damage":0,"enemies":"Donu and Deca","floor":50,"turns":6}],"seed_played":"-2643678066584951345","potions_obtained":[{"floor":3,"key":"Ancient Potion"},{"floor":8,"key":"Weak Potion"},{"floor":8,"key":"Swift Potion"},{"floor":13,"key":"Regen Potion"},{"floor":16,"key":"Explosive Potion"},{"floor":20,"key":"SpeedPotion"},{"floor":23,"key":"PowerPotion"},{"floor":24,"key":"FearPotion"},{"floor":29,"key":"Energy Potion"},{"floor":33,"key":"AttackPotion"},{"floor":37,"key":"Dexterity Potion"},{"floor":40,"key":"LiquidBronze"}],"is_trial":false,"path_per_floor":["M","?","M","$","M","E","R","?","T","E","M","R","E","M","R","B",null,"M","M","?","?","?","E","M","E","T","M","R","E","M","?","R","B",null,"M","?","M","M","M","E","R","E","T","?","E","$","R","?","R","B",null],"character_chosen":"DEFECT","items_purchased":["Sunder","Membership Card","Pen Nib","Defragment","Swift Strike","The Bomb+1","Fission+1","Doom and Gloom","Art of War","Weak Potion","Fire Potion","Hologram+1"],"campfire_rested":6,"item_purchase_floors":[46,46,46,46,46,46,46,46,46,46,46,46],"current_hp_per_floor":[78,78,69,69,68,40,40,40,40,40,39,39,28,30,54,73,82,82,70,71,78,62,65,54,44,44,31,57,60,68,68,89,79,89,88,88,89,73,70,69,89,70,70,70,57,57,83,83,89,89],"gold":276,"neow_bonus":"TEN_PERCENT_HP_BONUS","is_prod":false,"is_daily":false,"chose_seed":false,"campfire_upgraded":2,"win_rate":0,"timestamp":1541393871,"path_taken":["M","?","M","$","M","E","R","?","T","E","M","R","E","?","R","BOSS","M","M","?","?","?","E","M","E","T","M","R","E","M","?","R","BOSS","M","?","M","?","M","E","R","E","T","?","E","$","R","?","R","BOSS"],"build_version":"2018-11-01","purchased_purges":2,"victory":true,"max_hp_per_floor":[82,82,82,82,82,82,82,82,82,82,82,82,82,82,82,82,82,82,82,82,89,89,89,89,89,89,89,89,89,89,89,89,89,89,89,89,89,89,89,89,89,89,89,89,89,89,89,89,89,89],"card_choices":[{"not_picked":["Redo","Reinforced Body"],"picked":"Stack","floor":1},{"not_picked":["Sunder","Sweeping Beam"],"picked":"Lockon","floor":3},{"not_picked":["Compile Driver","Sweeping Beam"],"picked":"Turbo","floor":5},{"not_picked":["Cold Snap","Aggregate"],"picked":"Melter","floor":6},{"not_picked":["Skim+1","Cold Snap"],"picked":"White Noise+1","floor":10},{"not_picked":["Leap+1","Ball Lightning"],"picked":"Recycle+1","floor":11},{"not_picked":["Gash","Sweeping Beam"],"picked":"Leap+1","floor":13},{"not_picked":["Glacier+1","Compile Driver"],"picked":"Fusion+1","floor":14},{"not_picked":["Seek+1","Meteor Strike"],"picked":"Multi-Cast+1","floor":16},{"not_picked":["Defragment","Ball Lightning"],"picked":"Static Discharge","floor":18},{"not_picked":["Stack+1","Double Energy+1"],"picked":"Chill+1","floor":19},{"not_picked":["Coolheaded+1","Cold Snap"],"picked":"Tempest+1","floor":20},{"not_picked":["Darkness+1","Beam Cell+1"],"picked":"Electrodynamics","floor":23},{"not_picked":["Darkness+1","Conserve Battery+1"],"picked":"Beam Cell+1","floor":24},{"not_picked":["Barrage+1","Hologram+1"],"picked":"Sunder","floor":24},{"not_picked":["Capacitor","Fusion+1"],"picked":"Chaos+1","floor":25},{"not_picked":["Scrape","Ball Lightning"],"picked":"Capacitor+1","floor":27},{"not_picked":["Reinforced Body+1","Chaos+1"],"picked":"Steam+1","floor":27},{"not_picked":["Recycle+1","Steam+1"],"picked":"Conserve Battery+1","floor":29},{"not_picked":["Fusion+1","Rebound"],"picked":"White Noise+1","floor":30},{"not_picked":["Scrape","Thunder Strike"],"picked":"Go for the Eyes","floor":30},{"not_picked":["Core Surge","Buffer"],"picked":"Multi-Cast+1","floor":33},{"not_picked":["Gash","Barrage"],"picked":"Stack+1","floor":35},{"not_picked":["Machine Learning","Steam+1"],"picked":"Beam Cell","floor":35},{"not_picked":["Compile Driver","Cold Snap"],"picked":"Streamline+1","floor":37},{"not_picked":["Genetic Algorithm+1","Hello World+1","Rebound"],"picked":"SKIP","floor":37},{"not_picked":["Turbo+1","Barrage+1"],"picked":"Stack+1","floor":38},{"not_picked":["Rebound+1","Reinforced Body+1"],"picked":"Force Field+1","floor":38},{"not_picked":["Heatsinks+1","Go for the Eyes+1"],"picked":"Recycle+1","floor":39},{"not_picked":["Sunder+1","Turbo+1"],"picked":"Defragment+1","floor":39},{"not_picked":["Go for the Eyes","Coolheaded+1"],"picked":"Defragment","floor":40},{"not_picked":["Steam+1","Sweeping Beam+1"],"picked":"Storm+1","floor":42},{"not_picked":["Conserve Battery+1","Rebound+1"],"picked":"Recycle+1","floor":45}],"player_experience":206431,"relics_obtained":[{"floor":6,"key":"PreservedInsect"},{"floor":9,"key":"Toxic Egg 2"},{"floor":10,"key":"Bird Faced Urn"},{"floor":13,"key":"Pantograph"},{"floor":20,"key":"Red Mask"},{"floor":22,"key":"Necronomicon"},{"floor":23,"key":"Prayer Wheel"},{"floor":25,"key":"MawBank"},{"floor":26,"key":"Bottled Lightning"},{"floor":29,"key":"Matryoshka"},{"floor":40,"key":"Mummified Hand"},{"floor":42,"key":"Ice Cream"},{"floor":43,"key":"Vajra"},{"floor":43,"key":"Bag of Marbles"},{"floor":45,"key":"Bronze Scales"}],"event_choices":[{"damage_healed":0,"gold_gain":0,"player_choice":"Box","damage_taken":0,"relics_obtained":["Unceasing Top"],"max_hp_gain":0,"max_hp_loss":0,"event_name":"Big Fish","floor":2,"gold_loss":0,"cards_obtained":["Regret"]},{"damage_healed":0,"gold_gain":0,"player_choice":"Got Potions","damage_taken":0,"max_hp_gain":0,"max_hp_loss":0,"event_name":"Lab","floor":8,"gold_loss":0},{"damage_healed":0,"gold_gain":0,"player_choice":"Fought Bandits","damage_taken":0,"max_hp_gain":0,"max_hp_loss":0,"event_name":"Masked Bandits","floor":20,"gold_loss":0},{"damage_healed":0,"gold_gain":0,"player_choice":"Opened","damage_taken":0,"relics_obtained":["Strawberry"],"max_hp_gain":0,"max_hp_loss":0,"event_name":"The Mausoleum","floor":21,"gold_loss":0},{"damage_healed":0,"gold_gain":0,"player_choice":"Obtained Book","damage_taken":16,"max_hp_gain":0,"max_hp_loss":0,"event_name":"Cursed Tome","floor":22,"gold_loss":0},{"damage_healed":0,"gold_gain":0,"player_choice":"Obtained Relic","damage_taken":0,"relics_obtained":["Thread and Needle"],"max_hp_gain":0,"max_hp_loss":0,"event_name":"Addict","floor":31,"gold_loss":85},{"cards_removed":["Defend_B"],"damage_healed":0,"gold_gain":0,"player_choice":"Upgrade and Remove","damage_taken":0,"max_hp_gain":0,"max_hp_loss":0,"event_name":"Designer","floor":36,"gold_loss":90,"cards_upgraded":["Strike_B"]},{"damage_healed":0,"gold_gain":222,"player_choice":"Wore Mask","damage_taken":0,"max_hp_gain":0,"max_hp_loss":0,"event_name":"Tomb of Lord Red Mask","floor":44,"gold_loss":0},{"cards_removed":["Defragment"],"damage_healed":0,"gold_gain":0,"player_choice":"Removed Power","damage_taken":0,"max_hp_gain":0,"max_hp_loss":0,"event_name":"Falling","floor":48,"gold_loss":0}],"is_beta":false,"boss_relics":[{"not_picked":["FrozenCore","Tiny House"],"picked":"Fusion Hammer"},{"not_picked":["Velvet Choker","Orrery"],"picked":"Runic Pyramid"}],"items_purged_floors":[4,46],"is_endless":false,"potions_floor_spawned":[3,10,13,16,20,23,24,29,33,37,40],"ascension_level":1}