{"gold_per_floor":[111,111,126,51,65,65,90,103,103,137,154,154,164,122,122,196,196,208,208,208,208,218,218,253,253,253,285,296,315,22,32,32,111,111,124,0,0,0,19,49,49,49,49,49,65,91,14,14,14,14,14],"floor_reached":51,"playtime":1942,"items_purged":["Strike_R+1"],"score":1431,"play_id":"a74a869f-3b94-405f-9da1-1ec0ad7e89b3","local_time":"20190421161054","is_ascension_mode":true,"campfire_choices":[{"data":"Whirlwind","floor":6.0,"key":"SMITH"},{"data":"Bash","floor":12.0,"key":"SMITH"},{"data":"Defend_R","floor":15.0,"key":"PURGE"},{"data":"Demon Form","floor":23.0,"key":"SMITH"},{"floor":25.0,"key":"REST"},{"data":"Strike_R+1","floor":32.0,"key":"PURGE"},{"data":"Strike_R+1","floor":41.0,"key":"PURGE"},{"data":"Clothesline","floor":44.0,"key":"SMITH"},{"floor":49.0,"key":"RECALL"}],"neow_cost":"NONE","seed_source_timestamp":963127188275400,"circlet_count":0,"master_deck":["AscendersBane","Defend_R+1","Defend_R+1","Defend_R+1","Bash+1","Clothesline+1","Whirlwind+1","Pummel","Ghostly Armor","Pummel","Spot Weakness","Headbutt","Demon Form+1","True Grit+1","Reaper","Iron Wave","Spot Weakness","Barricade+1","Metallicize+1","Inflame","Dark Shackles"],"special_seed":0,"relics":["Burning Blood","Bag of Marbles","Blue Candle","Gambling Chip","Peace Pipe","Velvet Choker","Du-Vu Doll","Gremlin Horn","Strawberry","Lee\u0027s Waffle","Eternal Feather","Red Mask","Paper Frog","Regal Pillow","Mango"],"potions_floor_usage":[51],"damage_taken":[{"damage":3.0,"enemies":"Small Slimes","floor":1.0,"turns":4.0},{"damage":7.0,"enemies":"Jaw Worm","floor":3.0,"turns":3.0},{"damage":4.0,"enemies":"2 Louse","floor":5.0,"turns":3.0},{"damage":30.0,"enemies":"Lagavulin","floor":7.0,"turns":5.0},{"damage":2.0,"enemies":"2 Fungi Beasts","floor":8.0,"turns":2.0},{"damage":22.0,"enemies":"3 Sentries","floor":10.0,"turns":7.0},{"damage":5.0,"enemies":"Red Slaver","floor":11.0,"turns":3.0},{"damage":1.0,"enemies":"Exordium Thugs","floor":13.0,"turns":3.0},{"damage":34.0,"enemies":"The Guardian","floor":16.0,"turns":12.0},{"damage":0.0,"enemies":"3 Byrds","floor":18.0,"turns":2.0},{"damage":11.0,"enemies":"Spheric Guardian","floor":22.0,"turns":3.0},{"damage":51.0,"enemies":"Book of Stabbing","floor":24.0,"turns":5.0},{"damage":24.0,"enemies":"Gremlin Leader","floor":27.0,"turns":4.0},{"damage":18.0,"enemies":"Snake Plant","floor":28.0,"turns":4.0},{"damage":28.0,"enemies":"Snecko","floor":29.0,"turns":4.0},{"damage":0.0,"enemies":"3 Cultists","floor":31.0,"turns":1.0},{"damage":70.0,"enemies":"Automaton","floor":33.0,"turns":10.0},{"damage":13.0,"enemies":"Orb Walker","floor":35.0,"turns":4.0},{"damage":0.0,"enemies":"3 Shapes","floor":39.0,"turns":3.0},{"damage":55.0,"enemies":"Reptomancer","floor":40.0,"turns":5.0},{"damage":25.0,"enemies":"Transient","floor":45.0,"turns":6.0},{"damage":56.0,"enemies":"Giant Head","floor":46.0,"turns":6.0},{"damage":68.0,"enemies":"Time Eater","floor":50.0,"turns":6.0},{"damage":40,"enemies":"Donu and Deca","floor":51,"turns":3}],"seed_played":"1442962213002093531","potions_obtained":[{"floor":3.0,"key":"SkillPotion"},{"floor":11.0,"key":"PowerPotion"},{"floor":16.0,"key":"BloodPotion"},{"floor":22.0,"key":"LiquidBronze"},{"floor":24.0,"key":"AttackPotion"},{"floor":29.0,"key":"Explosive Potion"},{"floor":31.0,"key":"GamblersBrew"},{"floor":45.0,"key":"GamblersBrew"},{"floor":46.0,"key":"EssenceOfSteel"}],"is_trial":false,"path_per_floor":["M","?","M","?","M","R","E","M","T","E","M","R","M","?","R","B",null,"M","?","?","?","M","R","E","R","T","E","M","M","$","M","R","B",null,"M","?","$","?","M","E","R","?","T","R","M","E","$","?","R","B","B"],"character_chosen":"IRONCLAD","items_purchased":["Lee\u0027s Waffle","Inflame"],"campfire_rested":1,"item_purchase_floors":[30,47],"current_hp_per_floor":[71,64,63,63,65,65,41,45,45,29,30,30,35,35,35,7,58,64,64,64,69,64,64,26,48,48,64,52,38,89,89,89,52,80,87,87,87,87,89,40,52,52,52,61,61,53,53,53,65,36,0],"gold":14,"neow_bonus":"RANDOM_COMMON_RELIC","is_prod":false,"is_daily":false,"chose_seed":false,"campfire_upgraded":4,"win_rate":0,"timestamp":1555859454,"path_taken":["M","?","M","?","M","R","E","M","T","E","M","R","M","?","R","BOSS","M","?","?","?","M","R","E","R","T","E","M","?","$","M","R","BOSS","M","?","$","?","?","E","R","?","T","R","?","E","$","?","R","BOSS","BOSS"],"build_version":"2019-01-23","purchased_purges":1,"victory":false,"max_hp_per_floor":[75,75,75,75,75,75,75,75,75,75,75,75,75,75,75,75,75,75,75,75,75,75,75,75,75,75,82,82,82,89,89,89,89,89,89,89,89,89,89,89,89,89,89,89,89,103,103,103,103,103,103],"card_choices":[{"not_picked":["Clash","Armaments"],"picked":"Cleave","floor":1.0},{"not_picked":["Blood for Blood","Shockwave"],"picked":"Clothesline","floor":3.0},{"not_picked":["Warcry","Infernal Blade"],"picked":"Whirlwind","floor":5.0},{"not_picked":["Corruption","Entrench"],"picked":"Pummel","floor":7.0},{"not_picked":["Second Wind","Shockwave"],"picked":"Ghostly Armor","floor":8.0},{"not_picked":["Second Wind","Entrench"],"picked":"Pummel","floor":10.0},{"not_picked":["Havoc","Heavy Blade"],"picked":"Spot Weakness","floor":11.0},{"not_picked":["Sever Soul","Thunderclap"],"picked":"Headbutt","floor":13.0},{"not_picked":["Impervious","Berserk"],"picked":"Demon Form","floor":16.0},{"not_picked":["Seeing Red","Wild Strike"],"picked":"True Grit+1","floor":18.0},{"not_picked":["Wild Strike","Warcry","Dual Wield"],"picked":"SKIP","floor":22.0},{"not_picked":["Fire Breathing+1","Thunderclap"],"picked":"Reaper","floor":24.0},{"not_picked":["Twin Strike","Body Slam","Warcry+1"],"picked":"SKIP","floor":27.0},{"not_picked":["Headbutt","Pommel Strike","Feel No Pain"],"picked":"SKIP","floor":28.0},{"not_picked":["Infernal Blade","Disarm"],"picked":"Iron Wave","floor":29.0},{"not_picked":["Cleave","Evolve"],"picked":"Spot Weakness","floor":31.0},{"not_picked":["Immolate","Demon Form"],"picked":"Barricade","floor":33.0},{"not_picked":["Seeing Red+1","Carnage"],"picked":"Metallicize+1","floor":35.0},{"not_picked":["Havoc","Blood for Blood","Intimidate"],"picked":"SKIP","floor":39.0},{"not_picked":["Clothesline","Thunderclap+1","Brutality"],"picked":"SKIP","floor":40.0},{"not_picked":["Intimidate","Sword Boomerang","Flex"],"picked":"SKIP","floor":45.0},{"not_picked":["True Grit","Burning Pact","Juggernaut"],"picked":"SKIP","floor":46.0},{"not_picked":["Deep Breath","Mind Blast"],"picked":"Dark Shackles","floor":48.0}],"player_experience":1307714,"relics_obtained":[{"floor":7.0,"key":"Blue Candle"},{"floor":9.0,"key":"Gambling Chip"},{"floor":10.0,"key":"Peace Pipe"},{"floor":24.0,"key":"Du-Vu Doll"},{"floor":26.0,"key":"Gremlin Horn"},{"floor":27.0,"key":"Strawberry"},{"floor":40.0,"key":"Paper Frog"},{"floor":46.0,"key":"Mango"}],"event_choices":[{"cards_removed":["Strike_R"],"damage_healed":0.0,"max_hp_gain":0.0,"max_hp_loss":0.0,"gold_gain":0.0,"event_name":"Golden Wing","player_choice":"Card Removal","floor":2.0,"gold_loss":0.0,"damage_taken":7.0},{"cards_removed":["Strike_R"],"damage_healed":0.0,"max_hp_gain":0.0,"max_hp_loss":0.0,"gold_gain":0.0,"event_name":"The Cleric","player_choice":"Card Removal","floor":4.0,"gold_loss":75.0,"damage_taken":0.0},{"damage_healed":0.0,"max_hp_gain":0.0,"max_hp_loss":0.0,"gold_gain":0.0,"event_name":"World of Goop","player_choice":"Left Gold","floor":14.0,"gold_loss":42.0,"damage_taken":0.0},{"damage_healed":0.0,"max_hp_gain":0.0,"max_hp_loss":0.0,"gold_gain":0.0,"event_name":"Ghosts","player_choice":"Ignored","floor":19.0,"gold_loss":0.0,"damage_taken":0.0},{"damage_healed":0.0,"max_hp_gain":0.0,"max_hp_loss":0.0,"gold_gain":0.0,"event_name":"Back to Basics","player_choice":"Simplicity","floor":20.0,"gold_loss":0.0,"damage_taken":0.0,"cards_upgraded":["Strike_R","Strike_R","Strike_R","Defend_R","Defend_R","Defend_R"]},{"cards_removed":["Cleave"],"damage_healed":5.0,"max_hp_gain":0.0,"max_hp_loss":0.0,"gold_gain":0.0,"event_name":"Bonfire Elementals","player_choice":"Offered Common","floor":21.0,"gold_loss":0.0,"damage_taken":0.0},{"cards_removed":["Cleave"],"damage_healed":5.0,"max_hp_gain":0.0,"max_hp_loss":0.0,"gold_gain":0.0,"event_name":"Bonfire Elementals","player_choice":"Offered Special","floor":21.0,"gold_loss":0.0,"damage_taken":0.0},{"damage_healed":0.0,"max_hp_gain":0.0,"max_hp_loss":0.0,"gold_gain":0.0,"event_name":"Tomb of Lord Red Mask","player_choice":"Paid","floor":36.0,"gold_loss":124.0,"damage_taken":0.0,"relics_obtained":["Red Mask"]},{"damage_healed":0.0,"max_hp_gain":0.0,"max_hp_loss":0.0,"gold_gain":0.0,"event_name":"Upgrade Shrine","player_choice":"Upgraded","floor":38.0,"gold_loss":0.0,"damage_taken":0.0,"cards_upgraded":["Barricade"]},{"damage_healed":0.0,"max_hp_gain":0.0,"max_hp_loss":0.0,"gold_gain":0.0,"event_name":"WeMeetAgain","player_choice":"Gave Potion","floor":42.0,"gold_loss":0.0,"damage_taken":0.0,"relics_obtained":["Regal Pillow"]},{"damage_healed":0.0,"max_hp_gain":0.0,"max_hp_loss":0.0,"gold_gain":0.0,"event_name":"SensoryStone","player_choice":"Memory 1","floor":48.0,"gold_loss":0.0,"damage_taken":0.0}],"is_beta":false,"boss_relics":[{"not_picked":["Runic Cube","Runic Pyramid"],"picked":"Velvet Choker"},{"not_picked":["Black Star","Astrolabe"],"picked":"Eternal Feather"}],"items_purged_floors":[30],"is_endless":false,"potions_floor_spawned":[3,11,16,22,24,29,31,45,46],"killed_by":"Donu and Deca","ascension_level":20}