{"path_per_floor":["M","M","?","$","M","R","E","R","T","M","M","M","?","M","R","B",null,"M","M","M","M","M","$","R","?","T","R","M","M","E","?","R"],"character_chosen":"THE_SILENT","items_purchased":["Infinite Blades","Noxious Fumes"],"gold_per_floor":[114,129,79,7,22,22,52,52,77,92,107,122,122,141,141,266,266,191,191,191,191,191,43,43,43,43,43,43,43,43,43,43],"floor_reached":33,"campfire_rested":1,"playtime":2999,"current_hp_per_floor":[68,67,66,65,64,63,35,35,35,35,35,35,35,35,35,29,52,36,31,26,15,8,8,21,21,21,21,21,21,21,21,21],"items_purged":["Injury"],"gold":43,"score":298,"play_id":"8467afb0-5713-4293-bd15-68280232f8c4","local_time":"20180310230453","daily_mods":["Shiny","Uncertain Future","Terminal"],"is_prod":false,"is_daily":true,"is_ascension_mode":false,"campfire_upgraded":5,"timestamp":1520751893,"path_taken":["M","M","?","$","M","R","E","R","T","?","M","M","?","M","R","BOSS","M","M","M","M","M","$","R","?","T","R","M","?","E","?","R","BOSS"],"build_version":"2018-03-09","purchased_purges":1,"victory":false,"master_deck":["Defend_G+1","Defend_G+1","Defend_G+1","Defend_G+1","Defend_G+1","Strike_G+1","Strike_G+1","Strike_G+1","Strike_G+1","Survivor","Neutralize","Die Die Die","Skewer+1","Blade Dance","Infinite Blades+1","Heel Hook","Backstab","Setup","Footwork","Cloak And Dagger","Envenom+1","Envenom","Accuracy","Riddle With Holes","Crippling Poison","Backflip","Acrobatics+1","Noxious Fumes+1","Bouncing Flask+1","Burst+1","Quick Slash"],"max_hp_per_floor":[68,67,66,65,64,63,62,61,60,59,58,57,56,55,54,53,52,51,50,49,48,47,46,45,44,43,42,41,40,39,38,37],"relics":["Ring of the Snake","Anchor","Art of War","Golden Idol","Ectoplasm","Mummified Hand","Snake Skull"],"card_choices":[{"not_picked":["Poisoned Stab","Backflip"],"picked":"Skewer"},{"not_picked":["Backflip","Acrobatics"],"picked":"Blade Dance"},{"not_picked":["Finisher","Acrobatics"],"picked":"Heel Hook"},{"not_picked":["Flying Knee","Adrenaline"],"picked":"Backstab"},{"not_picked":["Acrobatics","Poisoned Stab"],"picked":"Setup"},{"not_picked":["Underhanded Strike","Setup"],"picked":"Footwork"},{"not_picked":["Setup","Outmaneuver"],"picked":"Cloak And Dagger"},{"not_picked":["Terror","Deadly Poison"],"picked":"Envenom"},{"not_picked":["Night Terror","Tactician"],"picked":"Envenom"},{"not_picked":["Backflip","Flying Knee"],"picked":"Accuracy"},{"not_picked":["Deadly Poison","PiercingWail"],"picked":"Riddle With Holes"},{"not_picked":["Flying Knee","Reflex"],"picked":"Crippling Poison"},{"not_picked":["Escape Plan","Bane"],"picked":"Backflip"},{"not_picked":["Infinite Blades","Flying Knee"],"picked":"Acrobatics"},{"not_picked":["Choke","Caltrops"],"picked":"Bouncing Flask"},{"not_picked":["Dagger Throw","Poisoned Stab"],"picked":"Burst"},{"not_picked":["Outmaneuver","Blur"],"picked":"Quick Slash"}],"player_experience":76624,"potions_floor_usage":[7,16,16,20,21,22,33,33,33],"damage_taken":[{"damage":0,"enemies":"Cultist","floor":1,"turns":4},{"damage":0,"enemies":"2 Louse","floor":2,"turns":2},{"damage":0,"enemies":"Small Slimes","floor":5,"turns":2},{"damage":28,"enemies":"Gremlin Nob","floor":7,"turns":5},{"damage":0,"enemies":"Gremlin Gang","floor":10,"turns":3},{"damage":0,"enemies":"Exordium Wildlife","floor":11,"turns":3},{"damage":0,"enemies":"Blue Slaver","floor":12,"turns":3},{"damage":0,"enemies":"Looter","floor":14,"turns":2},{"damage":6,"enemies":"Slime Boss","floor":16,"turns":8},{"damage":16,"enemies":"2 Thieves","floor":18,"turns":5},{"damage":5,"enemies":"Spheric Guardian","floor":19,"turns":4},{"damage":5,"enemies":"Centurion and Healer","floor":20,"turns":5},{"damage":11,"enemies":"Snake Plant","floor":21,"turns":5},{"damage":7,"enemies":"3 Cultists","floor":22,"turns":5},{"damage":0,"enemies":"Centurion and Healer","floor":28,"turns":3},{"damage":0,"enemies":"Snake Plant","floor":29,"turns":3},{"damage":0,"enemies":"Book of Stabbing","floor":30,"turns":4},{"damage":36,"enemies":"Automaton","floor":33,"turns":6}],"event_choices":[{"event_name":"The Cleric","player_choice":"Card Removal","floor":3,"damage_taken":0},{"event_name":"Golden Idol","player_choice":"Take Wound","floor":13,"damage_taken":0},{"event_name":"Back to Basics","player_choice":"Simplicity","floor":25,"damage_taken":0},{"event_name":"Drug Dealer","player_choice":"Ignored","floor":31,"damage_taken":0}],"boss_relics":[{"not_picked":["Eternal Feather","Sozu"],"picked":"Ectoplasm"}],"potions_floor_spawned":[1,5,11,12,16,20,28,29,30],"seed_played":"4792185374842203756","killed_by":"Automaton","ascension_level":0,"is_trial":false}