{"gold_per_floor":[117,192,142,159,32,32,57,67,67,85,104,104,13,13,13,110,160,176,176,176,176,192,192,223,243,243,69,69],"floor_reached":28,"playtime":1364,"items_purged":[],"score":236,"play_id":"da6412e8-3eb9-4b36-8169-b96f00c637c5","local_time":"20181128114241","is_ascension_mode":false,"campfire_choices":[{"data":"Bash","floor":6.0,"key":"SMITH"},{"data":"Body Slam","floor":15.0,"key":"SMITH"},{"floor":23,"key":"RECALL"}],"neow_cost":"NONE","seed_source_timestamp":0,"circlet_count":0,"master_deck":["Strike_R","Strike_R","Strike_R+1","Strike_R","Defend_R","Defend_R","Defend_R","Defend_R","Bash+1","Dramatic Entrance","Dropkick","Iron Wave","Evolve","Wild Strike","Barricade+1","Body Slam+1","Rage","Armaments","Offering","Iron Wave","Body Slam+1","Necronomicurse","Clothesline","Entrench","Secret Weapon"],"special_seed":0,"relics":["Burning Blood","Frozen Egg 2","Champion Belt","Darkstone Periapt","Tiny House","Necronomicon","MutagenicStrength","Ornamental Fan","Ice Cream"],"potions_floor_usage":[18,24],"damage_taken":[{"damage":3.0,"enemies":"Jaw Worm","floor":1.0,"turns":4.0},{"damage":0.0,"enemies":"Small Slimes","floor":4.0,"turns":2.0},{"damage":32.0,"enemies":"Lagavulin","floor":7.0,"turns":7.0},{"damage":0.0,"enemies":"2 Louse","floor":8.0,"turns":2.0},{"damage":0.0,"enemies":"2 Fungi Beasts","floor":10.0,"turns":2.0},{"damage":8.0,"enemies":"3 Louse","floor":11.0,"turns":3.0},{"damage":24.0,"enemies":"Hexaghost","floor":16.0,"turns":10.0},{"damage":12,"enemies":"2 Thieves","floor":18,"turns":4},{"damage":6,"enemies":"3 Byrds","floor":22,"turns":6},{"damage":47,"enemies":"Slavers","floor":24,"turns":5},{"damage":21,"enemies":"Centurion and Healer","floor":25,"turns":7},{"damage":14,"enemies":"Shelled Parasite and Fungi","floor":28,"turns":3}],"seed_played":"-7563689528272883928","potions_obtained":[{"floor":4.0,"key":"Weak Potion"},{"floor":10.0,"key":"GamblersBrew"},{"floor":17.0,"key":"Fire Potion"},{"floor":22,"key":"SpeedPotion"},{"floor":25,"key":"GamblersBrew"}],"is_trial":false,"path_per_floor":["M","?","?","M","$","R","E","M","T","M","M","T","$","?","R","B",null,"M","?","?","?","M","R","E","M","T","$","M"],"character_chosen":"IRONCLAD","items_purchased":["Evolve","Wild Strike","Rage","Armaments","Secret Weapon"],"campfire_rested":0,"item_purchase_floors":[5,5,13,13,27],"current_hp_per_floor":[80,69,69,75,75,75,49,55,55,61,59,59,59,56,56,38,85,79,79,69,69,69,69,28,13,13,13,0],"gold":69,"neow_bonus":"RANDOM_COLORLESS","is_prod":false,"is_daily":false,"chose_seed":false,"campfire_upgraded":2,"win_rate":0,"timestamp":1543434161,"path_taken":["M","?","?","M","$","R","E","M","T","M","M","?","?","?","R","BOSS","M","?","?","?","M","R","E","M","T","$","?"],"build_version":"2018-11-15","purchased_purges":0,"victory":false,"max_hp_per_floor":[80,80,80,80,80,80,80,80,80,80,80,80,80,80,80,80,85,85,85,91,91,91,91,91,91,91,91,91],"card_choices":[{"not_picked":["Wild Strike","Havoc"],"picked":"Dropkick","floor":1.0},{"not_picked":["Inflame","Havoc"],"picked":"Iron Wave","floor":4.0},{"not_picked":["Havoc","Flex","Twin Strike"],"picked":"SKIP","floor":7.0},{"not_picked":["Flex","Havoc","Shockwave"],"picked":"SKIP","floor":8.0},{"not_picked":["Infernal Blade","Havoc"],"picked":"Barricade+1","floor":10.0},{"not_picked":["Inflame+1","Clash"],"picked":"Body Slam","floor":11.0},{"not_picked":["Dark Embrace+1","Berserk+1"],"picked":"Offering","floor":16.0},{"not_picked":["Clothesline","Combust+1"],"picked":"Iron Wave","floor":17.0},{"not_picked":["Rupture+1","Havoc"],"picked":"Body Slam+1","floor":18},{"not_picked":["Headbutt","Twin Strike"],"picked":"Clothesline","floor":22},{"not_picked":["Intimidate","Perfected Strike","Clothesline"],"picked":"SKIP","floor":24},{"not_picked":["Disarm","Clash"],"picked":"Entrench","floor":25}],"player_experience":370825,"relics_obtained":[{"floor":7.0,"key":"Frozen Egg 2"},{"floor":12.0,"key":"Champion Belt"},{"floor":20,"key":"Necronomicon"},{"floor":24,"key":"Ornamental Fan"},{"floor":26,"key":"Ice Cream"}],"event_choices":[{"damage_healed":0.0,"max_hp_gain":0.0,"max_hp_loss":0.0,"gold_gain":75.0,"event_name":"World of Goop","player_choice":"Gather Gold","floor":2.0,"gold_loss":0.0,"damage_taken":11.0},{"cards_removed":["Strike_R"],"damage_healed":0.0,"max_hp_gain":0.0,"max_hp_loss":0.0,"gold_gain":0.0,"event_name":"The Cleric","player_choice":"Card Removal","floor":3.0,"gold_loss":50.0,"damage_taken":0.0},{"damage_healed":0.0,"max_hp_gain":0.0,"max_hp_loss":0.0,"gold_gain":0.0,"event_name":"Scrap Ooze","player_choice":"Success","floor":14.0,"gold_loss":0.0,"damage_taken":3.0,"relics_obtained":["Darkstone Periapt"]},{"damage_healed":0,"gold_gain":0,"player_choice":"Ignored","damage_taken":0,"max_hp_gain":0,"max_hp_loss":0,"event_name":"Vampires","floor":19,"gold_loss":0},{"damage_healed":0,"gold_gain":0,"player_choice":"Obtained Book","damage_taken":16,"max_hp_gain":0,"max_hp_loss":0,"event_name":"Cursed Tome","floor":20,"gold_loss":0},{"damage_healed":0,"gold_gain":0,"player_choice":"Inject Mutagens","damage_taken":0,"relics_obtained":["MutagenicStrength"],"max_hp_gain":0,"max_hp_loss":0,"event_name":"Drug Dealer","floor":21,"gold_loss":0}],"is_beta":false,"boss_relics":[{"not_picked":["Calling Bell","Orrery"],"picked":"Tiny House"}],"items_purged_floors":[],"is_endless":false,"potions_floor_spawned":[4,10,22,25],"killed_by":"Shelled Parasite and Fungi","ascension_level":0}