{"gold_per_floor":[119,138,38,38,38,38,71,71,71,71,71,83,94,106,106,207,207,226,239,338,338,349,379,394,394,445,445,445,73,73,83,83,187,187,198,198,252,252,42,42,0,0,27,41,41,41,58,69,69,69],"floor_reached":51,"playtime":5127,"items_purged":["Defend_G","Strike_G","Strike_G"],"score":613,"play_id":"1a66916a-c111-46a0-8aa4-fad1218f2399","local_time":"20190328003245","is_ascension_mode":false,"campfire_choices":[{"data":"Neutralize","floor":6,"key":"SMITH"},{"floor":8,"key":"REST"},{"data":"Dagger Spray","floor":11,"key":"SMITH"},{"data":"Survivor","floor":15,"key":"SMITH"},{"floor":25,"key":"REST"},{"floor":27,"key":"REST"},{"data":"Blade Dance","floor":30,"key":"SMITH"},{"data":"Phantasmal Killer","floor":32,"key":"SMITH"},{"floor":40,"key":"REST"},{"data":"Madness","floor":42,"key":"SMITH"},{"data":"Madness","floor":45,"key":"SMITH"},{"floor":49,"key":"REST"}],"neow_cost":"NONE","seed_source_timestamp":336461735777547,"circlet_count":0,"master_deck":["Defend_G","Defend_G","Defend_G","Strike_G","Strike_G","Survivor+1","Neutralize+1","Calculated Gamble","Dagger Spray+1","Prepared","Unload+1","Predator+1","Flying Knee+1","Riddle With Holes+1","Dagger Throw+1","Underhanded Strike+1","Phantasmal Killer+1","Underhanded Strike+1","Predator+1","Finisher+1","Reflex+1","Endless Agony+1","Blade Dance+1","Swift Strike+1","Adrenaline","Acrobatics+1","Madness+1","Madness+1","Underhanded Strike+1","Dark Shackles","Prepared","Backstab+1"],"relics":["Ring of the Snake","Molten Egg 2","Orichalcum","Gremlin Horn","Paper Crane","Snake Skull","Shuriken","PreservedInsect","Philosopher\u0027s Stone","Nunchaku","Red Mask","Blood Vial"],"potions_floor_usage":[7,33,33,50,50,50],"damage_taken":[{"damage":1,"enemies":"Cultist","floor":1,"turns":4},{"damage":3,"enemies":"2 Louse","floor":2,"turns":3},{"damage":29,"enemies":"3 Sentries","floor":7,"turns":6},{"damage":0,"enemies":"Small Slimes","floor":12,"turns":2},{"damage":3,"enemies":"Blue Slaver","floor":13,"turns":2},{"damage":4,"enemies":"Looter","floor":14,"turns":2},{"damage":16,"enemies":"Slime Boss","floor":16,"turns":6},{"damage":12,"enemies":"Spheric Guardian","floor":18,"turns":4},{"damage":0,"enemies":"Chosen","floor":19,"turns":4},{"damage":0,"enemies":"3 Cultists","floor":22,"turns":3},{"damage":42,"enemies":"Gremlin Leader","floor":23,"turns":5},{"damage":3,"enemies":"Snecko","floor":24,"turns":3},{"damage":6,"enemies":"Shelled Parasite and Fungi","floor":31,"turns":2},{"damage":42,"enemies":"Champ","floor":33,"turns":8},{"damage":15,"enemies":"3 Shapes","floor":35,"turns":1},{"damage":10,"enemies":"2 Orb Walkers","floor":37,"turns":2},{"damage":0,"enemies":"Orb Walker","floor":44,"turns":1},{"damage":1,"enemies":"3 Darklings","floor":47,"turns":2},{"damage":12,"enemies":"Writhing Mass","floor":48,"turns":3},{"damage":38,"enemies":"Awakened One","floor":50,"turns":6}],"seed_played":"-124568125684760078","potions_obtained":[{"floor":1,"key":"LiquidBronze"},{"floor":14,"key":"Energy Potion"},{"floor":19,"key":"SpeedPotion"},{"floor":22,"key":"LiquidBronze"},{"floor":23,"key":"Poison Potion"},{"floor":35,"key":"Poison Potion"},{"floor":44,"key":"LiquidBronze"},{"floor":47,"key":"Strength Potion"}],"is_trial":false,"path_per_floor":["M","M","$","T","?","R","E","R","T","?","R","M","M","M","R","B",null,"M","M","?","?","M","E","M","R","T","R","T","$","R","M","R","B",null,"M","?","?","?","$","R","?","R","T","M","R","$","M","M","R","B",null],"character_chosen":"THE_SILENT","items_purchased":["Prepared","PreservedInsect","Blade Dance","Swift Strike+1","Dark Shackles"],"campfire_rested":5,"item_purchase_floors":[3,29,29,29,39],"current_hp_per_floor":[76,73,73,73,66,66,37,60,60,60,60,60,57,53,53,37,77,65,65,65,65,65,23,20,43,43,66,66,66,66,60,60,18,77,62,52,42,42,42,65,65,65,65,67,67,67,68,58,77,39],"gold":69,"neow_bonus":"TEN_PERCENT_HP_BONUS","is_prod":false,"is_daily":false,"chose_seed":false,"campfire_upgraded":7,"win_rate":0.0,"timestamp":1553747565,"path_taken":["M","?","$","?","?","R","E","R","T","?","R","M","M","M","R","BOSS","M","M","?","?","?","E","M","R","T","R","?","$","R","M","R","BOSS","M","?","?","?","$","R","?","R","T","M","R","$","M","?","R","BOSS"],"build_version":"2019-01-23","purchased_purges":3,"victory":true,"max_hp_per_floor":[77,77,77,77,77,77,77,77,77,77,77,77,77,77,77,77,77,77,77,77,77,77,77,77,77,77,77,77,77,77,77,77,77,77,77,77,77,77,77,77,77,77,77,77,77,77,77,77,77,77],"card_choices":[{"not_picked":["Quick Slash","Backflip"],"picked":"Calculated Gamble","floor":1},{"not_picked":["PiercingWail","Prepared"],"picked":"Dagger Spray","floor":2},{"not_picked":["Deadly Poison","Deflect"],"picked":"Unload+1","floor":7},{"not_picked":["Blur","Acrobatics"],"picked":"Flying Knee+1","floor":12},{"not_picked":["Deadly Poison","Backflip"],"picked":"Riddle With Holes+1","floor":13},{"not_picked":["Blade Dance","Deflect"],"picked":"Dagger Throw+1","floor":14},{"not_picked":["Tools of the Trade","Burst"],"picked":"Wraith Form v2","floor":16},{"not_picked":["Backflip","Reflex+1"],"picked":"Underhanded Strike+1","floor":18},{"not_picked":["Heel Hook+1","Blade Dance"],"picked":"Phantasmal Killer","floor":19},{"not_picked":["Blade Dance+1","Slice+1"],"picked":"Finisher+1","floor":22},{"not_picked":["Tactician","Predator+1"],"picked":"Reflex+1","floor":23},{"not_picked":["Deadly Poison","Noxious Fumes"],"picked":"Endless Agony+1","floor":24},{"not_picked":["PiercingWail+1","Flechettes+1","Deadly Poison"],"picked":"SKIP","floor":31},{"not_picked":["Wraith Form v2","Night Terror"],"picked":"Adrenaline","floor":33},{"not_picked":["Blade Dance","Prepared+1"],"picked":"Acrobatics+1","floor":35},{"not_picked":["Deadly Poison","Skewer+1"],"picked":"Underhanded Strike+1","floor":37},{"not_picked":["Dash+1","Glass Knife+1","Quick Slash+1"],"picked":"SKIP","floor":44},{"not_picked":["Flying Knee+1","Poisoned Stab+1"],"picked":"Prepared","floor":47},{"not_picked":["Noxious Fumes","Deflect+1"],"picked":"Backstab+1","floor":48}],"player_experience":9971,"relics_obtained":[{"floor":4,"key":"Molten Egg 2"},{"floor":7,"key":"Orichalcum"},{"floor":9,"key":"Gremlin Horn"},{"floor":23,"key":"Paper Crane"},{"floor":26,"key":"Snake Skull"},{"floor":28,"key":"Shuriken"},{"floor":37,"key":"Nunchaku"},{"floor":43,"key":"Blood Vial"}],"event_choices":[{"cards_removed":["Defend_G"],"damage_healed":0,"gold_gain":0,"player_choice":"Card Removal","damage_taken":7,"max_hp_gain":0,"max_hp_loss":0,"event_name":"Golden Wing","floor":5,"gold_loss":0},{"damage_healed":0,"gold_gain":0,"cards_transformed":["Strike_G"],"player_choice":"Change","damage_taken":0,"max_hp_gain":0,"max_hp_loss":0,"event_name":"Living Wall","floor":10,"gold_loss":0,"cards_obtained":["Predator"]},{"damage_healed":0,"gold_gain":99,"player_choice":"Stole From Cult","damage_taken":0,"max_hp_gain":0,"max_hp_loss":0,"event_name":"Nest","floor":20,"gold_loss":0},{"damage_healed":0,"gold_gain":0,"player_choice":"2 cards matched","damage_taken":0,"max_hp_gain":0,"max_hp_loss":0,"event_name":"Match and Keep!","floor":21,"gold_loss":0,"cards_obtained":["Underhanded Strike","Predator"]},{"damage_healed":0,"gold_gain":0,"player_choice":"Embrace Madness","damage_taken":10,"max_hp_gain":0,"max_hp_loss":0,"event_name":"Winding Halls","floor":36,"gold_loss":0,"cards_obtained":["Madness","Madness"]},{"damage_healed":0,"gold_gain":0,"player_choice":"Fight","damage_taken":0,"max_hp_gain":0,"max_hp_loss":0,"event_name":"Mysterious Sphere","floor":37,"gold_loss":0},{"cards_removed":["Wraith Form v2"],"damage_healed":0,"gold_gain":0,"player_choice":"Removed Power","damage_taken":0,"max_hp_gain":0,"max_hp_loss":0,"event_name":"Falling","floor":38,"gold_loss":0},{"damage_healed":0,"gold_gain":0,"player_choice":"Paid","damage_taken":0,"relics_obtained":["Red Mask"],"max_hp_gain":0,"max_hp_loss":0,"event_name":"Tomb of Lord Red Mask","floor":41,"gold_loss":42}],"is_beta":false,"boss_relics":[{"not_picked":["Coffee Dripper","Velvet Choker","Snecko Eye"]},{"not_picked":["Runic Pyramid","Astrolabe"],"picked":"Philosopher\u0027s Stone"}],"items_purged_floors":[3,29,39],"is_endless":false,"potions_floor_spawned":[1,14,19,22,23,35,44,47],"ascension_level":0}