{"gold_per_floor":[114,114,2,18,18,51,63,63,63,73,26,42,59,59,59,155,155,173,184,194,194,211,211,211,211,211,227,244,263,278,310,310,406,406,420,29,40,57,70,95,195,295,295,305,305,323,358,374,374,374],"floor_reached":51,"playtime":4542,"items_purged":["Strike_B"],"score":737,"play_id":"94539191-d31c-4399-9ef2-11ca1aef4cf0","local_time":"20190429153307","is_ascension_mode":false,"campfire_choices":[{"data":"Redo","floor":8.0,"key":"SMITH"},{"data":"Zap","floor":15.0,"key":"SMITH"},{"data":"Coolheaded","floor":23,"key":"SMITH"},{"data":"FTL","floor":25,"key":"SMITH"},{"data":"Finesse","floor":32,"key":"SMITH"},{"floor":45,"key":"RECALL"},{"data":"Parasite","floor":49,"key":"PURGE"}],"neow_cost":"NONE","seed_source_timestamp":0,"circlet_count":0,"master_deck":["Strike_B+1","Strike_B","Defend_B","Defend_B","Defend_B+1","Defend_B","Zap+1","Dualcast+1","Coolheaded+1","Finesse+1","Streamline+1","Redo+1","Rebound","Gash","Go for the Eyes","Gash","FTL+1","Core Surge","Gash+1","Conserve Battery+1","Go for the Eyes+1","Gash","Biased Cognition","Finesse","Gash+1","Madness"],"special_seed":0,"relics":["FrozenCore","Smiling Mask","Meat on the Bone","Mercury Hourglass","Nilry\u0027s Codex","Whetstone","Centennial Puzzle","Darkstone Periapt","PrismaticShard","Incense Burner","Peace Pipe","Happy Flower","Omamori"],"potions_floor_usage":[31,31,33,39,50,50,50],"damage_taken":[{"damage":9.0,"enemies":"Jaw Worm","floor":1.0,"turns":4.0},{"damage":0.0,"enemies":"Small Slimes","floor":4.0,"turns":3.0},{"damage":13.0,"enemies":"3 Sentries","floor":6.0,"turns":8.0},{"damage":0.0,"enemies":"Cultist","floor":7.0,"turns":2.0},{"damage":3.0,"enemies":"Lots of Slimes","floor":10.0,"turns":2.0},{"damage":3.0,"enemies":"Gremlin Gang","floor":12.0,"turns":3.0},{"damage":0.0,"enemies":"Blue Slaver","floor":13.0,"turns":2.0},{"damage":22.0,"enemies":"Hexaghost","floor":16.0,"turns":8.0},{"damage":11,"enemies":"2 Thieves","floor":18,"turns":4},{"damage":0,"enemies":"3 Byrds","floor":19,"turns":4},{"damage":14,"enemies":"Shelled Parasite and Fungi","floor":20,"turns":6},{"damage":0,"enemies":"Snecko","floor":22,"turns":4},{"damage":6,"enemies":"Snake Plant","floor":27,"turns":3},{"damage":0,"enemies":"Centurion and Healer","floor":28,"turns":4},{"damage":0,"enemies":"Cultist and Chosen","floor":29,"turns":4},{"damage":11,"enemies":"Snake Plant","floor":30,"turns":4},{"damage":9,"enemies":"Book of Stabbing","floor":31,"turns":4},{"damage":28,"enemies":"Collector","floor":33,"turns":8},{"damage":2,"enemies":"3 Darklings","floor":35,"turns":8},{"damage":7,"enemies":"3 Shapes","floor":37,"turns":4},{"damage":10,"enemies":"Maw","floor":38,"turns":8},{"damage":0,"enemies":"Writhing Mass","floor":39,"turns":8},{"damage":26,"enemies":"Reptomancer","floor":40,"turns":7},{"damage":1,"enemies":"Mind Bloom Boss Battle","floor":41,"turns":8},{"damage":0,"enemies":"Transient","floor":44,"turns":5},{"damage":4,"enemies":"3 Darklings","floor":46,"turns":6},{"damage":10,"enemies":"Nemesis","floor":47,"turns":5},{"damage":19,"enemies":"Maw","floor":48,"turns":9},{"damage":35,"enemies":"Donu and Deca","floor":50,"turns":10}],"seed_played":"-3076489081251458662","potions_obtained":[{"floor":1.0,"key":"EssenceOfSteel"},{"floor":5.0,"key":"FocusPotion"},{"floor":5.0,"key":"Strength Potion"},{"floor":6.0,"key":"Strength Potion"},{"floor":12.0,"key":"AttackPotion"},{"floor":16.0,"key":"Weak Potion"},{"floor":20,"key":"Block Potion"},{"floor":27,"key":"EssenceOfSteel"},{"floor":29,"key":"Strength Potion"},{"floor":30,"key":"Regen Potion"},{"floor":31,"key":"Dexterity Potion"},{"floor":39,"key":"Fruit Juice"},{"floor":41,"key":"AttackPotion"}],"is_trial":false,"path_per_floor":["M","?","$","M","?","E","M","R","T","M","$","M","M","?","R","B",null,"M","M","M","?","M","R","T","R","T","M","M","M","M","E","R","B",null,"M","$","M","M","M","E","?","?","T","M","R","M","E","M","R","B",null],"character_chosen":"DEFECT","items_purchased":["Finesse","Streamline","Go for the Eyes","Finesse","PrismaticShard","Strength Potion"],"campfire_rested":0,"item_purchase_floors":[3,3,11,36,36,36],"current_hp_per_floor":[66,51,51,51,51,38,38,38,38,47,47,44,44,44,44,34,75,64,64,50,34,46,46,46,46,46,40,40,40,41,44,44,28,75,73,73,66,56,67,53,52,52,52,52,52,48,50,43,43,20],"gold":374,"neow_bonus":"RANDOM_COMMON_RELIC","is_prod":false,"is_daily":false,"chose_seed":false,"campfire_upgraded":5,"win_rate":0,"timestamp":1556577187,"path_taken":["M","?","$","M","?","E","M","R","T","?","?","?","M","?","R","BOSS","M","?","?","?","M","R","?","R","T","M","?","M","M","E","R","BOSS","M","$","M","?","?","E","?","?","T","M","R","?","E","M","R","BOSS"],"build_version":"2019-01-23","purchased_purges":1,"victory":true,"max_hp_per_floor":[75,75,75,75,75,75,75,75,75,75,75,75,75,75,75,75,75,75,75,75,75,75,75,75,75,75,75,75,75,75,75,75,75,75,75,75,75,75,86,86,86,86,86,86,86,86,86,86,83,83],"card_choices":[{"not_picked":["Lockon","Undo"],"picked":"Coolheaded","floor":1.0},{"not_picked":["Ball Lightning","Compile Driver"],"picked":"Redo","floor":4.0},{"not_picked":["Cold Snap","Blizzard"],"picked":"Rebound","floor":6.0},{"not_picked":["Redo","Self Repair"],"picked":"Gash","floor":7.0},{"not_picked":["Cold Snap","Barrage","Rebound"],"picked":"SKIP","floor":10.0},{"not_picked":["Skim","Cold Snap"],"picked":"Gash","floor":12.0},{"not_picked":["Darkness","Barrage"],"picked":"FTL","floor":13.0},{"not_picked":["Echo Form","Rainbow"],"picked":"Core Surge","floor":16.0},{"not_picked":["Beam Cell","Barrage"],"picked":"Gash+1","floor":18},{"not_picked":["Conserve Battery","Lockon","Chill"],"picked":"SKIP","floor":19},{"not_picked":["Defragment","Chill","Steam Power"],"picked":"SKIP","floor":20},{"not_picked":["Rip and Tear","Streamline","Ball Lightning"],"picked":"SKIP","floor":22},{"not_picked":["Turbo+1","Streamline+1"],"picked":"Conserve Battery+1","floor":27},{"not_picked":["Glacier+1","Streamline","Stack+1"],"picked":"SKIP","floor":28},{"not_picked":["Sweeping Beam","Reprogram+1"],"picked":"Go for the Eyes+1","floor":29},{"not_picked":["Rip and Tear+1","Hello World"],"picked":"Gash","floor":30},{"not_picked":["Coolheaded","Streamline","Hyperbeam"],"picked":"SKIP","floor":31},{"not_picked":["Echo Form","Amplify"],"picked":"Biased Cognition","floor":33},{"not_picked":["Go for the Eyes","Conserve Battery+1","Undo"],"picked":"SKIP","floor":35},{"not_picked":["True Grit","Noxious Fumes+1","Perfected Strike+1"],"picked":"SKIP","floor":37},{"not_picked":["BootSequence","Bloodletting+1","Ball Lightning+1"],"picked":"SKIP","floor":38},{"not_picked":["Recycle","Perfected Strike+1"],"picked":"Gash+1","floor":39},{"not_picked":["Quick Slash","Backflip","Grand Finale"],"picked":"SKIP","floor":40},{"not_picked":["Purity","Deadly Poison","Evolve"],"picked":"SKIP","floor":44},{"not_picked":["Blade Dance+1","Bane","Fire Breathing+1"],"picked":"SKIP","floor":46},{"not_picked":["Corruption+1","Sadistic Nature","Distraction"],"picked":"SKIP","floor":47},{"not_picked":["Anger+1","Accuracy"],"picked":"Madness","floor":48}],"player_experience":481282,"relics_obtained":[{"floor":6.0,"key":"Meat on the Bone"},{"floor":9.0,"key":"Mercury Hourglass"},{"floor":21,"key":"Nilry\u0027s Codex"},{"floor":24,"key":"Whetstone"},{"floor":26,"key":"Centennial Puzzle"},{"floor":31,"key":"Darkstone Periapt"},{"floor":40,"key":"Incense Burner"},{"floor":41,"key":"Peace Pipe"},{"floor":43,"key":"Happy Flower"},{"floor":47,"key":"Omamori"}],"event_choices":[{"damage_healed":0.0,"max_hp_gain":0.0,"max_hp_loss":0.0,"gold_gain":0.0,"event_name":"Shining Light","player_choice":"Entered Light","floor":2.0,"gold_loss":0.0,"damage_taken":15.0,"cards_upgraded":["Dualcast","Defend_B"]},{"damage_healed":0.0,"max_hp_gain":0.0,"max_hp_loss":0.0,"gold_gain":0.0,"event_name":"Lab","player_choice":"Got Potions","floor":5.0,"gold_loss":0.0,"damage_taken":0.0},{"cards_removed":["Strike_B"],"damage_healed":0.0,"max_hp_gain":0.0,"max_hp_loss":0.0,"gold_gain":0.0,"event_name":"Purifier","player_choice":"Purged","floor":14.0,"gold_loss":0.0,"damage_taken":0.0},{"damage_healed":0,"gold_gain":0,"player_choice":"Obtained Book","damage_taken":16,"max_hp_gain":0,"max_hp_loss":0,"event_name":"Cursed Tome","floor":21,"gold_loss":0},{"damage_healed":0,"gold_gain":0,"player_choice":"Fight","damage_taken":0,"max_hp_gain":0,"max_hp_loss":0,"event_name":"MindBloom","floor":41,"gold_loss":0},{"damage_healed":0,"gold_gain":100,"player_choice":"Pray","damage_taken":0,"max_hp_gain":0,"max_hp_loss":0,"event_name":"Golden Shrine","floor":42,"gold_loss":0}],"is_beta":false,"boss_relics":[{"not_picked":["Runic Pyramid","Sozu"],"picked":"FrozenCore"},{"not_picked":["Cursed Key","Pandora\u0027s Box","Busted Crown"]}],"items_purged_floors":[36],"is_endless":false,"potions_floor_spawned":[1,6,12,16,20,27,29,30,31,39,41,44,46,47],"ascension_level":0}