{"gold_per_floor":[117,137,137,148,113,113,141,141,166,180,180,245,145,164,164,235,235,255,255,255,255,280,308,308,323,323,113,143,159,191,32,32,103,103,120,342,356,369,389,417,429,455,480,480,480,480,532,548,548,548,548,548,548,18,49,49],"floor_reached":56,"playtime":2715,"items_purged":["Strike_R","Writhe"],"score":2076,"play_id":"71285a54-1864-487f-aef8-b105652b691a","local_time":"20190208173134","is_ascension_mode":true,"campfire_choices":[{"data":"Corruption","floor":6.0,"key":"SMITH"},{"floor":8.0,"key":"REST"},{"data":"Immolate","floor":15.0,"key":"SMITH"},{"data":"RitualDagger","floor":24.0,"key":"SMITH"},{"floor":32.0,"key":"REST"},{"floor":44.0,"key":"RECALL"},{"data":"Shockwave","floor":49.0,"key":"SMITH"},{"data":"Feel No Pain","floor":53.0,"key":"SMITH"}],"neow_cost":"NONE","seed_source_timestamp":0,"circlet_count":0,"master_deck":["AscendersBane","Strike_R","Strike_R","Strike_R","Defend_R","Defend_R","Defend_R","Defend_R","Bash","Corruption+1","Shrug It Off","Shockwave+1","Immolate+1","Cleave","Pommel Strike","Pommel Strike","Impervious","Flex","Uppercut","RitualDagger+1","Shrug It Off+1","Perfected Strike","Infernal Blade","Flex","Disarm","Shrug It Off","Impervious","Pummel","Second Wind+1","Dropkick","Secret Weapon","Feel No Pain+1","Magnetism"],"special_seed":0,"relics":["Burning Blood","Art of War","Matryoshka","Sundial","Juzu Bracelet","Runic Pyramid","Omamori","Red Mask","Mango","Lantern","Paper Frog","Strange Spoon","FossilizedHelix","Self Forming Clay","Mark of Pain","Question Card","Letter Opener","Molten Egg 2","StoneCalendar","Charon\u0027s Ashes","Bottled Tornado"],"potions_floor_usage":[56],"damage_taken":[{"damage":12.0,"enemies":"Cultist","floor":1.0,"turns":4.0},{"damage":7.0,"enemies":"Jaw Worm","floor":2.0,"turns":4.0},{"damage":13.0,"enemies":"Small Slimes","floor":4.0,"turns":5.0},{"damage":49.0,"enemies":"Lagavulin","floor":7.0,"turns":9.0},{"damage":4.0,"enemies":"2 Fungi Beasts","floor":10.0,"turns":3.0},{"damage":0.0,"enemies":"Looter","floor":14.0,"turns":2.0},{"damage":21.0,"enemies":"Slime Boss","floor":16.0,"turns":7.0},{"damage":15.0,"enemies":"Spheric Guardian","floor":18.0,"turns":5.0},{"damage":10.0,"enemies":"Masked Bandits","floor":22.0,"turns":3.0},{"damage":21.0,"enemies":"Slavers","floor":23.0,"turns":4.0},{"damage":1.0,"enemies":"Chosen","floor":25.0,"turns":5.0},{"damage":0.0,"enemies":"Gremlin Leader","floor":28.0,"turns":5.0},{"damage":8.0,"enemies":"Snake Plant","floor":29.0,"turns":4.0},{"damage":14.0,"enemies":"Book of Stabbing","floor":30.0,"turns":6.0},{"damage":51.0,"enemies":"Collector","floor":33.0,"turns":10.0},{"damage":0.0,"enemies":"3 Darklings","floor":35.0,"turns":5.0},{"damage":0.0,"enemies":"Orb Walker","floor":37.0,"turns":2.0},{"damage":7.0,"enemies":"3 Darklings","floor":38.0,"turns":4.0},{"damage":8.0,"enemies":"Transient","floor":39.0,"turns":6.0},{"damage":0.0,"enemies":"Giant Head","floor":40.0,"turns":6.0},{"damage":9.0,"enemies":"Jaw Worm Horde","floor":41.0,"turns":2.0},{"damage":4.0,"enemies":"Reptomancer","floor":42.0,"turns":6.0},{"damage":0.0,"enemies":"2 Orb Walkers","floor":47.0,"turns":4.0},{"damage":15.0,"enemies":"3 Darklings","floor":48.0,"turns":4.0},{"damage":22.0,"enemies":"Time Eater","floor":50.0,"turns":8.0},{"damage":26.0,"enemies":"Awakened One","floor":51.0,"turns":14.0},{"damage":12.0,"enemies":"Shield and Spear","floor":55.0,"turns":6.0},{"damage":66,"enemies":"The Heart","floor":56,"turns":9}],"seed_played":"123414701812309440","potions_obtained":[{"floor":4.0,"key":"SpeedPotion"},{"floor":7.0,"key":"Weak Potion"},{"floor":14.0,"key":"Fire Potion"},{"floor":16.0,"key":"Weak Potion"},{"floor":39.0,"key":"Ancient Potion"},{"floor":47.0,"key":"Dexterity Potion"}],"is_trial":false,"path_per_floor":["M","M","?","M","?","R","E","R","T","M","?","?","$","M","R","B",null,"M","?","?","?","?","E","R","M","T","$","E","M","E","$","R","B",null,"M","?","M","M","M","E","M","E","T","R","?","?","?","M","R","B","B",null,"R","$","E","B"],"character_chosen":"IRONCLAD","items_purchased":["Pommel Strike","Strange Spoon","Shrug It Off","Charon\u0027s Ashes","Magnetism"],"campfire_rested":2,"item_purchase_floors":[13,27,31,54,54],"current_hp_per_floor":[69,68,42,35,55,55,12,36,36,38,38,38,38,44,44,29,69,60,60,54,54,50,49,49,54,54,54,60,58,50,50,78,33,80,86,86,92,91,89,95,92,94,94,94,94,94,96,87,87,71,51,85,85,85,79,13],"gold":49,"neow_bonus":"TEN_PERCENT_HP_BONUS","is_prod":false,"is_daily":false,"chose_seed":false,"campfire_upgraded":5,"win_rate":0,"timestamp":1549647094,"path_taken":["M","M","?","M","?","R","E","R","T","M","?","?","$","M","R","BOSS","M","?","?","?","?","E","R","M","T","?","E","M","E","?","R","BOSS","M","?","M","M","M","E","M","E","T","R","?","?","?","M","R","BOSS","BOSS","R","$","E","BOSS"],"build_version":"2019-01-23","purchased_purges":2,"victory":false,"max_hp_per_floor":[82,82,82,82,82,82,82,82,82,82,82,82,82,82,82,82,82,82,82,82,82,82,96,96,96,96,96,96,96,96,96,96,96,96,96,96,96,96,96,96,96,96,96,96,96,96,96,96,96,96,96,96,96,96,96,96],"card_choices":[{"not_picked":["Clash","Reckless Charge"],"picked":"Corruption","floor":1.0},{"not_picked":["Perfected Strike","Clash"],"picked":"Shrug It Off","floor":2.0},{"not_picked":["True Grit","Flex"],"picked":"Shockwave","floor":4.0},{"not_picked":["Perfected Strike","Inflame"],"picked":"Immolate","floor":7.0},{"not_picked":["Dual Wield","Body Slam"],"picked":"Cleave","floor":10.0},{"not_picked":["True Grit","Perfected Strike"],"picked":"Pommel Strike","floor":14.0},{"not_picked":["Limit Break","Exhume"],"picked":"Impervious","floor":16.0},{"not_picked":["Armaments","Searing Blow"],"picked":"Flex","floor":18.0},{"not_picked":["Seeing Red","Sword Boomerang"],"picked":"Shrug It Off+1","floor":22.0},{"not_picked":["Heavy Blade","Wild Strike+1"],"picked":"Perfected Strike","floor":23.0},{"not_picked":["Hemokinesis","Havoc"],"picked":"Infernal Blade","floor":25.0},{"not_picked":["Cleave","Anger"],"picked":"Flex","floor":28.0},{"not_picked":["Pommel Strike","Intimidate"],"picked":"Disarm","floor":29.0},{"not_picked":["Thunderclap","Immolate","Cleave"],"picked":"SKIP","floor":30.0},{"not_picked":["Reaper","Berserk"],"picked":"Impervious","floor":33.0},{"not_picked":["Anger","Uppercut"],"picked":"Pummel","floor":35.0},{"not_picked":["Wild Strike+1","Havoc","Armaments"],"picked":"SKIP","floor":37.0},{"not_picked":["Anger+1","Iron Wave"],"picked":"Second Wind+1","floor":38.0},{"not_picked":["Dual Wield","Anger","Clothesline"],"picked":"SKIP","floor":39.0},{"not_picked":["Iron Wave","Sever Soul","Heavy Blade"],"picked":"SKIP","floor":40.0},{"not_picked":["Seeing Red","Feel No Pain","Limit Break"],"picked":"Dropkick","floor":41.0},{"not_picked":["Second Wind","Headbutt","Heavy Blade","Clothesline"],"picked":"SKIP","floor":42.0},{"not_picked":["Deep Breath","Swift Strike+1","Panache"],"picked":"Secret Weapon","floor":46.0},{"not_picked":["Pummel+1","Clothesline+1","Headbutt+1"],"picked":"Feel No Pain","floor":47.0},{"not_picked":["Thunderclap+1","Warcry","Cleave+1","Body Slam+1"],"picked":"SKIP","floor":48.0},{"not_picked":["Heavy Blade+1","Sever Soul+1","Wild Strike+1","Perfected Strike+1"],"picked":"SKIP","floor":55.0}],"player_experience":1188423,"relics_obtained":[{"floor":7.0,"key":"Matryoshka"},{"floor":9.0,"key":"Sundial"},{"floor":9.0,"key":"Juzu Bracelet"},{"floor":22.0,"key":"Red Mask"},{"floor":23.0,"key":"Mango"},{"floor":26.0,"key":"Lantern"},{"floor":26.0,"key":"Paper Frog"},{"floor":28.0,"key":"FossilizedHelix"},{"floor":30.0,"key":"Self Forming Clay"},{"floor":40.0,"key":"Question Card"},{"floor":42.0,"key":"Letter Opener"},{"floor":47.0,"key":"StoneCalendar"},{"floor":55.0,"key":"Bottled Tornado"}],"event_choices":[{"damage_healed":0.0,"max_hp_gain":0.0,"max_hp_loss":0.0,"gold_gain":0.0,"event_name":"Scrap Ooze","player_choice":"Success","floor":3.0,"gold_loss":0.0,"damage_taken":26.0,"relics_obtained":["Art of War"]},{"damage_healed":20.0,"max_hp_gain":0.0,"max_hp_loss":0.0,"gold_gain":0.0,"event_name":"The Cleric","player_choice":"Healed","floor":5.0,"gold_loss":35.0,"damage_taken":0.0},{"cards_removed":["Strike_R"],"damage_healed":0.0,"max_hp_gain":0.0,"max_hp_loss":0.0,"gold_gain":0.0,"event_name":"Purifier","player_choice":"Purged","floor":11.0,"gold_loss":0.0,"damage_taken":0.0},{"damage_healed":0.0,"max_hp_gain":0.0,"max_hp_loss":0.0,"gold_gain":65.0,"event_name":"Golden Wing","player_choice":"Gained Gold","floor":12.0,"gold_loss":0.0,"damage_taken":0.0},{"damage_healed":0.0,"max_hp_gain":0.0,"max_hp_loss":0.0,"gold_gain":0.0,"event_name":"The Library","player_choice":"Read","floor":19.0,"gold_loss":0.0,"damage_taken":0.0,"cards_obtained":["Uppercut"]},{"damage_healed":0.0,"max_hp_gain":0.0,"max_hp_loss":0.0,"gold_gain":0.0,"event_name":"Nest","player_choice":"Joined the Cult","floor":20.0,"gold_loss":0.0,"damage_taken":6.0,"cards_obtained":["RitualDagger"]},{"damage_healed":0.0,"max_hp_gain":0.0,"max_hp_loss":0.0,"gold_gain":0.0,"event_name":"The Mausoleum","player_choice":"Opened","floor":21.0,"gold_loss":0.0,"damage_taken":0.0,"relics_obtained":["Omamori"],"cards_obtained":["Writhe"]},{"damage_healed":0.0,"max_hp_gain":0.0,"max_hp_loss":0.0,"gold_gain":0.0,"event_name":"Masked Bandits","player_choice":"Fought Bandits","floor":22.0,"gold_loss":0.0,"damage_taken":0.0},{"damage_healed":0.0,"max_hp_gain":0.0,"max_hp_loss":0.0,"gold_gain":222.0,"event_name":"Tomb of Lord Red Mask","player_choice":"Wore Mask","floor":36.0,"gold_loss":0.0,"damage_taken":0.0},{"damage_healed":0.0,"max_hp_gain":0.0,"max_hp_loss":0.0,"gold_gain":0.0,"event_name":"WeMeetAgain","player_choice":"Gave Potion","floor":45.0,"gold_loss":0.0,"damage_taken":0.0,"relics_obtained":["Molten Egg 2"]},{"damage_healed":0.0,"max_hp_gain":0.0,"max_hp_loss":0.0,"gold_gain":0.0,"event_name":"SensoryStone","player_choice":"Memory 1","floor":46.0,"gold_loss":0.0,"damage_taken":0.0},{"damage_healed":0.0,"max_hp_gain":0.0,"max_hp_loss":0.0,"gold_gain":0.0,"event_name":"Mysterious Sphere","player_choice":"Fight","floor":47.0,"gold_loss":0.0,"damage_taken":0.0}],"is_beta":false,"boss_relics":[{"not_picked":["Runic Dome","Astrolabe"],"picked":"Runic Pyramid"},{"not_picked":["Eternal Feather","Coffee Dripper"],"picked":"Mark of Pain"}],"items_purged_floors":[13,31],"is_endless":false,"potions_floor_spawned":[4,7,14,16,22,25,37,39,41,42,47],"killed_by":"The Heart","ascension_level":20}