{"gold_per_floor":[116,116,126,51,51,51,76,76,76,110,124,134,164,164,164,267,267,281,297,4,20,20,53,53,67,67,101,101,54,68,97,97,97],"floor_reached":33,"playtime":2074,"items_purged":["Defend_G"],"score":487,"play_id":"d183823a-e4a1-41d5-bd23-00c1871a0ea9","local_time":"20190305103855","is_ascension_mode":true,"campfire_choices":[{"data":"Dash","floor":6,"key":"SMITH"},{"data":"Noxious Fumes","floor":15,"key":"SMITH"},{"data":"Infinite Blades","floor":24,"key":"SMITH"},{"data":"Footwork","floor":32,"key":"SMITH"}],"neow_cost":"NONE","seed_source_timestamp":1730085418317255,"circlet_count":0,"master_deck":["Defend_G+1","Defend_G","Defend_G","Defend_G","Strike_G","Strike_G","Strike_G","Strike_G+1","Strike_G","Survivor","Neutralize+1","Dash+1","Blur","Dash+1","Noxious Fumes+1","Poisoned Stab","Blur","Flying Knee","Venomology","Dagger Spray","Cloak And Dagger+1","Infinite Blades+1","Bouncing Flask+1","Crippling Poison","Deadly Poison","Footwork+1"],"special_seed":0,"relics":["Ring of the Snake","NeowsBlessing","Omamori","Whetstone","Pantograph","Orichalcum","Runic Pyramid","Snake Skull","Potion Belt","Strawberry","Ninja Scroll","Vajra","Mercury Hourglass","Blue Candle"],"potions_floor_usage":[13,16,19,21,23,23,23,23,23,23,27,27,27,30,31,31,33,33],"damage_taken":[{"damage":0,"enemies":"2 Louse","floor":1,"turns":1},{"damage":0,"enemies":"Jaw Worm","floor":3,"turns":1},{"damage":0,"enemies":"Lagavulin","floor":7,"turns":1},{"damage":2,"enemies":"Gremlin Nob","floor":10,"turns":5},{"damage":0,"enemies":"Cultist","floor":11,"turns":3},{"damage":0,"enemies":"Red Slaver","floor":12,"turns":3},{"damage":12,"enemies":"Lagavulin","floor":13,"turns":5},{"damage":9,"enemies":"The Guardian","floor":16,"turns":10},{"damage":0,"enemies":"Shell Parasite","floor":18,"turns":7},{"damage":7,"enemies":"Spheric Guardian","floor":19,"turns":6},{"damage":35,"enemies":"3 Cultists","floor":21,"turns":6},{"damage":26,"enemies":"Book of Stabbing","floor":23,"turns":6},{"damage":38,"enemies":"Sentry and Sphere","floor":25,"turns":6},{"damage":25,"enemies":"Gremlin Leader","floor":27,"turns":7},{"damage":4,"enemies":"Centurion and Healer","floor":30,"turns":7},{"damage":12,"enemies":"Book of Stabbing","floor":31,"turns":6},{"damage":60,"enemies":"Collector","floor":33,"turns":7}],"seed_played":"2877024167711200278","potions_obtained":[{"floor":1,"key":"Regen Potion"},{"floor":3,"key":"GhostInAJar"},{"floor":12,"key":"SteroidPotion"},{"floor":13,"key":"SkillPotion"},{"floor":16,"key":"EntropicBrew"},{"floor":19,"key":"Regen Potion"},{"floor":25,"key":"Weak Potion"},{"floor":30,"key":"Explosive Potion"}],"is_trial":false,"path_per_floor":["M","?","M","$","?","R","E","$","T","E","M","M","E","T","R","B",null,"M","M","$","M","?","E","R","M","T","E","?","$","M","E","R","B"],"character_chosen":"THE_SILENT","items_purchased":["Snake Skull","Potion Belt","Deadly Poison"],"campfire_rested":0,"item_purchase_floors":[20,20,29],"current_hp_per_floor":[63,68,68,68,53,53,53,53,53,51,51,51,39,39,39,55,70,70,63,63,28,28,49,49,11,11,35,35,35,31,34,34,0],"gold":97,"neow_bonus":"THREE_ENEMY_KILL","is_prod":false,"is_daily":false,"chose_seed":false,"campfire_upgraded":4,"win_rate":0,"timestamp":1551811135,"path_taken":["M","?","M","$","?","R","E","?","T","E","?","M","E","?","R","BOSS","M","?","$","M","?","E","R","?","T","E","?","?","M","E","R","BOSS"],"build_version":"2019-01-23","purchased_purges":1,"victory":false,"max_hp_per_floor":[70,75,75,75,75,75,75,75,75,75,75,75,75,75,75,75,75,75,75,75,75,75,82,82,82,82,82,82,82,82,82,82,82],"card_choices":[{"not_picked":["Blade Dance","Outmaneuver"],"picked":"Dash","floor":1},{"not_picked":["Slice","Underhanded Strike"],"picked":"Blur","floor":3},{"not_picked":["Slice","Grand Finale"],"picked":"Dash","floor":7},{"not_picked":["Distraction","Catalyst"],"picked":"Noxious Fumes","floor":10},{"not_picked":["Dagger Throw","Concentrate"],"picked":"Poisoned Stab","floor":11},{"not_picked":["Deadly Poison","Blade Dance"],"picked":"Blur","floor":12},{"not_picked":["Riddle With Holes","Tactician"],"picked":"Flying Knee","floor":13},{"not_picked":["Grand Finale","Burst"],"picked":"Venomology","floor":16},{"not_picked":["Backflip+1","Cloak And Dagger+1"],"picked":"Dagger Spray","floor":18},{"not_picked":["Outmaneuver","Riddle With Holes","Dodge and Roll"],"picked":"SKIP","floor":19},{"not_picked":["Dagger Spray","Deflect"],"picked":"Cloak And Dagger+1","floor":21},{"not_picked":["Setup","Dodge and Roll"],"picked":"Bouncing Flask+1","floor":23},{"not_picked":["Bane","Dagger Throw","Distraction"],"picked":"SKIP","floor":25},{"not_picked":["All Out Attack","Prepared+1"],"picked":"Crippling Poison","floor":27},{"not_picked":["Deadly Poison","Blade Dance"],"picked":"Footwork","floor":30},{"not_picked":["PiercingWail+1","Doppelganger","Slice"],"picked":"SKIP","floor":31}],"player_experience":412807,"relics_obtained":[{"floor":7,"key":"Omamori"},{"floor":10,"key":"Whetstone"},{"floor":13,"key":"Pantograph"},{"floor":14,"key":"Orichalcum"},{"floor":23,"key":"Strawberry"},{"floor":26,"key":"Ninja Scroll"},{"floor":27,"key":"Vajra"},{"floor":31,"key":"Blue Candle"}],"event_choices":[{"damage_healed":0,"gold_gain":0,"player_choice":"Donut","damage_taken":0,"max_hp_gain":5,"max_hp_loss":0,"event_name":"Big Fish","floor":2,"gold_loss":0},{"damage_healed":0,"gold_gain":0,"player_choice":"Entered Light","damage_taken":15,"max_hp_gain":0,"max_hp_loss":0,"event_name":"Shining Light","floor":5,"gold_loss":0,"cards_upgraded":["Neutralize","Defend_G"]},{"damage_healed":0,"gold_gain":0,"player_choice":"1 cards matched","damage_taken":0,"max_hp_gain":0,"max_hp_loss":0,"event_name":"Match and Keep!","floor":22,"gold_loss":0,"cards_obtained":["Infinite Blades"]},{"damage_healed":0,"gold_gain":0,"player_choice":"Opened","damage_taken":0,"relics_obtained":["Mercury Hourglass"],"max_hp_gain":0,"max_hp_loss":0,"event_name":"The Mausoleum","floor":28,"gold_loss":0,"cards_obtained":["Writhe"]}],"is_beta":false,"boss_relics":[{"not_picked":["Sozu","HoveringKite"],"picked":"Runic Pyramid"}],"items_purged_floors":[4],"is_endless":false,"potions_floor_spawned":[1,3,12,13,16,18,19,25,30],"killed_by":"Collector","ascension_level":8}