{"gold_per_floor":[116,134,134,145,163,163,54,54,54,54,84,96,96,122,122,227,227,239,254,269,288,120,120,133,133,157,184,200,75,75,105,105,201,201,216,234,234,234,252,252,252],"floor_reached":41,"playtime":5331,"items_purged":["Strike_G","Defend_G","Defend_G"],"score":443,"play_id":"dbcbdd02-f31d-44ac-ae17-15bfb9e66309","local_time":"20190331134017","is_ascension_mode":false,"campfire_choices":[{"data":"Footwork","floor":6,"key":"SMITH"},{"data":"Flying Knee","floor":8,"key":"SMITH"},{"data":"Well Laid Plans","floor":10,"key":"SMITH"},{"data":"Malaise","floor":15,"key":"SMITH"},{"data":"Bouncing Flask","floor":23,"key":"SMITH"},{"floor":25,"key":"REST"},{"floor":30,"key":"REST"},{"floor":32,"key":"REST"},{"floor":40,"key":"REST"}],"neow_cost":"NONE","seed_source_timestamp":119243515037776,"circlet_count":0,"master_deck":["Defend_G","Defend_G","Strike_G","Strike_G","Strike_G","Survivor","Neutralize","Well Laid Plans+1","Flying Knee+1","Footwork+1","Calculated Gamble","Catalyst","Malaise+1","Envenom","Backflip+1","Poisoned Stab","Leg Sweep","Bouncing Flask+1","Flechettes","Deadly Poison","Burst","Poisoned Stab+1","Deadly Poison+1"],"relics":["Ring of the Snake","NlothsMask","Unceasing Top","Ginger","Velvet Choker","Anchor","Bag of Marbles","Lantern"],"potions_floor_usage":[14,16,16,20,33,33,33],"damage_taken":[{"damage":6,"enemies":"Jaw Worm","floor":1,"turns":4},{"damage":0,"enemies":"Cultist","floor":2,"turns":3},{"damage":4,"enemies":"2 Louse","floor":4,"turns":2},{"damage":4,"enemies":"Looter","floor":5,"turns":3},{"damage":7,"enemies":"Lagavulin","floor":11,"turns":8},{"damage":0,"enemies":"Exordium Thugs","floor":12,"turns":4},{"damage":12,"enemies":"3 Sentries","floor":14,"turns":14},{"damage":25,"enemies":"The Guardian","floor":16,"turns":16},{"damage":26,"enemies":"Spheric Guardian","floor":18,"turns":9},{"damage":0,"enemies":"Chosen","floor":19,"turns":7},{"damage":7,"enemies":"Shelled Parasite and Fungi","floor":20,"turns":9},{"damage":6,"enemies":"Cultist and Chosen","floor":21,"turns":8},{"damage":6,"enemies":"Snecko","floor":24,"turns":5},{"damage":36,"enemies":"Slavers","floor":27,"turns":7},{"damage":0,"enemies":"Centurion and Healer","floor":28,"turns":8},{"damage":16,"enemies":"Gremlin Leader","floor":31,"turns":5},{"damage":20,"enemies":"Champ","floor":33,"turns":10},{"damage":25,"enemies":"3 Darklings","floor":35,"turns":5},{"damage":6,"enemies":"Orb Walker","floor":36,"turns":4},{"damage":34,"enemies":"Jaw Worm Horde","floor":39,"turns":7}],"seed_played":"-5617406702736985100","potions_obtained":[{"floor":1,"key":"Poison Potion"},{"floor":4,"key":"Ancient Potion"},{"floor":12,"key":"Explosive Potion"},{"floor":19,"key":"Explosive Potion"},{"floor":20,"key":"Energy Potion"},{"floor":24,"key":"Fire Potion"},{"floor":27,"key":"FearPotion"},{"floor":33,"key":"Block Potion"},{"floor":36,"key":"Swift Potion"}],"is_trial":false,"path_per_floor":["M","M","?","M","M","R","$","R","T","R","E","M","?","E","R","B",null,"M","M","M","M","$","R","M","R","T","E","M","$","R","E","R","B",null,"M","M","?","?","M","R","M"],"character_chosen":"THE_SILENT","items_purchased":["Calculated Gamble","Bouncing Flask"],"campfire_rested":4,"item_purchase_floors":[7,22],"current_hp_per_floor":[71,71,71,67,63,63,63,63,63,63,56,56,56,44,44,19,77,51,51,44,38,38,38,32,55,55,19,19,19,42,26,49,29,77,52,46,46,46,12,35,0],"gold":252,"neow_bonus":"TEN_PERCENT_HP_BONUS","is_prod":false,"is_daily":false,"chose_seed":false,"campfire_upgraded":5,"win_rate":0,"timestamp":1554054017,"path_taken":["M","M","?","?","M","R","$","R","T","R","E","M","?","E","R","BOSS","M","M","M","?","$","R","M","R","T","E","M","$","R","E","R","BOSS","M","M","?","?","M","R","M"],"build_version":"2019-01-23","purchased_purges":3,"victory":false,"max_hp_per_floor":[77,77,77,77,77,77,77,77,77,77,77,77,77,77,77,77,77,77,77,77,77,77,77,77,77,77,77,77,77,77,77,77,77,77,77,77,77,77,77,77,77],"card_choices":[{"not_picked":["Calculated Gamble","Poisoned Stab"],"picked":"Well Laid Plans","floor":1},{"not_picked":["Slice","Poisoned Stab"],"picked":"Flying Knee","floor":2},{"not_picked":["Dagger Throw","Masterful Stab","Sucker Punch"],"picked":"SKIP","floor":4},{"not_picked":["Dodge and Roll","Dash"],"picked":"Footwork","floor":5},{"not_picked":["Calculated Gamble","Prepared"],"picked":"Catalyst","floor":11},{"not_picked":["Reflex","Bane","Well Laid Plans"],"picked":"SKIP","floor":12},{"not_picked":["Dagger Spray","Slice"],"picked":"Malaise","floor":14},{"not_picked":["Bullet Time","Malaise"],"picked":"Envenom","floor":16},{"not_picked":["Deflect+1","Cloak And Dagger","Prepared+1"],"picked":"SKIP","floor":18},{"not_picked":["Accuracy+1","Slice"],"picked":"Backflip+1","floor":19},{"not_picked":["Sucker Punch+1","Prepared"],"picked":"Poisoned Stab","floor":20},{"not_picked":["All Out Attack","Flying Knee+1"],"picked":"Leg Sweep","floor":21},{"not_picked":["PiercingWail","After Image"],"picked":"Flechettes","floor":24},{"not_picked":["PiercingWail+1","Quick Slash","Tools of the Trade"],"picked":"SKIP","floor":27},{"not_picked":["Blade Dance+1","Bane+1"],"picked":"Deadly Poison","floor":28},{"not_picked":["Quick Slash+1","Slice","Deflect"],"picked":"SKIP","floor":31},{"not_picked":["Night Terror","Glass Knife"],"picked":"Burst","floor":33},{"not_picked":["Infinite Blades+1","Cloak And Dagger+1"],"picked":"Poisoned Stab+1","floor":35},{"not_picked":["Deflect+1","Heel Hook+1","Tactician+1"],"picked":"SKIP","floor":36},{"not_picked":["Slice","Bane"],"picked":"Deadly Poison+1","floor":39}],"player_experience":71225,"relics_obtained":[{"floor":11,"key":"Unceasing Top"},{"floor":14,"key":"Ginger"},{"floor":26,"key":"Anchor"},{"floor":27,"key":"Bag of Marbles"},{"floor":31,"key":"Lantern"}],"event_choices":[{"damage_healed":0,"gold_gain":0,"player_choice":"Trade","damage_taken":0,"relics_obtained":["NlothsMask"],"max_hp_gain":0,"max_hp_loss":0,"event_name":"FaceTrader","floor":3,"gold_loss":0},{"cards_removed":["Strike_G"],"damage_healed":0,"gold_gain":0,"player_choice":"Offered Basic","damage_taken":0,"max_hp_gain":0,"max_hp_loss":0,"event_name":"Bonfire Elementals","floor":13,"gold_loss":0},{"cards_removed":["Defend_G"],"damage_healed":0,"gold_gain":0,"player_choice":"Removed Skill","damage_taken":0,"max_hp_gain":0,"max_hp_loss":0,"event_name":"Falling","floor":37,"gold_loss":0},{"damage_healed":0,"gold_gain":0,"player_choice":"Ignored","damage_taken":0,"max_hp_gain":0,"max_hp_loss":0,"event_name":"Tomb of Lord Red Mask","floor":38,"gold_loss":0}],"is_beta":false,"boss_relics":[{"not_picked":["Cursed Key","Snecko Eye"],"picked":"Velvet Choker"},{"not_picked":["Runic Dome","Busted Crown","Runic Pyramid"]}],"items_purged_floors":[7,22,29],"is_endless":false,"potions_floor_spawned":[1,4,12,19,20,24,27,33,36],"killed_by":"Sphere and 2 Shapes","ascension_level":0}