{"gold_per_floor":[111,126,126,126,146,146,174,190,190,190,213,213,228,245,245,245],"floor_reached":16,"playtime":360,"items_purged":[],"score":204,"play_id":"19cd837c-05ba-4ba0-9627-9e59e11ad2d2","local_time":"20190505202003","is_ascension_mode":true,"campfire_choices":[{"data":"Pommel Strike","floor":6.0,"key":"SMITH"},{"data":"True Grit","floor":10.0,"key":"SMITH"},{"data":"Shrug It Off","floor":12.0,"key":"SMITH"},{"data":"Whirlwind","floor":15.0,"key":"SMITH"}],"neow_cost":"NONE","seed_source_timestamp":0,"circlet_count":0,"master_deck":["AscendersBane","Strike_R","Strike_R","Strike_R","Strike_R","Defend_R","Defend_R","Defend_R","Defend_R","Bash+1","Pommel Strike+1","Headbutt","Disarm","Shrug It Off+1","True Grit+1","Whirlwind+1","Thunderclap"],"special_seed":0,"relics":["Burning Blood","Lantern","Potion Belt","Odd Mushroom"],"potions_floor_usage":[],"damage_taken":[{"damage":14.0,"enemies":"Jaw Worm","floor":1.0,"turns":5.0},{"damage":4.0,"enemies":"Small Slimes","floor":2.0,"turns":5.0},{"damage":0.0,"enemies":"Cultist","floor":5.0,"turns":2.0},{"damage":8.0,"enemies":"Gremlin Nob","floor":7.0,"turns":3.0},{"damage":8.0,"enemies":"Blue Slaver","floor":8.0,"turns":3.0},{"damage":7.0,"enemies":"The Mushroom Lair","floor":11.0,"turns":4.0},{"damage":15.0,"enemies":"2 Fungi Beasts","floor":13.0,"turns":4.0},{"damage":5.0,"enemies":"Gremlin Gang","floor":14.0,"turns":4.0},{"damage":0,"enemies":"Slime Boss","floor":16,"turns":1}],"seed_played":"3370430503815042932","potions_obtained":[{"floor":5.0,"key":"Strength Potion"},{"floor":7.0,"key":"GamblersBrew"},{"floor":8.0,"key":"Weak Potion"},{"floor":13.0,"key":"Swift Potion"}],"is_trial":false,"path_per_floor":["M","M","?","?","M","R","E","M","T","R","?","R","M","M","R","B"],"character_chosen":"IRONCLAD","items_purchased":[],"campfire_rested":0,"item_purchase_floors":[],"current_hp_per_floor":[67,69,69,69,75,75,73,71,71,71,70,70,61,62,62,62],"gold":245,"neow_bonus":"TEN_PERCENT_HP_BONUS","is_prod":false,"is_daily":false,"chose_seed":false,"campfire_upgraded":4,"win_rate":0,"timestamp":1557084003,"path_taken":["M","M","?","?","M","R","E","?","T","R","?","R","M","M","R","BOSS"],"build_version":"2019-01-23","purchased_purges":0,"victory":false,"max_hp_per_floor":[82,82,82,82,82,82,82,82,82,82,82,82,82,82,82,82],"card_choices":[{"not_picked":["Intimidate","Sever Soul"],"picked":"Pommel Strike","floor":1.0},{"not_picked":["Searing Blow","Wild Strike"],"picked":"Headbutt","floor":2.0},{"not_picked":["Seeing Red","Shockwave"],"picked":"Disarm","floor":5.0},{"not_picked":["Thunderclap","Clash"],"picked":"Shrug It Off","floor":7.0},{"not_picked":["Seeing Red","Armaments"],"picked":"True Grit","floor":8.0},{"not_picked":["Iron Wave","Pommel Strike"],"picked":"Whirlwind","floor":13.0},{"not_picked":["Anger","Body Slam"],"picked":"Thunderclap","floor":14.0}],"player_experience":1337369,"relics_obtained":[{"floor":7.0,"key":"Lantern"},{"floor":9.0,"key":"Potion Belt"},{"floor":11.0,"key":"Odd Mushroom"}],"event_choices":[{"damage_healed":0.0,"max_hp_gain":0.0,"max_hp_loss":0.0,"gold_gain":0.0,"event_name":"Living Wall","player_choice":"Grow","floor":3.0,"gold_loss":0.0,"damage_taken":0.0,"cards_upgraded":["Bash"]},{"cards_removed":["Strike_R"],"damage_healed":0.0,"max_hp_gain":0.0,"max_hp_loss":0.0,"gold_gain":0.0,"event_name":"Bonfire Elementals","player_choice":"Offered Basic","floor":4.0,"gold_loss":0.0,"damage_taken":0.0},{"damage_healed":0.0,"max_hp_gain":0.0,"max_hp_loss":0.0,"gold_gain":0.0,"event_name":"Mushrooms","player_choice":"Fought Mushrooms","floor":11.0,"gold_loss":0.0,"damage_taken":0.0}],"is_beta":false,"boss_relics":[],"items_purged_floors":[],"is_endless":false,"potions_floor_spawned":[5,7,8,13],"killed_by":"Slime Boss","ascension_level":20}