{"gold_per_floor":[114,114,132,151,170,170,200,200,200,230,247,82,93,53,53,131,131,101,101,1,12,12,12,38,38,63,63,81,81,92,103,103,103],"floor_reached":33,"playtime":1136,"items_purged":["Strike_G","Strike_G"],"score":554,"play_id":"b3ca3c3e-bd7c-47c6-93b0-89a8f911c647","local_time":"20190520181157","is_ascension_mode":true,"campfire_choices":[{"data":"Noxious Fumes","floor":6.0,"key":"SMITH"},{"floor":8.0,"key":"REST"},{"floor":15.0,"key":"REST"},{"data":"Burst","floor":23.0,"key":"SMITH"},{"data":"Footwork","floor":25.0,"key":"SMITH"},{"data":"Neutralize","floor":27.0,"key":"SMITH"},{"data":"Burst","floor":29.0,"key":"SMITH"},{"data":"Catalyst","floor":32.0,"key":"SMITH"}],"neow_cost":"NONE","seed_source_timestamp":347017740242000,"circlet_count":0,"master_deck":["AscendersBane","Defend_G","Defend_G","Defend_G","Defend_G","Survivor","Neutralize+1","Dagger Throw","Skewer","Noxious Fumes+1","Deadly Poison","Glass Knife","Predator","Deadly Poison","Dark Shackles","Footwork+1","Burst+1","Deflect+1","Ghostly","Ghostly","Ghostly","Cloak And Dagger+1","Dodge and Roll","Quick Slash+1","Burst+1","Catalyst+1"],"special_seed":0,"relics":["Ring of the Snake","NeowsBlessing","Pen Nib","Matryoshka","Gambling Chip","Empty Cage","Pear","Regal Pillow","Bronze Scales"],"potions_floor_usage":[],"damage_taken":[{"damage":0.0,"enemies":"Jaw Worm","floor":1.0,"turns":1.0},{"damage":0.0,"enemies":"Cultist","floor":3.0,"turns":1.0},{"damage":0.0,"enemies":"2 Louse","floor":4.0,"turns":1.0},{"damage":18.0,"enemies":"Exordium Wildlife","floor":5.0,"turns":5.0},{"damage":28.0,"enemies":"Lagavulin","floor":7.0,"turns":7.0},{"damage":8.0,"enemies":"Gremlin Nob","floor":10.0,"turns":3.0},{"damage":13.0,"enemies":"Lots of Slimes","floor":11.0,"turns":3.0},{"damage":2.0,"enemies":"Looter","floor":13.0,"turns":3.0},{"damage":10.0,"enemies":"Hexaghost","floor":16.0,"turns":8.0},{"damage":17.0,"enemies":"2 Thieves","floor":18.0,"turns":4.0},{"damage":3.0,"enemies":"Shell Parasite","floor":21.0,"turns":6.0},{"damage":2.0,"enemies":"Book of Stabbing","floor":24.0,"turns":7.0},{"damage":2.0,"enemies":"Centurion and Healer","floor":28.0,"turns":6.0},{"damage":2.0,"enemies":"Shelled Parasite and Fungi","floor":30.0,"turns":6.0},{"damage":19.0,"enemies":"Cultist and Chosen","floor":31.0,"turns":9.0},{"damage":18,"enemies":"Collector","floor":33,"turns":5}],"seed_played":"-6400792382879887647","potions_obtained":[{"floor":7.0,"key":"Poison Potion"},{"floor":11.0,"key":"PowerPotion"},{"floor":13.0,"key":"FearPotion"},{"floor":16.0,"key":"PowerPotion"},{"floor":24.0,"key":"FearPotion"}],"is_trial":false,"path_per_floor":["M","?","M","M","M","R","E","R","T","E","M","$","M","$","R","B",null,"M","?","$","M","?","R","E","R","T","R","M","R","M","M","R","B"],"character_chosen":"THE_SILENT","items_purchased":["Dark Shackles","Footwork"],"campfire_rested":2,"item_purchase_floors":[12,14],"current_hp_per_floor":[59,59,59,59,41,41,13,32,32,24,11,11,9,9,28,18,54,37,33,33,30,30,30,38,38,38,38,36,36,34,15,15,0],"gold":103,"neow_bonus":"THREE_ENEMY_KILL","is_prod":false,"is_daily":false,"chose_seed":false,"campfire_upgraded":6,"win_rate":0,"timestamp":1558372317,"path_taken":["M","?","?","M","?","R","E","R","T","E","M","$","M","$","R","BOSS","M","?","$","M","?","R","E","R","T","R","M","R","M","M","R","BOSS"],"build_version":"2019-01-23","purchased_purges":2,"victory":false,"max_hp_per_floor":[66,66,66,66,66,66,66,66,66,66,66,66,66,66,66,66,66,66,33,33,33,33,33,43,43,43,43,43,43,43,43,43,43],"card_choices":[{"not_picked":["Outmaneuver","Caltrops"],"picked":"Dagger Throw","floor":1.0},{"not_picked":["Dodge and Roll","Tactician"],"picked":"Skewer","floor":3.0},{"not_picked":["Underhanded Strike","Slice"],"picked":"Noxious Fumes","floor":4.0},{"not_picked":["Dodge and Roll","Prepared"],"picked":"Deadly Poison","floor":5.0},{"not_picked":["Acrobatics","Sucker Punch"],"picked":"Glass Knife","floor":7.0},{"not_picked":["Flechettes","Sucker Punch"],"picked":"Predator","floor":10.0},{"not_picked":["Backflip","Poisoned Stab"],"picked":"Deadly Poison","floor":11.0},{"not_picked":["Expertise","Underhanded Strike","Flying Knee"],"picked":"SKIP","floor":13.0},{"not_picked":["A Thousand Cuts","Grand Finale"],"picked":"Burst","floor":16.0},{"not_picked":["Bane","Blade Dance"],"picked":"Deflect+1","floor":18.0},{"not_picked":["Dagger Spray+1","Backflip"],"picked":"Cloak And Dagger+1","floor":21.0},{"not_picked":["Slice","Backflip"],"picked":"Quick Slash+1","floor":24.0},{"not_picked":["Dagger Spray","Prepared"],"picked":"Burst","floor":28.0},{"not_picked":["Acrobatics","Expertise","Eviscerate"],"picked":"SKIP","floor":30.0},{"not_picked":["Dodge and Roll","Calculated Gamble"],"picked":"Catalyst","floor":31.0}],"player_experience":1369151,"relics_obtained":[{"floor":7.0,"key":"Pen Nib"},{"floor":9.0,"key":"Matryoshka"},{"floor":10.0,"key":"Gambling Chip"},{"floor":24.0,"key":"Pear"},{"floor":26.0,"key":"Regal Pillow"},{"floor":26.0,"key":"Bronze Scales"}],"event_choices":[{"cards_removed":["Strike_G"],"damage_healed":0.0,"max_hp_gain":0.0,"max_hp_loss":0.0,"gold_gain":0.0,"event_name":"Purifier","player_choice":"Purged","floor":2.0,"gold_loss":0.0,"damage_taken":0.0},{"damage_healed":0.0,"max_hp_gain":0.0,"max_hp_loss":33.0,"gold_gain":0.0,"event_name":"Ghosts","player_choice":"Became a Ghost","floor":19.0,"gold_loss":0.0,"damage_taken":0.0,"cards_obtained":["Ghostly","Ghostly","Ghostly"]},{"damage_healed":0.0,"max_hp_gain":0.0,"max_hp_loss":0.0,"gold_gain":0.0,"cards_transformed":["Strike_G"],"event_name":"Transmorgrifier","player_choice":"Transformed","floor":22.0,"gold_loss":0.0,"damage_taken":0.0,"cards_obtained":["Dodge and Roll"]}],"is_beta":false,"boss_relics":[{"not_picked":["Coffee Dripper","Lizard Tail"],"picked":"Empty Cage"}],"items_purged_floors":[12,20],"is_endless":false,"potions_floor_spawned":[7,11,13,16,21,24],"killed_by":"Collector","ascension_level":20}