{"gold_per_floor":[212,231,306,325,84,109,109,9,32,42,42,42,42,54,54,152,152,165,165,185,195,208,208,208,208,208,208,219,233,233,251,251,354,354,372,391,22,0,18,44,44,59,59,71,83,105,129,159,171,183],"floor_reached":50,"playtime":4203,"items_purged":["Strike_B","Strike_B","Strike_B"],"score":478,"play_id":"33cc51e2-1a97-4d2b-97b2-716afd214438","local_time":"20190411034308","is_ascension_mode":false,"campfire_choices":[{"data":"Genetic Algorithm","floor":7.0,"key":"SMITH"},{"floor":12.0,"key":"REST"},{"data":"Loop","floor":15.0,"key":"SMITH"},{"data":"Defragment","floor":23,"key":"SMITH"},{"floor":25,"key":"REST"},{"data":"Zap","floor":27,"key":"SMITH"},{"data":"Dualcast","floor":30,"key":"SMITH"},{"floor":32,"key":"REST"},{"floor":44,"key":"REST"},{"floor":49,"key":"REST"}],"neow_cost":"NONE","seed_source_timestamp":0,"circlet_count":0,"master_deck":["Strike_B","Defend_B+1","Defend_B+1","Zap+1","Dualcast+1","Loop+1","Genetic Algorithm+1","Beam Cell","Sweeping Beam","Steam","FTL","Biased Cognition","Defragment+1","Conserve Battery","Darkness","Ball Lightning","Leap+1","Core Surge","Defragment","Doom and Gloom+1","Sunder+1","Coolheaded","Rebound+1"],"special_seed":0,"relics":["Cracked Core","War Paint","Pen Nib","Potion Belt","Inserter","Cables","Mummified Hand","White Beast Statue","Symbiotic Virus","Red Mask","Blood Vial","Boot","MawBank"],"potions_floor_usage":[21,33,40,40,40,47,47,48,50],"damage_taken":[{"damage":1.0,"enemies":"Cultist","floor":1.0,"turns":3.0},{"damage":8.0,"enemies":"Jaw Worm","floor":2.0,"turns":3.0},{"damage":1.0,"enemies":"2 Louse","floor":4.0,"turns":2.0},{"damage":37.0,"enemies":"3 Sentries","floor":6.0,"turns":14.0},{"damage":4.0,"enemies":"Blue Slaver","floor":10.0,"turns":4.0},{"damage":0.0,"enemies":"3 Louse","floor":14.0,"turns":3.0},{"damage":26.0,"enemies":"Hexaghost","floor":16.0,"turns":9.0},{"damage":7,"enemies":"Shell Parasite","floor":18,"turns":6},{"damage":4,"enemies":"Chosen","floor":20,"turns":4},{"damage":5,"enemies":"Centurion and Healer","floor":21,"turns":6},{"damage":21,"enemies":"Snecko","floor":22,"turns":7},{"damage":3,"enemies":"Chosen and Byrds","floor":28,"turns":4},{"damage":13,"enemies":"Snake Plant","floor":29,"turns":4},{"damage":10,"enemies":"3 Cultists","floor":31,"turns":4},{"damage":49,"enemies":"Automaton","floor":33,"turns":8},{"damage":25,"enemies":"Orb Walker","floor":35,"turns":4},{"damage":9,"enemies":"3 Shapes","floor":36,"turns":4},{"damage":9,"enemies":"Maw","floor":39,"turns":5},{"damage":14,"enemies":"Reptomancer","floor":40,"turns":4},{"damage":0,"enemies":"3 Darklings","floor":42,"turns":3},{"damage":14,"enemies":"Writhing Mass","floor":46,"turns":4},{"damage":26,"enemies":"4 Shapes","floor":47,"turns":4},{"damage":0,"enemies":"Maw","floor":48,"turns":4},{"damage":46,"enemies":"Donu and Deca","floor":50,"turns":4}],"seed_played":"642791371805787063","potions_obtained":[{"floor":1.0,"key":"EssenceOfSteel"},{"floor":2.0,"key":"Dexterity Potion"},{"floor":4.0,"key":"Regen Potion"},{"floor":14.0,"key":"SpeedPotion"},{"floor":20,"key":"Poison Potion"},{"floor":28,"key":"Strength Potion"},{"floor":31,"key":"GamblersBrew"},{"floor":35,"key":"Swift Potion"},{"floor":36,"key":"Poison Potion"},{"floor":39,"key":"Block Potion"},{"floor":40,"key":"Explosive Potion"},{"floor":42,"key":"Explosive Potion"},{"floor":46,"key":"GamblersBrew"},{"floor":47,"key":"PowerPotion"},{"floor":48,"key":"Explosive Potion"}],"is_trial":false,"path_per_floor":["M","M","?","M","$","E","R","$","T","M","$","R","?","M","R","B",null,"M","?","M","M","M","R","?","R","T","R","M","M","R","M","R","B",null,"M","M","$","?","M","E","?","M","T","R","$","M","M","M","R","B"],"character_chosen":"DEFECT","items_purchased":["War Paint","Beam Cell","Symbiotic Virus"],"campfire_rested":5,"item_purchase_floors":[5,5,37],"current_hp_per_floor":[74,66,59,58,58,36,36,36,36,32,32,54,54,54,54,28,75,68,68,64,59,38,38,38,60,60,60,57,44,44,34,56,7,75,50,41,41,41,32,18,18,20,20,42,42,30,6,8,30,0],"gold":183,"neow_bonus":"HUNDRED_GOLD","is_prod":false,"is_daily":false,"chose_seed":false,"campfire_upgraded":5,"win_rate":0,"timestamp":1554968588,"path_taken":["M","?","?","M","$","E","R","?","T","M","$","R","?","?","R","BOSS","M","?","?","M","M","R","?","R","T","R","M","M","R","M","R","BOSS","M","M","$","?","M","E","?","M","T","R","$","?","M","M","R","BOSS"],"build_version":"2019-01-23","purchased_purges":3,"victory":false,"max_hp_per_floor":[75,75,75,75,75,75,75,75,75,75,75,75,75,75,75,75,75,75,75,75,75,75,75,75,75,75,75,75,75,75,75,75,75,75,75,75,75,75,75,75,75,75,75,75,75,75,75,75,75,75],"card_choices":[{"not_picked":["Redo","Sunder"],"picked":"Loop","floor":1.0},{"not_picked":["Chaos","Recycle","Ball Lightning"],"picked":"SKIP","floor":2.0},{"not_picked":["Beam Cell","Recycle"],"picked":"Genetic Algorithm","floor":4.0},{"not_picked":["Beam Cell","Redo"],"picked":"Sweeping Beam","floor":6.0},{"not_picked":["Cold Snap","Consume"],"picked":"Steam","floor":10.0},{"not_picked":["Steam","Redo"],"picked":"FTL","floor":14.0},{"not_picked":["Buffer","Machine Learning"],"picked":"Biased Cognition","floor":16.0},{"not_picked":["Tempest","Sweeping Beam"],"picked":"Defragment","floor":18},{"not_picked":["Streamline","Rip and Tear"],"picked":"Conserve Battery","floor":20},{"not_picked":["Steam","Scrape"],"picked":"Darkness","floor":21},{"not_picked":["Rip and Tear","Beam Cell","Stack+1"],"picked":"SKIP","floor":22},{"not_picked":["Conserve Battery","Aggregate","Steam"],"picked":"SKIP","floor":28},{"not_picked":["Stack","Aggregate"],"picked":"Ball Lightning","floor":29},{"not_picked":["Gash","Stack"],"picked":"Leap+1","floor":31},{"not_picked":["Reboot","Fission"],"picked":"Core Surge","floor":33},{"not_picked":["Go for the Eyes+1","Compile Driver+1"],"picked":"Defragment","floor":35},{"not_picked":["Streamline+1","Chaos"],"picked":"Doom and Gloom+1","floor":36},{"not_picked":["Hello World+1","Leap+1"],"picked":"Sunder+1","floor":39},{"not_picked":["Gash+1","Compile Driver"],"picked":"Coolheaded","floor":40},{"not_picked":["Beam Cell","Ball Lightning+1","Rebound"],"picked":"SKIP","floor":42},{"not_picked":["Leap","Cold Snap+1"],"picked":"Rebound+1","floor":46},{"not_picked":["Self Repair","Lockon","Blizzard"],"picked":"SKIP","floor":47},{"not_picked":["Hyperbeam","Lockon","Undo"],"picked":"SKIP","floor":48}],"player_experience":109429,"relics_obtained":[{"floor":6.0,"key":"Pen Nib"},{"floor":9.0,"key":"Potion Belt"},{"floor":26,"key":"Mummified Hand"},{"floor":40,"key":"Blood Vial"},{"floor":41,"key":"Boot"},{"floor":43,"key":"MawBank"}],"event_choices":[{"damage_healed":0.0,"max_hp_gain":0.0,"max_hp_loss":0.0,"gold_gain":75.0,"event_name":"FaceTrader","player_choice":"Touch","floor":3.0,"gold_loss":0.0,"damage_taken":7.0},{"cards_removed":["Defend_B"],"damage_healed":0.0,"max_hp_gain":0.0,"max_hp_loss":0.0,"gold_gain":0.0,"event_name":"Living Wall","player_choice":"Forget","floor":13.0,"gold_loss":0.0,"damage_taken":0.0},{"damage_healed":0,"gold_gain":0,"player_choice":"Gave Potion","damage_taken":0,"relics_obtained":["Cables"],"max_hp_gain":0,"max_hp_loss":0,"event_name":"WeMeetAgain","floor":19,"gold_loss":0},{"cards_removed":["Defend_B"],"damage_healed":0,"gold_gain":0,"player_choice":"Elegance","damage_taken":0,"max_hp_gain":0,"max_hp_loss":0,"event_name":"Back to Basics","floor":24,"gold_loss":0},{"damage_healed":0,"gold_gain":0,"player_choice":"Paid","damage_taken":0,"relics_obtained":["Red Mask"],"max_hp_gain":0,"max_hp_loss":0,"event_name":"Tomb of Lord Red Mask","floor":38,"gold_loss":22},{"damage_healed":0,"gold_gain":0,"player_choice":"Relic","damage_taken":0,"max_hp_gain":0,"max_hp_loss":0,"event_name":"Wheel of Change","floor":41,"gold_loss":0}],"is_beta":false,"boss_relics":[{"not_picked":["Orrery","Coffee Dripper"],"picked":"Inserter"},{"not_picked":["Astrolabe","Tiny House"],"picked":"White Beast Statue"}],"items_purged_floors":[5,8,37],"is_endless":false,"potions_floor_spawned":[1,2,4,14,20,28,31,35,36,39,40,42,46,47,48],"killed_by":"Donu and Deca","ascension_level":0}