{"gold_per_floor":[113,124,138,151,164,164,192,123,123,143,46,46,46,89,89,213,213,229,229,243,243,258,299,299,338,338,338,369,369,390,91,91,222,222,235,360,420,753,768,768,793,793,793,821,33,49,76,76,76,76,76,76,0,34,34],"floor_reached":55,"playtime":7771,"items_purged":["Strike_B","Injury","Capacitor"],"score":1306,"play_id":"1f993688-c3b9-438a-996b-f61922310f5d","local_time":"20190521224916","is_ascension_mode":true,"campfire_choices":[{"floor":6.0,"key":"REST"},{"floor":13.0,"key":"REST"},{"floor":15.0,"key":"RECALL"},{"data":"Zap","floor":24.0,"key":"SMITH"},{"data":"Dualcast","floor":27,"key":"SMITH"},{"floor":32,"key":"REST"},{"data":"Echo Form","floor":40,"key":"SMITH"},{"data":"Creative AI","floor":42,"key":"SMITH"},{"floor":49,"key":"DIG"},{"data":"Consume","floor":52,"key":"SMITH"}],"neow_cost":"","seed_source_timestamp":0,"circlet_count":0,"master_deck":["Defend_B","Defend_B","Defend_B","Defend_B","Zap+1","Dualcast+1","Genetic Algorithm","Go for the Eyes","Coolheaded","Double Energy","Chill","Capacitor","Electrodynamics","Glacier","Cold Snap","Capacitor","Core Surge","Ghostly","Ghostly","Ghostly+1","Ghostly","Ghostly","Double Energy","Creative AI+1","Coolheaded+1","Echo Form+1","Bite","Bite","Bite","Bite","Bite","Go for the Eyes+1","Chill","Core Surge","Double Energy","Consume+1","Panache+1","Deep Breath+1","Redo+1"],"special_seed":0,"relics":["Cracked Core","Unceasing Top","Symbiotic Virus","Whetstone","Art of War","Mercury Hourglass","Inserter","Darkstone Periapt","Omamori","Vajra","Gremlin Horn","Orichalcum","Philosopher\u0027s Stone","Pocketwatch","Dead Branch","Ginger","Pantograph","Shovel","OrangePellets","Boot","Thread and Needle","Shuriken","War Paint"],"potions_floor_usage":[33,33,37,50,50,55,55],"damage_taken":[{"damage":2.0,"enemies":"2 Louse","floor":1.0,"turns":3.0},{"damage":0.0,"enemies":"Cultist","floor":2.0,"turns":4.0},{"damage":2.0,"enemies":"Small Slimes","floor":3.0,"turns":4.0},{"damage":16.0,"enemies":"3 Louse","floor":4.0,"turns":4.0},{"damage":3.0,"enemies":"Exordium Wildlife","floor":5.0,"turns":4.0},{"damage":14.0,"enemies":"Gremlin Nob","floor":7.0,"turns":3.0},{"damage":3.0,"enemies":"Blue Slaver","floor":10.0,"turns":3.0},{"damage":0.0,"enemies":"3 Sentries","floor":14.0,"turns":3.0},{"damage":13.0,"enemies":"Slime Boss","floor":16.0,"turns":10.0},{"damage":17.0,"enemies":"Shell Parasite","floor":18.0,"turns":8.0},{"damage":2.0,"enemies":"Chosen","floor":20.0,"turns":5.0},{"damage":0.0,"enemies":"Centurion and Healer","floor":22.0,"turns":10.0},{"damage":0.0,"enemies":"Slavers","floor":23.0,"turns":5.0},{"damage":5.0,"enemies":"Book of Stabbing","floor":25.0,"turns":6.0},{"damage":18,"enemies":"Slavers","floor":28,"turns":5},{"damage":15,"enemies":"Sentry and Sphere","floor":30,"turns":6},{"damage":19,"enemies":"Automaton","floor":33,"turns":14},{"damage":0,"enemies":"3 Darklings","floor":35,"turns":4},{"damage":1,"enemies":"Mind Bloom Boss Battle","floor":36,"turns":8},{"damage":0,"enemies":"2 Orb Walkers","floor":37,"turns":5},{"damage":0,"enemies":"3 Shapes","floor":39,"turns":5},{"damage":9,"enemies":"Nemesis","floor":41,"turns":7},{"damage":0,"enemies":"Giant Head","floor":44,"turns":9},{"damage":0,"enemies":"Jaw Worm Horde","floor":46,"turns":3},{"damage":0,"enemies":"Reptomancer","floor":47,"turns":5},{"damage":2,"enemies":"Awakened One","floor":50,"turns":8},{"damage":7,"enemies":"Shield and Spear","floor":54,"turns":5},{"damage":36,"enemies":"The Heart","floor":55,"turns":4}],"seed_played":"-618302992492909832","potions_obtained":[{"floor":1.0,"key":"EssenceOfSteel"},{"floor":4.0,"key":"Energy Potion"},{"floor":5.0,"key":"AttackPotion"},{"floor":10.0,"key":"Energy Potion"},{"floor":14.0,"key":"SkillPotion"},{"floor":18.0,"key":"GamblersBrew"},{"floor":20.0,"key":"GamblersBrew"},{"floor":23.0,"key":"Poison Potion"},{"floor":35,"key":"LiquidBronze"},{"floor":39,"key":"SteroidPotion"},{"floor":44,"key":"Explosive Potion"},{"floor":47,"key":"FairyPotion"},{"floor":54,"key":"Ancient Potion"}],"is_trial":false,"path_per_floor":["M","M","M","M","M","R","E","?","T","M","$","?","R","E","R","B",null,"M","?","M","?","M","E","R","E","T","R","E","?","M","$","R","B",null,"M","?","?","?","M","R","E","R","T","E","$","M","E","?","R","B",null,"R","$","E","B"],"character_chosen":"DEFECT","items_purchased":["Capacitor","Genetic Algorithm","Go for the Eyes","Symbiotic Virus","Cold Snap","Capacitor","GamblersBrew","Dexterity Potion","Chill","OrangePellets","Panache","Deep Breath","Boot","SkillPotion","Ancient Potion"],"campfire_rested":3,"item_purchase_floors":[0,0,0,0,11,11,31,31,31,45,45,45,45,45,53],"current_hp_per_floor":[37,37,35,19,16,38,24,24,24,21,21,21,43,43,43,30,75,58,37,35,35,35,35,35,30,30,30,12,12,5,5,12,15,25,25,25,25,25,25,25,25,25,25,25,25,25,25,25,25,25,25,25,25,18,0],"gold":34,"neow_bonus":"","is_prod":false,"is_daily":false,"chose_seed":false,"campfire_upgraded":5,"win_rate":0,"timestamp":1558504156,"path_taken":["M","M","M","M","M","R","E","?","T","?","?","?","R","E","R","BOSS","M","?","M","?","M","E","R","E","T","R","E","?","M","$","R","BOSS","M","?","?","?","?","R","E","R","T","E","$","M","E","?","R","BOSS","R","$","E","BOSS"],"build_version":"2019-01-23","purchased_purges":3,"victory":false,"max_hp_per_floor":[75,75,75,75,75,75,75,75,75,75,75,75,75,75,75,75,75,75,37,37,37,37,37,37,37,37,37,37,25,25,25,25,25,25,25,25,25,25,25,25,25,25,25,25,25,25,25,25,25,25,25,25,25,25,25],"card_choices":[{"not_picked":["Rebound","Rip and Tear"],"picked":"Coolheaded","floor":1.0},{"not_picked":["Melter","Static Discharge","Lockon"],"picked":"SKIP","floor":2.0},{"not_picked":["Gash","Turbo"],"picked":"Double Energy","floor":3.0},{"not_picked":["Skim","Reinforced Body"],"picked":"Chill","floor":4.0},{"not_picked":["Compile Driver","Fusion"],"picked":"Capacitor","floor":5.0},{"not_picked":["Darkness","Genetic Algorithm"],"picked":"Electrodynamics","floor":7.0},{"not_picked":["Sunder","Heatsinks"],"picked":"Glacier","floor":10.0},{"not_picked":["Barrage","Compile Driver","Amplify"],"picked":"SKIP","floor":14.0},{"not_picked":["All For One","Hyperbeam"],"picked":"Core Surge","floor":16.0},{"not_picked":["Stack","Gash+1","FTL"],"picked":"SKIP","floor":18.0},{"not_picked":["Rebound","Coolheaded"],"picked":"Double Energy","floor":20.0},{"not_picked":["Sweeping Beam","Cold Snap","Beam Cell+1"],"picked":"SKIP","floor":22.0},{"not_picked":["Doom and Gloom+1","Compile Driver"],"picked":"Creative AI","floor":23.0},{"not_picked":["Leap","Recycle"],"picked":"Coolheaded+1","floor":25},{"not_picked":["Compile Driver","Barrage"],"picked":"Echo Form","floor":28},{"not_picked":["White Noise","Barrage"],"picked":"Go for the Eyes+1","floor":30},{"not_picked":["All For One","Creative AI"],"picked":"Core Surge","floor":33},{"not_picked":["Redo","Sunder","Turbo"],"picked":"SKIP","floor":35},{"not_picked":["Steam+1","Melter"],"picked":"Double Energy","floor":39},{"not_picked":["Coolheaded","Ball Lightning+1","Recycle"],"picked":"SKIP","floor":41},{"not_picked":["Beam Cell","Barrage+1"],"picked":"Consume","floor":44},{"not_picked":["Rip and Tear","Lockon+1","Hologram+1"],"picked":"SKIP","floor":46},{"not_picked":["Genetic Algorithm","Hyperbeam"],"picked":"Redo+1","floor":47},{"not_picked":["Leap","Barrage+1","Glacier"],"picked":"SKIP","floor":54}],"player_experience":328699,"relics_obtained":[{"floor":7.0,"key":"Whetstone"},{"floor":14.0,"key":"Mercury Hourglass"},{"floor":23.0,"key":"Omamori"},{"floor":25,"key":"Vajra"},{"floor":26,"key":"Gremlin Horn"},{"floor":28,"key":"Orichalcum"},{"floor":36,"key":"Pocketwatch"},{"floor":37,"key":"Dead Branch"},{"floor":41,"key":"Ginger"},{"floor":43,"key":"Pantograph"},{"floor":44,"key":"Shovel"},{"floor":47,"key":"Thread and Needle"},{"floor":49,"key":"Shuriken"},{"floor":54,"key":"War Paint"}],"event_choices":[{"damage_healed":0.0,"max_hp_gain":0.0,"max_hp_loss":0.0,"gold_gain":0.0,"event_name":"WeMeetAgain","player_choice":"Paid Gold","floor":8.0,"gold_loss":69.0,"damage_taken":0.0,"relics_obtained":["Art of War"]},{"damage_healed":0.0,"max_hp_gain":0.0,"max_hp_loss":0.0,"gold_gain":0.0,"event_name":"Golden Idol","player_choice":"Take Wound","floor":12.0,"gold_loss":0.0,"damage_taken":0.0,"relics_obtained":["Golden Idol"],"cards_obtained":["Injury"]},{"damage_healed":0.0,"max_hp_gain":0.0,"max_hp_loss":38.0,"gold_gain":0.0,"event_name":"Ghosts","player_choice":"Became a Ghost","floor":19.0,"gold_loss":0.0,"damage_taken":0.0,"cards_obtained":["Ghostly","Ghostly","Ghostly","Ghostly","Ghostly"]},{"damage_healed":0.0,"max_hp_gain":0.0,"max_hp_loss":0.0,"gold_gain":0.0,"event_name":"The Mausoleum","player_choice":"Opened","floor":21.0,"gold_loss":0.0,"damage_taken":0.0,"relics_obtained":["Darkstone Periapt"]},{"damage_healed":0,"gold_gain":0,"player_choice":"Became a vampire","damage_taken":0,"max_hp_gain":0,"max_hp_loss":12,"event_name":"Vampires","floor":29,"gold_loss":0,"cards_obtained":["Bite","Bite","Bite","Bite","Bite"]},{"damage_healed":0,"gold_gain":0,"player_choice":"Fight","damage_taken":0,"max_hp_gain":0,"max_hp_loss":0,"event_name":"MindBloom","floor":36,"gold_loss":0},{"damage_healed":0,"gold_gain":0,"player_choice":"Fight","damage_taken":0,"max_hp_gain":0,"max_hp_loss":0,"event_name":"Mysterious Sphere","floor":37,"gold_loss":0},{"damage_healed":0,"gold_gain":333,"player_choice":"Gave Idol","damage_taken":0,"max_hp_gain":0,"max_hp_loss":0,"event_name":"The Moai Head","floor":38,"relics_lost":["Golden Idol"],"gold_loss":0},{"damage_healed":0,"gold_gain":0,"player_choice":"Upgraded","damage_taken":0,"max_hp_gain":0,"max_hp_loss":0,"event_name":"Upgrade Shrine","floor":48,"gold_loss":0,"cards_upgraded":["Panache"]}],"is_beta":false,"boss_relics":[{"not_picked":["Cursed Key","Fusion Hammer"],"picked":"Inserter"},{"not_picked":["White Beast Statue","Velvet Choker"],"picked":"Philosopher\u0027s Stone"}],"items_purged_floors":[0,31,45],"is_endless":false,"potions_floor_spawned":[1,4,5,10,14,18,20,23,35,39,44,47,54],"killed_by":"The Heart","ascension_level":2}