{"gold_per_floor":[114,64,64,78,93,93,129,52,77,97,137,102,102,142,142,142],"floor_reached":16,"playtime":934,"items_purged":[],"score":177,"play_id":"ed415692-4e54-4ee1-953c-7f79f94d22b5","local_time":"20190403153853","is_ascension_mode":true,"campfire_choices":[{"data":"Neutralize","floor":6,"key":"SMITH"},{"floor":13,"key":"REST"},{"data":"Footwork","floor":15,"key":"SMITH"}],"neow_cost":"NONE","seed_source_timestamp":1149632403608392,"circlet_count":0,"master_deck":["AscendersBane","Defend_G","Defend_G","Defend_G","Defend_G","Strike_G","Strike_G","Strike_G","Strike_G","Survivor","Neutralize+1","Flying Knee","Cloak And Dagger","Blade Dance","Infinite Blades","Footwork+1"],"relics":["Ring of the Snake","Golden Idol","Omamori","Happy Flower","Pantograph","Pear"],"potions_floor_usage":[11,11,14],"damage_taken":[{"damage":2,"enemies":"2 Louse","floor":1,"turns":4},{"damage":0,"enemies":"Small Slimes","floor":4,"turns":3},{"damage":0,"enemies":"Cultist","floor":5,"turns":4},{"damage":37,"enemies":"3 Sentries","floor":7,"turns":14},{"damage":3,"enemies":"Looter","floor":10,"turns":3},{"damage":13,"enemies":"Gremlin Nob","floor":11,"turns":3},{"damage":10,"enemies":"3 Sentries","floor":14,"turns":9},{"damage":56,"enemies":"The Guardian","floor":16,"turns":6}],"seed_played":"1044966946637129552","potions_obtained":[{"floor":4,"key":"GamblersBrew"},{"floor":5,"key":"Dexterity Potion"},{"floor":7,"key":"Strength Potion"},{"floor":10,"key":"Poison Potion"}],"is_trial":false,"path_per_floor":["M","?","?","M","M","R","E","$","T","M","E","?","R","E","R","B"],"character_chosen":"THE_SILENT","items_purchased":["Infinite Blades"],"campfire_rested":1,"item_purchase_floors":[8],"current_hp_per_floor":[61,61,61,61,61,61,24,24,24,21,8,8,27,27,27,0],"gold":142,"neow_bonus":"REMOVE_CARD","is_prod":false,"is_daily":false,"chose_seed":false,"campfire_upgraded":2,"win_rate":0,"timestamp":1554331133,"path_taken":["M","?","?","M","M","R","E","$","T","M","E","?","R","E","R","BOSS"],"build_version":"2019-01-23","purchased_purges":0,"victory":false,"max_hp_per_floor":[70,70,65,65,65,65,65,65,65,65,65,65,65,75,75,75],"card_choices":[{"not_picked":["Poisoned Stab","Crippling Poison"],"picked":"Flying Knee","floor":1},{"not_picked":["Dodge and Roll","Flying Knee"],"picked":"Cloak And Dagger","floor":4},{"not_picked":["Bane","Noxious Fumes","Backflip"],"picked":"SKIP","floor":5},{"not_picked":["Underhanded Strike","Slice"],"picked":"Blade Dance","floor":7},{"not_picked":["Acrobatics","Bane","Bouncing Flask"],"picked":"SKIP","floor":10},{"not_picked":["Acrobatics","Blur","Endless Agony"],"picked":"SKIP","floor":11},{"not_picked":["Leg Sweep","Noxious Fumes"],"picked":"Footwork","floor":14}],"player_experience":449594,"relics_obtained":[{"floor":7,"key":"Omamori"},{"floor":9,"key":"Happy Flower"},{"floor":11,"key":"Pantograph"},{"floor":14,"key":"Pear"}],"event_choices":[{"cards_removed":["Strike_G"],"damage_healed":0,"gold_gain":0,"player_choice":"Card Removal","damage_taken":0,"max_hp_gain":0,"max_hp_loss":0,"event_name":"The Cleric","floor":2,"gold_loss":50},{"damage_healed":0,"gold_gain":0,"player_choice":"Lose Max HP","damage_taken":0,"relics_obtained":["Golden Idol"],"max_hp_gain":0,"max_hp_loss":5,"event_name":"Golden Idol","floor":3,"gold_loss":0},{"damage_healed":0,"gold_gain":0,"player_choice":"Left Gold","damage_taken":0,"max_hp_gain":0,"max_hp_loss":0,"event_name":"World of Goop","floor":12,"gold_loss":35}],"is_beta":false,"boss_relics":[],"items_purged_floors":[],"is_endless":false,"potions_floor_spawned":[4,5,7,10],"killed_by":"The Guardian","ascension_level":10}