{"gold_per_floor":[361,24,34,49,49,80,92,125,174,201,213,237,249,280,292,400,412,441,453,390,402,397,439,366,395,433,35,35,35,58,91,91,188,188,203,503,521,541,556,589,589,637,637,196,214,229,229,329,329,329,329,329,22,49,49],"floor_reached":56,"playtime":4996,"items_purged":["Writhe","Strike_R","Defend_R"],"score":1210,"play_id":"255f4cfe-590b-4875-bbe6-676d7eeba7b6","local_time":"20190507100716","is_ascension_mode":false,"campfire_choices":[{"data":"Iron Wave","floor":13.0,"key":"SMITH"},{"data":"Metallicize","floor":15.0,"key":"SMITH"},{"data":"Perfected Strike","floor":28.0,"key":"SMITH"},{"data":"Metallicize","floor":32.0,"key":"SMITH"},{"data":"Pummel","floor":41.0,"key":"SMITH"},{"floor":47.0,"key":"RECALL"},{"data":"FTL","floor":49.0,"key":"SMITH"},{"data":"Bash","floor":52,"key":"SMITH"}],"neow_cost":"CURSE","seed_source_timestamp":0,"circlet_count":0,"master_deck":["Strike_R+1","Strike_R+1","Defend_R+1","Defend_R","Bash+1","Pummel+1","FTL+1","Reaper","Clash","Perfected Strike+1","Metallicize+1","Iron Wave+1","Shrug It Off","Twin Strike+1","Fiend Fire","Rage+1","Metallicize+1","Inflame+1","Metallicize","Iron Wave","Barricade"],"special_seed":0,"relics":["Burning Blood","Mercury Hourglass","Pantograph","Paper Frog","Omamori","MawBank","Lizard Tail","Happy Flower","Matryoshka","Smiling Mask","Kunai","Centennial Puzzle","War Paint","Bottled Flame","Cursed Key","Potion Belt","Gambling Chip","StoneCalendar","Red Skull","Whetstone","Torii","Mango"],"potions_floor_usage":[55,55,55,55,55],"damage_taken":[{"damage":6.0,"enemies":"Cultist","floor":1.0,"turns":4.0},{"damage":2.0,"enemies":"2 Louse","floor":3.0,"turns":2.0},{"damage":6.0,"enemies":"Jaw Worm","floor":4.0,"turns":2.0},{"damage":21.0,"enemies":"3 Sentries","floor":6.0,"turns":7.0},{"damage":11.0,"enemies":"3 Louse","floor":7.0,"turns":2.0},{"damage":36.0,"enemies":"Lagavulin","floor":8.0,"turns":4.0},{"damage":14.0,"enemies":"Gremlin Nob","floor":10.0,"turns":3.0},{"damage":0.0,"enemies":"Large Slime","floor":12.0,"turns":4.0},{"damage":1.0,"enemies":"Exordium Wildlife","floor":14.0,"turns":3.0},{"damage":67.0,"enemies":"Hexaghost","floor":16.0,"turns":11.0},{"damage":0.0,"enemies":"Spheric Guardian","floor":18.0,"turns":3.0},{"damage":39.0,"enemies":"Colosseum Slavers","floor":21.0,"turns":5.0},{"damage":6.0,"enemies":"2 Thieves","floor":22.0,"turns":4.0},{"damage":49.0,"enemies":"Book of Stabbing","floor":23.0,"turns":7.0},{"damage":20.0,"enemies":"Snake Plant","floor":25.0,"turns":4.0},{"damage":29.0,"enemies":"Slavers","floor":31.0,"turns":6.0},{"damage":70.0,"enemies":"Champ","floor":33.0,"turns":17.0},{"damage":1.0,"enemies":"3 Darklings","floor":35.0,"turns":6.0},{"damage":14.0,"enemies":"Orb Walker","floor":37.0,"turns":4.0},{"damage":22.0,"enemies":"Transient","floor":38.0,"turns":5.0},{"damage":24.0,"enemies":"Spire Growth","floor":39.0,"turns":5.0},{"damage":33.0,"enemies":"Reptomancer","floor":40.0,"turns":7.0},{"damage":17.0,"enemies":"2 Orb Walkers","floor":42.0,"turns":6.0},{"damage":20.0,"enemies":"Maw","floor":45.0,"turns":6.0},{"damage":0.0,"enemies":"Writhing Mass","floor":46.0,"turns":4.0},{"damage":13.0,"enemies":"Mind Bloom Boss Battle","floor":48.0,"turns":5.0},{"damage":54.0,"enemies":"Time Eater","floor":50.0,"turns":9.0},{"damage":87,"enemies":"Shield and Spear","floor":54,"turns":8},{"damage":72,"enemies":"The Heart","floor":55,"turns":14}],"seed_played":"-1618945625659650472","potions_obtained":[{"floor":1.0,"key":"SteroidPotion"},{"floor":7.0,"key":"BloodPotion"},{"floor":8.0,"key":"Energy Potion"},{"floor":10.0,"key":"Fire Potion"},{"floor":25.0,"key":"Dexterity Potion"},{"floor":31.0,"key":"Energy Potion"},{"floor":33.0,"key":"LiquidBronze"},{"floor":35.0,"key":"GamblersBrew"},{"floor":40.0,"key":"Poison Potion"},{"floor":45.0,"key":"Ancient Potion"},{"floor":46.0,"key":"Ancient Potion"}],"is_trial":false,"path_per_floor":["M","$","M","M","?","E","M","E","T","E","?","M","R","M","R","B",null,"M","?","?","?","M","E","?","M","T","$","R","?","T","E","R","B",null,"M","?","M","M","M","E","R","?","T","$","M","M","R","?","R","B",null,"R","$","E","B",null],"character_chosen":"IRONCLAD","items_purchased":["Mercury Hourglass","Kunai","Fiend Fire","Red Skull","Whetstone","PowerPotion","AttackPotion","Metallicize","Iron Wave","Dexterity Potion","BloodPotion"],"campfire_rested":0,"item_purchase_floors":[2,27,27,44,44,44,44,53,53,53,53],"current_hp_per_floor":[80,80,80,80,80,65,68,47,47,39,39,47,47,59,59,19,80,80,80,80,66,74,31,31,17,17,17,17,17,17,46,46,7,80,80,80,72,64,53,36,36,32,32,32,18,24,24,52,52,46,80,80,80,22,7],"gold":49,"neow_bonus":"TWO_FIFTY_GOLD","is_prod":false,"is_daily":false,"chose_seed":false,"campfire_upgraded":7,"win_rate":0,"timestamp":1557248836,"path_taken":["M","$","M","M","?","E","?","E","T","E","?","M","R","?","R","BOSS","M","?","?","?","M","E","?","?","T","$","R","?","?","E","R","BOSS","M","?","M","?","M","E","R","?","T","?","?","M","R","?","R","BOSS","R","$","E","BOSS"],"build_version":"2019-01-23","purchased_purges":3,"victory":true,"max_hp_per_floor":[80,80,80,80,80,80,80,80,80,80,80,80,80,80,80,80,80,80,80,80,80,80,80,80,80,80,80,80,80,80,80,80,80,80,80,80,80,80,80,80,80,80,80,80,80,80,80,80,80,80,80,80,80,94,94],"card_choices":[{"not_picked":["Reckless Charge","Armaments"],"picked":"Pummel","floor":1.0},{"not_picked":["True Grit","Heavy Blade","Headbutt"],"picked":"SKIP","floor":3.0},{"not_picked":["Clothesline","Heavy Blade","Rupture"],"picked":"SKIP","floor":4.0},{"not_picked":["Fiend Fire","Bloodletting"],"picked":"Reaper","floor":6.0},{"not_picked":["Heavy Blade","Searing Blow"],"picked":"Clash","floor":7.0},{"not_picked":["Infernal Blade","True Grit"],"picked":"Perfected Strike","floor":8.0},{"not_picked":["Entrench","Flame Barrier"],"picked":"Metallicize","floor":10.0},{"not_picked":["Thunderclap","Ghostly Armor"],"picked":"Iron Wave","floor":12.0},{"not_picked":["Burning Pact","Headbutt","Corruption"],"picked":"SKIP","floor":14.0},{"not_picked":["True Grit","Heavy Blade"],"picked":"Shrug It Off","floor":18.0},{"not_picked":["Shockwave+1","Thunderclap+1","Berserk"],"picked":"SKIP","floor":22.0},{"not_picked":["Uppercut","Havoc+1"],"picked":"Twin Strike+1","floor":23.0},{"not_picked":["Rampage","Hemokinesis","Clothesline"],"picked":"SKIP","floor":25.0},{"not_picked":["Headbutt","Twin Strike"],"picked":"Metallicize","floor":31.0},{"not_picked":["Disarm","Sword Boomerang","True Grit+1"],"picked":"SKIP","floor":35.0},{"not_picked":["Pommel Strike+1","Burning Pact+1"],"picked":"Inflame+1","floor":37.0},{"not_picked":["Thunderclap+1","Headbutt+1","Sword Boomerang+1"],"picked":"SKIP","floor":38.0},{"not_picked":["Clash+1","Armaments","Shrug It Off"],"picked":"SKIP","floor":39.0},{"not_picked":["Disarm","Flex","Fiend Fire"],"picked":"SKIP","floor":40.0},{"not_picked":["Shrug It Off","Sentinel+1","Searing Blow"],"picked":"SKIP","floor":45.0},{"not_picked":["Clash+1","Dual Wield+1","Flex"],"picked":"SKIP","floor":46.0},{"not_picked":["Intimidate+1","Immolate"],"picked":"Barricade","floor":54}],"player_experience":478541,"relics_obtained":[{"floor":6.0,"key":"Pantograph"},{"floor":8.0,"key":"Paper Frog"},{"floor":9.0,"key":"Omamori"},{"floor":10.0,"key":"MawBank"},{"floor":23.0,"key":"Happy Flower"},{"floor":26.0,"key":"Smiling Mask"},{"floor":30.0,"key":"Centennial Puzzle"},{"floor":30.0,"key":"War Paint"},{"floor":31.0,"key":"Bottled Flame"},{"floor":40.0,"key":"Potion Belt"},{"floor":42.0,"key":"Gambling Chip"},{"floor":43.0,"key":"StoneCalendar"},{"floor":48.0,"key":"Torii"},{"floor":54,"key":"Mango"}],"event_choices":[{"cards_removed":["Strike_R"],"damage_healed":0.0,"max_hp_gain":0.0,"max_hp_loss":0.0,"gold_gain":0.0,"event_name":"NoteForYourself","player_choice":"Took Card","floor":5.0,"gold_loss":0.0,"damage_taken":0.0,"cards_obtained":["FTL"]},{"cards_removed":["Strike_R"],"damage_healed":0.0,"max_hp_gain":0.0,"max_hp_loss":0.0,"gold_gain":0.0,"event_name":"Wheel of Change","player_choice":"Card Removal","floor":11.0,"gold_loss":0.0,"damage_taken":0.0},{"damage_healed":0.0,"max_hp_gain":0.0,"max_hp_loss":0.0,"gold_gain":0.0,"event_name":"Ghosts","player_choice":"Ignored","floor":19.0,"gold_loss":0.0,"damage_taken":0.0},{"cards_removed":["Defend_R"],"damage_healed":0.0,"max_hp_gain":0.0,"max_hp_loss":0.0,"gold_gain":0.0,"event_name":"Beggar","player_choice":"Gave Gold","floor":20.0,"gold_loss":75.0,"damage_taken":0.0},{"damage_healed":0.0,"max_hp_gain":0.0,"max_hp_loss":0.0,"gold_gain":0.0,"event_name":"Colosseum","player_choice":"Fight","floor":21.0,"gold_loss":0.0,"damage_taken":0.0},{"damage_healed":0.0,"max_hp_gain":0.0,"max_hp_loss":0.0,"gold_gain":0.0,"event_name":"Colosseum","player_choice":"Fled From Nobs","floor":21.0,"gold_loss":0.0,"damage_taken":0.0},{"damage_healed":0.0,"max_hp_gain":0.0,"max_hp_loss":0.0,"gold_gain":0.0,"event_name":"Addict","player_choice":"Obtained Relic","floor":24.0,"gold_loss":85.0,"damage_taken":0.0,"relics_obtained":["Matryoshka"]},{"damage_healed":0.0,"max_hp_gain":0.0,"max_hp_loss":0.0,"gold_gain":0.0,"event_name":"The Library","player_choice":"Read","floor":29.0,"gold_loss":0.0,"damage_taken":0.0,"cards_obtained":["Rage"]},{"damage_healed":0.0,"max_hp_gain":0.0,"max_hp_loss":0.0,"gold_gain":300.0,"event_name":"Wheel of Change","player_choice":"Gold","floor":36.0,"gold_loss":0.0,"damage_taken":0.0},{"damage_healed":0.0,"max_hp_gain":0.0,"max_hp_loss":0.0,"gold_gain":0.0,"event_name":"Mysterious Sphere","player_choice":"Fight","floor":42.0,"gold_loss":0.0,"damage_taken":0.0},{"damage_healed":0.0,"max_hp_gain":0.0,"max_hp_loss":0.0,"gold_gain":0.0,"event_name":"MindBloom","player_choice":"Fight","floor":48.0,"gold_loss":0.0,"damage_taken":0.0}],"is_beta":false,"boss_relics":[{"not_picked":["Runic Cube","Snecko Eye"],"picked":"Lizard Tail"},{"not_picked":["Pandora\u0027s Box","Empty Cage"],"picked":"Cursed Key"}],"items_purged_floors":[2,44,53],"is_endless":false,"potions_floor_spawned":[1,7,8,10,25,31,33,35,40,45,46],"ascension_level":0}