{"gold_per_floor":[117,137,212,212,230,260,293,293,293,327,327,327,327,347,347,449,449,461,30,30,48,48,73,73,103,154,39,39,39,56,75,75,175,225,239,88,0,0,11,43,70,80,107,107,107,107,136,136,136,136],"floor_reached":51,"playtime":4223,"items_purged":["Recycle"],"score":867,"play_id":"7d01d72b-1f3b-46b9-8f87-9fae3786aff2","local_time":"20190401011151","daily_mods":["Draft","Colorless Cards","Flight"],"is_ascension_mode":false,"campfire_choices":[{"data":"Bandage Up","floor":8,"key":"SMITH"},{"data":"Conserve Battery","floor":11,"key":"SMITH"},{"data":"Lockon","floor":15,"key":"SMITH"},{"data":"Electrodynamics","floor":24,"key":"SMITH"},{"floor":25,"key":"DIG"},{"data":"Conserve Battery","floor":28,"key":"SMITH"},{"floor":29,"key":"DIG"},{"data":"Consume","floor":32,"key":"SMITH"},{"floor":45,"key":"REST"},{"data":"Capacitor","floor":49,"key":"SMITH"}],"neow_cost":"","seed_source_timestamp":138734116157822,"circlet_count":0,"master_deck":["Conserve Battery+1","Lockon+1","Conserve Battery+1","Barrage","Tempest","Ball Lightning","Chill","Bandage Up+1","Cold Snap+1","Reinforced Body+1","Consume+1","Redo","Good Instincts","Swift Strike+1","Flash of Steel+1","Gash","Doom and Gloom+1","Electrodynamics+1","Melter+1","Finesse","Ball Lightning+1","Skim","Apotheosis","Capacitor+1","Loop","Defragment","Rainbow","Fusion+1","Compile Driver"],"relics":["Cracked Core","Bag of Marbles","Torii","Ornamental Fan","Kunai","Nuclear Battery","Membership Card","Shovel","Blood Vial","Gambling Chip","MutagenicStrength","Art of War","Tiny Chest","Regal Pillow","Omamori","Pen Nib","Tiny House","Whetstone","Red Mask","Shuriken","Happy Flower","Potion Belt","Pear","Pantograph"],"potions_floor_usage":[6,7,40,50,50],"damage_taken":[{"damage":0,"enemies":"Cultist","floor":1,"turns":3},{"damage":0,"enemies":"Small Slimes","floor":2,"turns":2},{"damage":0,"enemies":"2 Louse","floor":5,"turns":2},{"damage":11,"enemies":"Lagavulin","floor":6,"turns":4},{"damage":2,"enemies":"3 Sentries","floor":7,"turns":5},{"damage":7,"enemies":"Lagavulin","floor":10,"turns":5},{"damage":1,"enemies":"Exordium Wildlife","floor":14,"turns":3},{"damage":0,"enemies":"Slime Boss","floor":16,"turns":5},{"damage":0,"enemies":"Shell Parasite","floor":18,"turns":2},{"damage":0,"enemies":"Spheric Guardian","floor":21,"turns":2},{"damage":0,"enemies":"Slavers","floor":23,"turns":5},{"damage":0,"enemies":"Snake Plant","floor":30,"turns":2},{"damage":0,"enemies":"3 Cultists","floor":31,"turns":3},{"damage":21,"enemies":"Automaton","floor":33,"turns":8},{"damage":8,"enemies":"3 Shapes","floor":35,"turns":3},{"damage":0,"enemies":"3 Darklings","floor":39,"turns":3},{"damage":32,"enemies":"Nemesis","floor":40,"turns":7},{"damage":16,"enemies":"Giant Head","floor":41,"turns":6},{"damage":12,"enemies":"Sphere and 2 Shapes","floor":42,"turns":4},{"damage":1,"enemies":"Reptomancer","floor":47,"turns":4},{"damage":47,"enemies":"Awakened One","floor":50,"turns":8}],"seed_played":"-723939964313587472","potions_obtained":[{"floor":1,"key":"Fire Potion"},{"floor":2,"key":"Swift Potion"},{"floor":7,"key":"PowerPotion"},{"floor":14,"key":"Block Potion"},{"floor":23,"key":"SteroidPotion"},{"floor":31,"key":"GamblersBrew"},{"floor":34,"key":"Fire Potion"},{"floor":40,"key":"AttackPotion"}],"is_trial":true,"path_per_floor":["M","M","?","$","M","E","E","R","T","E","R","?","$","M","R","B",null,"M","$","?","M","?","E","R","R","T","$","R","R","M","M","R","B",null,"M","$","?","?","M","E","E","M","T","?","R","?","E","T","R","B",null],"character_chosen":"DEFECT","items_purchased":["Membership Card","Shovel","Blood Vial","Skim","Omamori","Whetstone","Defragment"],"campfire_rested":1,"item_purchase_floors":[19,19,19,27,27,36,36],"current_hp_per_floor":[75,75,64,64,64,57,59,59,59,58,58,43,43,48,48,54,75,75,75,75,75,75,75,75,75,75,75,75,75,75,75,75,60,80,78,78,78,78,80,54,46,42,42,42,80,80,90,90,90,49],"gold":136,"neow_bonus":"","is_prod":false,"is_daily":false,"chose_seed":false,"campfire_upgraded":7,"win_rate":0,"timestamp":1554095511,"path_taken":["M","?","?","$","M","E","E","R","T","E","R","?","?","?","R","BOSS","M","$","?","?","?","E","R","R","T","?","R","R","M","M","R","BOSS","M","$","?","?","M","E","E","?","T","?","R","?","E","?","R","BOSS"],"build_version":"2019-01-23","purchased_purges":1,"victory":true,"max_hp_per_floor":[75,75,75,75,75,75,75,75,75,75,75,75,75,75,75,75,75,75,75,75,75,75,75,75,75,75,75,75,75,75,75,75,75,80,80,80,80,80,80,80,80,80,80,80,80,80,90,90,90,90],"card_choices":[{"not_picked":["Blizzard","Static Discharge"],"picked":"Conserve Battery","floor":0},{"not_picked":["Aggregate","Leap"],"picked":"Lockon","floor":0},{"not_picked":["Hologram","Enlightenment"],"picked":"Conserve Battery","floor":0},{"not_picked":["Dark Shackles","BootSequence"],"picked":"Barrage","floor":0},{"not_picked":["Streamline","Barrage"],"picked":"Tempest","floor":0},{"not_picked":["Storm","Blind"],"picked":"Ball Lightning","floor":0},{"not_picked":["Sweeping Beam","Turbo"],"picked":"Chill","floor":0},{"not_picked":["Rebound","Heatsinks"],"picked":"Bandage Up","floor":0},{"not_picked":["Tempest","Compile Driver"],"picked":"Cold Snap","floor":0},{"not_picked":["Force Field","Scrape"],"picked":"Recycle","floor":0},{"not_picked":["Rebound","Redo"],"picked":"Reinforced Body","floor":0},{"not_picked":["Leap","Stack"],"picked":"Consume","floor":0},{"not_picked":["Compile Driver","Coolheaded"],"picked":"Redo","floor":0},{"not_picked":["Streamline","Leap"],"picked":"Good Instincts","floor":0},{"not_picked":["Consume","Sweeping Beam"],"picked":"Swift Strike","floor":0},{"not_picked":["Force Field","Hologram","Fusion"],"picked":"SKIP","floor":1},{"not_picked":["Hello World","Scrape","Enlightenment"],"picked":"SKIP","floor":2},{"not_picked":["Swift Strike","Reprogram","Impatience"],"picked":"SKIP","floor":5},{"not_picked":["Stack","Sweeping Beam"],"picked":"Flash of Steel","floor":6},{"not_picked":["Streamline","Recycle","Mind Blast"],"picked":"SKIP","floor":7},{"not_picked":["Genetic Algorithm","Dramatic Entrance"],"picked":"Gash","floor":10},{"not_picked":["Go for the Eyes","Conserve Battery"],"picked":"Doom and Gloom","floor":14},{"not_picked":["Panache","Metamorphosis"],"picked":"Electrodynamics","floor":16},{"not_picked":["Steam","Go for the Eyes"],"picked":"Melter+1","floor":18},{"not_picked":["Heatsinks","Hologram"],"picked":"Finesse","floor":21},{"not_picked":["Go for the Eyes+1","Static Discharge"],"picked":"Ball Lightning+1","floor":23},{"not_picked":["Conserve Battery","Melter"],"picked":"Gash","floor":30},{"not_picked":["Biased Cognition","Hologram+1","Go for the Eyes"],"picked":"SKIP","floor":31},{"not_picked":["Metamorphosis","Rainbow"],"picked":"Apotheosis","floor":33},{"not_picked":["Streamline+1","Cold Snap"],"picked":"Capacitor","floor":34},{"not_picked":["Cold Snap+1","Reinforced Body"],"picked":"Loop","floor":35},{"not_picked":["Heatsinks","Tempest","Hologram"],"picked":"SKIP","floor":39},{"not_picked":["Beam Cell+1","Double Energy"],"picked":"Rainbow","floor":40},{"not_picked":["Rebound","Conserve Battery+1"],"picked":"Fusion+1","floor":41},{"not_picked":["Conserve Battery","Steam+1","Melter"],"picked":"SKIP","floor":42},{"not_picked":["Turbo","BootSequence"],"picked":"Compile Driver","floor":47}],"player_experience":88321,"relics_obtained":[{"floor":6,"key":"Bag of Marbles"},{"floor":7,"key":"Torii"},{"floor":9,"key":"Ornamental Fan"},{"floor":10,"key":"Kunai"},{"floor":23,"key":"Art of War"},{"floor":25,"key":"Tiny Chest"},{"floor":26,"key":"Regal Pillow"},{"floor":29,"key":"Pen Nib"},{"floor":40,"key":"Shuriken"},{"floor":41,"key":"Happy Flower"},{"floor":43,"key":"Potion Belt"},{"floor":47,"key":"Pear"},{"floor":48,"key":"Pantograph"}],"event_choices":[{"damage_healed":0,"gold_gain":75,"player_choice":"Gather Gold","damage_taken":11,"max_hp_gain":0,"max_hp_loss":0,"event_name":"World of Goop","floor":3,"gold_loss":0},{"damage_healed":0,"gold_gain":0,"player_choice":"Entered Light","damage_taken":15,"max_hp_gain":0,"max_hp_loss":0,"event_name":"Shining Light","floor":12,"gold_loss":0,"cards_upgraded":["Cold Snap","Reinforced Body"]},{"damage_healed":0,"gold_gain":0,"player_choice":"Gave Potion","damage_taken":0,"relics_obtained":["Gambling Chip"],"max_hp_gain":0,"max_hp_loss":0,"event_name":"WeMeetAgain","floor":20,"gold_loss":0},{"damage_healed":0,"gold_gain":0,"player_choice":"Inject Mutagens","damage_taken":0,"relics_obtained":["MutagenicStrength"],"max_hp_gain":0,"max_hp_loss":0,"event_name":"Drug Dealer","floor":22,"gold_loss":0},{"damage_healed":0,"gold_gain":0,"player_choice":"Paid","damage_taken":0,"relics_obtained":["Red Mask"],"max_hp_gain":0,"max_hp_loss":0,"event_name":"Tomb of Lord Red Mask","floor":37,"gold_loss":88},{"damage_healed":0,"gold_gain":0,"player_choice":"Ignored","damage_taken":0,"max_hp_gain":0,"max_hp_loss":0,"event_name":"SecretPortal","floor":38,"gold_loss":0},{"cards_removed":["Gash"],"damage_healed":0,"gold_gain":0,"player_choice":"Removed Attack","damage_taken":0,"max_hp_gain":0,"max_hp_loss":0,"event_name":"Falling","floor":44,"gold_loss":0},{"damage_healed":0,"gold_gain":0,"player_choice":"Memory 1","damage_taken":0,"max_hp_gain":0,"max_hp_loss":0,"event_name":"SensoryStone","floor":46,"gold_loss":0}],"is_beta":false,"boss_relics":[{"not_picked":["Calling Bell","FrozenCore"],"picked":"Nuclear Battery"},{"not_picked":["Sozu","Coffee Dripper"],"picked":"Tiny House"}],"items_purged_floors":[36],"is_endless":false,"potions_floor_spawned":[1,2,7,14,23,31,40,42],"ascension_level":0}