{"gold_per_floor":[117,117,135,23,23,23,49,49,49,61,61,71,71,82,82,82],"floor_reached":16,"playtime":692,"items_purged":["Strike_B"],"score":170,"play_id":"7b238818-d602-4335-9346-3e4bbe7c942e","local_time":"20190822212306","is_ascension_mode":true,"campfire_choices":[{"floor":6,"key":"REST"},{"data":"Zap","floor":8,"key":"SMITH"},{"data":"Dualcast","floor":11,"key":"SMITH"},{"floor":15,"key":"REST"}],"neow_cost":"PERCENT_DAMAGE","seed_source_timestamp":825460123360293,"circlet_count":0,"master_deck":["AscendersBane","Strike_B","Strike_B","Defend_B","Defend_B","Zap+1","Dualcast+1","Reprogram","Machine Learning","Capacitor","Ball Lightning"],"relics":["Cracked Core","Gremlin Horn","Frozen Egg 2","Singing Bowl"],"potions_floor_usage":[7,14,16],"damage_taken":[{"damage":7,"enemies":"Jaw Worm","floor":1,"turns":3},{"damage":1,"enemies":"Cultist","floor":3,"turns":3},{"damage":35,"enemies":"3 Sentries","floor":7,"turns":6},{"damage":0,"enemies":"2 Louse","floor":10,"turns":3},{"damage":6,"enemies":"Blue Slaver","floor":12,"turns":4},{"damage":0,"enemies":"Lots of Slimes","floor":14,"turns":2},{"damage":46,"enemies":"Slime Boss","floor":16,"turns":5}],"seed_played":"6927375697603260636","potions_obtained":[{"floor":1,"key":"Fire Potion"},{"floor":10,"key":"SteroidPotion"},{"floor":12,"key":"Strength Potion"},{"floor":14,"key":"Ancient Potion"}],"is_trial":false,"path_per_floor":["M","?","M","$","?","R","E","R","T","M","R","M","$","M","R","B"],"character_chosen":"DEFECT","items_purchased":["Capacitor"],"campfire_rested":2,"item_purchase_floors":[4],"current_hp_per_floor":[39,32,31,31,31,52,17,17,17,19,19,13,13,15,37,0],"gold":82,"neow_bonus":"REMOVE_TWO","is_prod":false,"is_daily":false,"chose_seed":false,"campfire_upgraded":2,"win_rate":0,"timestamp":1566526986,"path_taken":["M","?","M","$","?","R","E","R","T","M","R","M","$","?","R","BOSS"],"build_version":"2019-07-17","purchased_purges":1,"victory":false,"max_hp_per_floor":[71,71,71,71,71,71,71,71,71,73,73,73,73,75,75,75],"card_choices":[{"not_picked":["Gash","Redo"],"picked":"Reprogram","floor":1},{"not_picked":["Redo","Heatsinks"],"picked":"Machine Learning","floor":3},{"not_picked":["Chaos","Fission","Go for the Eyes"],"picked":"SKIP","floor":7},{"not_picked":["Barrage","Recycle","Chaos"],"picked":"Singing Bowl","floor":10},{"not_picked":["Skim","Barrage"],"picked":"Ball Lightning","floor":12},{"not_picked":["Coolheaded","Conserve Battery","Beam Cell"],"picked":"Singing Bowl","floor":14}],"player_experience":776881,"relics_obtained":[{"floor":7,"key":"Frozen Egg 2"},{"floor":9,"key":"Singing Bowl"}],"event_choices":[{"damage_healed":0,"gold_gain":0,"player_choice":"Success","damage_taken":7,"relics_obtained":["Gremlin Horn"],"max_hp_gain":0,"max_hp_loss":0,"event_name":"Scrap Ooze","floor":2,"gold_loss":0},{"cards_removed":["Defend_B"],"damage_healed":0,"gold_gain":0,"player_choice":"Purged","damage_taken":0,"max_hp_gain":0,"max_hp_loss":0,"event_name":"Purifier","floor":5,"gold_loss":0}],"is_beta":false,"boss_relics":[],"items_purged_floors":[4],"is_endless":false,"potions_floor_spawned":[1,10,12,14],"killed_by":"Slime Boss","ascension_level":14}