{"gold_per_floor":[114,114,128,140,215,232,248,266,266,278,290,302,13,37,37,167,167,181,201,381,281,299,299,319,125,125,139,139,155,169,294,294,294],"floor_reached":33,"playtime":4488,"items_purged":["Strike_B","Defend_B","Defend_B"],"score":243,"play_id":"ab0217ae-a1a4-4825-ba05-94dd065ffadb","local_time":"20190917171955","is_ascension_mode":false,"campfire_choices":[{"data":"Fusion","floor":10,"key":"SMITH"},{"data":"Zap","floor":15,"key":"SMITH"},{"data":"Coolheaded","floor":23,"key":"SMITH"},{"data":"Dualcast","floor":28,"key":"SMITH"},{"data":"Reboot","floor":32,"key":"SMITH"}],"neow_cost":"NONE","seed_source_timestamp":499897745494300,"circlet_count":0,"master_deck":["Strike_B","Strike_B","Defend_B","Defend_B","Zap+1","Dualcast+1","Fusion+1","Lockon","Hologram","Coolheaded+1","Reinforced Body+1","FTL","Reinforced Body","Chaos+1","Reboot+1","All For One","Redo","Jack Of All Trades","Redo+1","Loop","Barrage+1","Redo+1","Consume"],"relics":["Cracked Core","MawBank","Golden Idol","War Paint","Nuclear Battery","Meat on the Bone","Sundial","Peace Pipe"],"potions_floor_usage":[],"damage_taken":[{"damage":10,"enemies":"2 Louse","floor":1,"turns":4},{"damage":4,"enemies":"Small Slimes","floor":3,"turns":5},{"damage":0,"enemies":"Cultist","floor":4,"turns":3},{"damage":0,"enemies":"Looter","floor":6,"turns":4},{"damage":0,"enemies":"Blue Slaver","floor":7,"turns":4},{"damage":8,"enemies":"Lots of Slimes","floor":8,"turns":5},{"damage":2,"enemies":"3 Louse","floor":14,"turns":3},{"damage":29,"enemies":"Slime Boss","floor":16,"turns":9},{"damage":3,"enemies":"Shell Parasite","floor":18,"turns":8},{"damage":6,"enemies":"2 Thieves","floor":19,"turns":4},{"damage":10,"enemies":"Centurion and Healer","floor":22,"turns":5},{"damage":2,"enemies":"Snake Plant","floor":24,"turns":4},{"damage":21,"enemies":"Cultist and Chosen","floor":27,"turns":7},{"damage":3,"enemies":"3 Cultists","floor":29,"turns":4},{"damage":0,"enemies":"Centurion and Healer","floor":30,"turns":6},{"damage":13,"enemies":"Colosseum Slavers","floor":31,"turns":2},{"damage":33,"enemies":"Colosseum Nobs","floor":31,"turns":5},{"damage":36,"enemies":"Automaton","floor":33,"turns":6}],"seed_played":"1179521600184250956","potions_obtained":[{"floor":1,"key":"Block Potion"},{"floor":4,"key":"SteroidPotion"},{"floor":6,"key":"GamblersBrew"}],"is_trial":false,"path_per_floor":["M","?","M","M","?","M","M","M","T","R","?","?","$","M","R","B",null,"M","M","?","$","M","R","M","$","T","M","R","M","M","?","R","B"],"character_chosen":"DEFECT","items_purchased":["Chaos","War Paint","Loop"],"campfire_rested":0,"item_purchase_floors":[13,13,25],"current_hp_per_floor":[65,58,54,54,43,43,43,35,35,35,60,42,42,40,40,11,75,72,66,38,38,28,28,26,26,26,17,17,26,38,16,16,0],"gold":294,"neow_bonus":"THREE_CARDS","is_prod":false,"is_daily":false,"chose_seed":false,"campfire_upgraded":5,"win_rate":0.0,"timestamp":1568751595,"path_taken":["M","?","M","M","?","M","M","M","T","R","?","?","$","M","R","BOSS","M","M","?","$","M","R","M","?","T","M","R","M","M","?","R","BOSS"],"build_version":"2019-07-17","purchased_purges":3,"victory":false,"max_hp_per_floor":[75,75,75,75,75,75,75,75,75,75,75,75,75,75,75,75,75,75,75,75,75,75,75,75,75,75,75,75,75,75,75,75,75],"card_choices":[{"not_picked":["Reinforced Body","Gash"],"picked":"Fusion","floor":0},{"not_picked":["Force Field","Streamline"],"picked":"Lockon","floor":1},{"not_picked":["Steam","Fusion"],"picked":"Hologram","floor":3},{"not_picked":["Conserve Battery","Leap"],"picked":"Coolheaded","floor":4},{"not_picked":["Streamline","Chill"],"picked":"Reinforced Body","floor":6},{"not_picked":["Reprogram","Steam Power"],"picked":"FTL","floor":7},{"not_picked":["Stack","Gash"],"picked":"Reinforced Body","floor":8},{"not_picked":["Reinforced Body","Go for the Eyes"],"picked":"Reboot","floor":14},{"not_picked":["Machine Learning","Thunder Strike"],"picked":"All For One","floor":16},{"not_picked":["Conserve Battery+1","Leap"],"picked":"Redo","floor":18},{"not_picked":["Gash","Barrage","Self Repair"],"picked":"SKIP","floor":19},{"not_picked":["Melter","Reprogram","Reinforced Body"],"picked":"SKIP","floor":22},{"not_picked":["Beam Cell+1","Stack+1"],"picked":"Redo+1","floor":24},{"not_picked":["Leap","BootSequence+1"],"picked":"Barrage+1","floor":27},{"not_picked":["Streamline","Conserve Battery","Ball Lightning"],"picked":"SKIP","floor":29},{"not_picked":["Stack","Auto Shields"],"picked":"Redo+1","floor":30},{"not_picked":["Compile Driver","Amplify"],"picked":"Consume","floor":31}],"player_experience":31318,"relics_obtained":[{"floor":9,"key":"MawBank"},{"floor":26,"key":"Meat on the Bone"},{"floor":31,"key":"Sundial"},{"floor":31,"key":"Peace Pipe"}],"event_choices":[{"cards_removed":["Strike_B"],"damage_healed":0,"gold_gain":0,"player_choice":"Card Removal","damage_taken":7,"max_hp_gain":0,"max_hp_loss":0,"event_name":"Golden Wing","floor":2,"gold_loss":0},{"damage_healed":0,"gold_gain":75,"player_choice":"Gather Gold","damage_taken":11,"max_hp_gain":0,"max_hp_loss":0,"event_name":"World of Goop","floor":5,"gold_loss":0},{"damage_healed":25,"gold_gain":0,"player_choice":"Banana","damage_taken":0,"max_hp_gain":0,"max_hp_loss":0,"event_name":"Big Fish","floor":11,"gold_loss":0},{"damage_healed":0,"gold_gain":0,"player_choice":"Take Damage","damage_taken":18,"relics_obtained":["Golden Idol"],"max_hp_gain":0,"max_hp_loss":0,"event_name":"Golden Idol","floor":12,"gold_loss":0},{"damage_healed":0,"gold_gain":180,"player_choice":"CARD GOLD GOLD ","damage_taken":28,"max_hp_gain":0,"max_hp_loss":0,"event_name":"Knowing Skull","floor":20,"potions_obtained":[],"gold_loss":0,"cards_obtained":["Jack Of All Trades"]},{"damage_healed":0,"gold_gain":0,"player_choice":"Fight","damage_taken":0,"max_hp_gain":0,"max_hp_loss":0,"event_name":"Colosseum","floor":31,"gold_loss":0},{"damage_healed":0,"gold_gain":0,"player_choice":"Fought Nobs","damage_taken":0,"max_hp_gain":0,"max_hp_loss":0,"event_name":"Colosseum","floor":31,"gold_loss":0}],"is_beta":false,"boss_relics":[{"not_picked":["Runic Pyramid","White Beast Statue"],"picked":"Nuclear Battery"}],"items_purged_floors":[13,21,25],"is_endless":false,"potions_floor_spawned":[1,4,6,7,24,27,29,31,31],"killed_by":"Automaton","ascension_level":0}