{"gold_per_floor":[114,64,82,157,176,176,192,226,301,312,312,312,312,327,327,423,423,443,454,470,155,175,175,185,196,196,214,249,249,249,268,268,365,365,377,599,215,227,243,276,276],"floor_reached":41,"playtime":13366,"items_purged":["Strike_R","Strike_R"],"score":479,"play_id":"611157b6-6b43-491b-8783-b963bfd74648","local_time":"20190913044401","is_ascension_mode":false,"campfire_choices":[{"data":"Headbutt","floor":6,"key":"SMITH"},{"floor":12,"key":"REST"},{"data":"1","floor":15,"key":"LIFT"},{"data":"2","floor":23,"key":"LIFT"},{"floor":29,"key":"REST"},{"data":"3","floor":32,"key":"LIFT"}],"neow_cost":"","seed_source_timestamp":357978187935428,"circlet_count":0,"master_deck":["Strike_R","Strike_R","Defend_R","Defend_R","Defend_R","Defend_R","Bash","Headbutt+1","Inflame","Rampage","Cleave","Whirlwind","Pommel Strike+1","Headbutt+1","Feed+1","Armaments","Demon Form","Sword Boomerang+1","Purity","Iron Wave+1","Twin Strike+1","Thunderclap+1","Thunderclap+1","Writhe","Metallicize+1","Berserk+1","Double Tap","True Grit+1","Shrug It Off+1"],"relics":["Black Blood","Girya","Molten Egg 2","Centennial Puzzle","NlothsMask","Orichalcum","Red Mask","Frozen Egg 2","Ancient Tea Set","Self Forming Clay"],"potions_floor_usage":[16,16,16,20,22,31,33,33,40,40,41,41],"damage_taken":[{"damage":10,"enemies":"Jaw Worm","floor":1,"turns":5},{"damage":1,"enemies":"2 Louse","floor":3,"turns":5},{"damage":5,"enemies":"Small Slimes","floor":5,"turns":4},{"damage":8,"enemies":"Gremlin Gang","floor":7,"turns":5},{"damage":26,"enemies":"3 Sentries","floor":8,"turns":5},{"damage":17,"enemies":"Large Slime","floor":10,"turns":3},{"damage":5,"enemies":"Looter","floor":14,"turns":3},{"damage":44,"enemies":"The Guardian","floor":16,"turns":7},{"damage":15,"enemies":"3 Byrds","floor":18,"turns":5},{"damage":20,"enemies":"Spheric Guardian","floor":19,"turns":4},{"damage":33,"enemies":"Snake Plant","floor":20,"turns":4},{"damage":14,"enemies":"Centurion and Healer","floor":22,"turns":7},{"damage":18,"enemies":"Cultist and Chosen","floor":24,"turns":6},{"damage":25,"enemies":"Snake Plant","floor":25,"turns":4},{"damage":16,"enemies":"Chosen and Byrds","floor":27,"turns":8},{"damage":13,"enemies":"Masked Bandits","floor":28,"turns":3},{"damage":26,"enemies":"Shelled Parasite and Fungi","floor":31,"turns":4},{"damage":44,"enemies":"Champ","floor":33,"turns":9},{"damage":8,"enemies":"Orb Walker","floor":35,"turns":4},{"damage":8,"enemies":"3 Darklings","floor":38,"turns":2},{"damage":50,"enemies":"Sphere and 2 Shapes","floor":39,"turns":6},{"damage":77,"enemies":"Reptomancer","floor":40,"turns":8},{"damage":19,"enemies":"Maw","floor":41,"turns":2}],"seed_played":"7291640970844472539","potions_obtained":[{"floor":3,"key":"Regen Potion"},{"floor":8,"key":"SkillPotion"},{"floor":14,"key":"Block Potion"},{"floor":19,"key":"Weak Potion"},{"floor":20,"key":"SpeedPotion"},{"floor":24,"key":"SteroidPotion"},{"floor":27,"key":"Strength Potion"},{"floor":28,"key":"BloodPotion"},{"floor":33,"key":"Poison Potion"},{"floor":35,"key":"EntropicBrew"},{"floor":39,"key":"Regen Potion"}],"is_trial":false,"path_per_floor":["M","?","M","?","M","R","M","E","T","M","?","R","?","M","R","B",null,"M","M","M","$","M","R","M","M","T","M","?","R","?","M","R","B",null,"M","?","$","M","M","E","M"],"character_chosen":"IRONCLAD","items_purchased":["Purity","Orichalcum","Double Tap","Ancient Tea Set"],"campfire_rested":2,"item_purchase_floors":[21,21,37,37],"current_hp_per_floor":[76,76,80,69,70,70,68,48,48,37,12,36,36,37,37,13,80,79,73,54,54,54,54,46,31,31,29,26,56,56,70,70,36,104,104,104,104,108,72,17,0],"gold":276,"neow_bonus":"","is_prod":false,"is_daily":false,"chose_seed":false,"campfire_upgraded":1,"win_rate":0.0,"timestamp":1568364241,"path_taken":["M","?","M","?","M","R","M","E","T","M","?","R","?","M","R","BOSS","M","M","M","$","?","R","M","M","T","M","?","R","?","M","R","BOSS","M","?","$","M","M","E","M"],"build_version":"2019-07-17","purchased_purges":2,"victory":false,"max_hp_per_floor":[80,80,80,80,80,80,80,80,80,80,80,80,80,80,80,80,80,84,88,92,92,96,96,96,96,96,100,100,100,100,104,104,104,104,104,104,104,108,112,112,112],"card_choices":[{"not_picked":["Anger","True Grit"],"picked":"Headbutt","floor":1},{"not_picked":["Uppercut","Anger"],"picked":"Inflame","floor":3},{"not_picked":["Perfected Strike","Thunderclap"],"picked":"Rampage","floor":5},{"not_picked":["True Grit","Thunderclap"],"picked":"Cleave","floor":7},{"not_picked":["Clash","Inflame"],"picked":"Whirlwind","floor":8},{"not_picked":["Whirlwind+1","Hemokinesis+1"],"picked":"Pommel Strike+1","floor":10},{"not_picked":["Body Slam+1","Perfected Strike+1"],"picked":"Headbutt+1","floor":14},{"not_picked":["Berserk","Reaper+1"],"picked":"Feed+1","floor":16},{"not_picked":["Clothesline+1","Thunderclap+1"],"picked":"Armaments","floor":18},{"not_picked":["Twin Strike+1","Carnage+1"],"picked":"Demon Form","floor":19},{"not_picked":["Reckless Charge+1","Infernal Blade"],"picked":"Sword Boomerang+1","floor":20},{"not_picked":["Sword Boomerang+1","Armaments+1"],"picked":"Iron Wave+1","floor":22},{"not_picked":["Cleave+1","Pommel Strike+1"],"picked":"Twin Strike+1","floor":24},{"not_picked":["Twin Strike+1","Body Slam+1","Cleave+1"],"picked":"SKIP","floor":25},{"not_picked":["Rage","Blood for Blood+1"],"picked":"Thunderclap+1","floor":27},{"not_picked":["Body Slam+1","Pommel Strike+1"],"picked":"Thunderclap+1","floor":28},{"not_picked":["Flex+1","Rage"],"picked":"Metallicize+1","floor":31},{"not_picked":["Brutality+1","Double Tap"],"picked":"Berserk+1","floor":33},{"not_picked":["Corruption+1","Body Slam+1","Perfected Strike+1"],"picked":"SKIP","floor":35},{"not_picked":["Rupture+1","Clothesline+1","Clash+1"],"picked":"SKIP","floor":38},{"not_picked":["Headbutt+1","Double Tap"],"picked":"True Grit+1","floor":39},{"not_picked":["Headbutt+1","Cleave+1"],"picked":"Shrug It Off+1","floor":40}],"player_experience":0,"relics_obtained":[{"floor":8,"key":"Girya"},{"floor":9,"key":"Molten Egg 2"},{"floor":28,"key":"Red Mask"},{"floor":40,"key":"Self Forming Clay"}],"event_choices":[{"cards_removed":["Strike_R"],"damage_healed":0,"gold_gain":0,"player_choice":"Card Removal","damage_taken":0,"max_hp_gain":0,"max_hp_loss":0,"event_name":"The Cleric","floor":2,"gold_loss":50},{"damage_healed":0,"gold_gain":75,"player_choice":"Gather Gold","damage_taken":11,"max_hp_gain":0,"max_hp_loss":0,"event_name":"World of Goop","floor":4,"gold_loss":0},{"damage_healed":0,"gold_gain":0,"player_choice":"Success","damage_taken":25,"relics_obtained":["Centennial Puzzle"],"max_hp_gain":0,"max_hp_loss":0,"event_name":"Scrap Ooze","floor":11,"gold_loss":0},{"damage_healed":0,"gold_gain":0,"player_choice":"Trade","damage_taken":0,"relics_obtained":["NlothsMask"],"max_hp_gain":0,"max_hp_loss":0,"event_name":"FaceTrader","floor":13,"gold_loss":0},{"damage_healed":0,"gold_gain":0,"player_choice":"Fought Bandits","damage_taken":0,"max_hp_gain":0,"max_hp_loss":0,"event_name":"Masked Bandits","floor":28,"gold_loss":0},{"damage_healed":0,"gold_gain":0,"player_choice":"Opened","damage_taken":0,"relics_obtained":["Frozen Egg 2"],"max_hp_gain":0,"max_hp_loss":0,"event_name":"The Mausoleum","floor":30,"gold_loss":0,"cards_obtained":["Writhe"]},{"damage_healed":0,"gold_gain":222,"player_choice":"Wore Mask","damage_taken":0,"max_hp_gain":0,"max_hp_loss":0,"event_name":"Tomb of Lord Red Mask","floor":36,"gold_loss":0}],"is_beta":false,"boss_relics":[{"not_picked":["Black Star","Orrery"],"picked":"Black Blood"},{"not_picked":["Runic Dome","Coffee Dripper","Mark of Pain"]}],"items_purged_floors":[21,37],"is_endless":false,"potions_floor_spawned":[3,8,14,19,20,24,27,28,33,35,39],"killed_by":"Maw","ascension_level":0}