{"gold_per_floor":[18,29,29,44,119,119,133,50,50,50,64,64],"floor_reached":12,"playtime":399,"items_purged":[],"score":140,"play_id":"9f3a60b9-4a49-4e93-aeb9-fce63f6cf7a2","local_time":"20190917170903","is_ascension_mode":true,"campfire_choices":[{"data":"Corruption","floor":6,"key":"SMITH"},{"floor":10,"key":"REST"}],"neow_cost":"NO_GOLD","seed_source_timestamp":540951168174189,"circlet_count":0,"master_deck":["AscendersBane","Strike_R","Strike_R","Strike_R","Strike_R+1","Strike_R","Defend_R","Defend_R","Defend_R","Defend_R","Bash+1","Corruption+1","Ghostly Armor","Flame Barrier","Juggernaut","Sentinel"],"special_seed":0,"relics":["Burning Blood","Calipers","Golden Idol","Whetstone"],"potions_floor_usage":[4,7],"damage_taken":[{"damage":12,"enemies":"Small Slimes","floor":1,"turns":5},{"damage":10,"enemies":"2 Louse","floor":2,"turns":4},{"damage":12,"enemies":"Jaw Worm","floor":4,"turns":4},{"damage":26,"enemies":"Exordium Wildlife","floor":7,"turns":7},{"damage":9,"enemies":"Looter","floor":11,"turns":4},{"damage":35,"enemies":"3 Sentries","floor":12,"turns":6}],"seed_played":"4392693659666073625","potions_obtained":[{"floor":1,"key":"PowerPotion"},{"floor":2,"key":"BloodPotion"}],"is_trial":false,"path_per_floor":["M","M","?","M","?","R","M","$","T","R","M","E"],"character_chosen":"IRONCLAD","items_purchased":["Juggernaut"],"campfire_rested":1,"item_purchase_floors":[8],"current_hp_per_floor":[62,58,32,44,33,33,13,13,13,35,32,0],"gold":64,"neow_bonus":"ONE_RARE_RELIC","is_prod":false,"is_daily":false,"chose_seed":false,"campfire_upgraded":1,"win_rate":0,"timestamp":1568758143,"path_taken":["M","M","?","M","?","R","M","?","T","R","?","E"],"build_version":"2019-07-17","purchased_purges":0,"victory":false,"max_hp_per_floor":[75,75,75,75,75,75,75,75,75,75,75,75],"card_choices":[{"not_picked":["Flex","Disarm"],"picked":"Corruption","floor":1},{"not_picked":["Flex","Hemokinesis","Metallicize"],"picked":"SKIP","floor":2},{"not_picked":["Body Slam","Clash"],"picked":"Ghostly Armor","floor":4},{"not_picked":["Iron Wave","Disarm"],"picked":"Flame Barrier","floor":7},{"not_picked":["Havoc","Body Slam"],"picked":"Sentinel","floor":11}],"player_experience":1329490,"relics_obtained":[{"floor":9,"key":"Whetstone"}],"event_choices":[{"damage_healed":0,"gold_gain":0,"player_choice":"Take Damage","damage_taken":26,"relics_obtained":["Golden Idol"],"max_hp_gain":0,"max_hp_loss":0,"event_name":"Golden Idol","floor":3,"gold_loss":0},{"damage_healed":0,"gold_gain":75,"player_choice":"Gather Gold","damage_taken":11,"max_hp_gain":0,"max_hp_loss":0,"event_name":"World of Goop","floor":5,"gold_loss":0}],"is_beta":false,"boss_relics":[],"items_purged_floors":[],"is_endless":false,"potions_floor_spawned":[1,2],"killed_by":"3 Sentries","ascension_level":20}