{"path_per_floor":["M","M","M","M","M","R","E","R","T","?","M","R","M","T","R","B",null,"M","M","$","?","?","R","M","?","T","M","M","R","M","M","R"],"character_chosen":"THE_SILENT","items_purchased":["Question Card"],"gold_per_floor":[109,128,139,155,167,167,192,192,260,260,278,278,289,371,371,476,476,488,499,185,185,155,155,173,173,173,186,199,199,211,221,221,221],"floor_reached":33,"campfire_rested":4,"playtime":1676,"current_hp_per_floor":[70,70,69,68,53,53,36,57,57,70,70,70,65,65,65,65,70,52,47,47,31,31,52,47,47,47,31,29,50,38,42,63,0],"items_purged":["Strike_G"],"gold":221,"score":303,"play_id":"c9ba5d83-a9c1-4bbe-99d8-c336226a42ca","local_time":"20180411234437","is_prod":false,"is_daily":false,"is_ascension_mode":false,"campfire_upgraded":3,"timestamp":1523508277,"path_taken":["M","M","M","?","M","R","E","R","T","?","M","R","M","?","R","BOSS","M","M","$","?","?","R","?","?","T","M","M","R","M","M","R","BOSS"],"build_version":"2018-04-05v2","purchased_purges":1,"victory":false,"master_deck":["Defend_G","Defend_G","Defend_G","Defend_G","Defend_G","Strike_G","Strike_G","Strike_G","Strike_G","Survivor","Neutralize+1","Poisoned Stab","Flying Knee+1","Skewer+1","Quick Slash","Glass Knife","Accuracy+1","Cloak And Dagger+1","Pain","Backflip+1","Backflip+1","Cloak And Dagger+1"],"max_hp_per_floor":[70,70,70,70,70,70,70,70,70,70,70,70,70,70,70,70,70,70,70,70,70,70,70,70,70,70,70,70,70,70,70,70,70],"relics":["Ring of the Snake","Toxic Egg 2","Toolbox","Matryoshka","Cursed Key","Question Card","Nilry\u0027s Codex","Pen Nib","Dead Branch"],"card_choices":[{"not_picked":["Bane","Dodge and Roll"],"picked":"Poisoned Stab","floor":1.0},{"not_picked":["Poisoned Stab","Accuracy"],"picked":"Flying Knee","floor":5.0},{"not_picked":["Dagger Spray","Backflip"],"picked":"Skewer","floor":11.0},{"not_picked":["Dodge and Roll","Sucker Punch"],"picked":"Quick Slash","floor":13.0},{"not_picked":["Wraith Form","Bullet Time"],"picked":"Glass Knife","floor":16.0},{"not_picked":["Deflect","PiercingWail"],"picked":"Accuracy","floor":18.0},{"not_picked":["Skewer","Deadly Poison","Well Laid Plans"],"picked":"Backflip","floor":27.0},{"not_picked":["Outmaneuver","Bane","Sucker Punch"],"picked":"Backflip","floor":30},{"not_picked":["Prepared","Deadly Poison","Slice"],"picked":"Cloak And Dagger","floor":31}],"player_experience":158342,"potions_floor_usage":[30,31,33],"damage_taken":[{"damage":0.0,"enemies":"Cultist","floor":1.0,"turns":4.0},{"damage":0.0,"enemies":"Small Slimes","floor":2.0,"turns":3.0},{"damage":1.0,"enemies":"Jaw Worm","floor":3.0,"turns":4.0},{"damage":1.0,"enemies":"2 Fungi Beasts","floor":4.0,"turns":4.0},{"damage":15.0,"enemies":"Gremlin Gang","floor":5.0,"turns":7.0},{"damage":17.0,"enemies":"Gremlin Nob","floor":7.0,"turns":4.0},{"damage":0.0,"enemies":"Lots of Slimes","floor":11.0,"turns":2.0},{"damage":5.0,"enemies":"2 Fungi Beasts","floor":13.0,"turns":3.0},{"damage":0.0,"enemies":"Slime Boss","floor":16.0,"turns":5.0},{"damage":18.0,"enemies":"2 Thieves","floor":18.0,"turns":4.0},{"damage":5.0,"enemies":"Spheric Guardian","floor":19.0,"turns":3.0},{"damage":5.0,"enemies":"Snake Plant","floor":24.0,"turns":3.0},{"damage":28.0,"enemies":"3 Cultists","floor":27.0,"turns":5.0},{"damage":2.0,"enemies":"Centurion and Healer","floor":28.0,"turns":5.0},{"damage":12,"enemies":"Snecko","floor":30,"turns":6},{"damage":11,"enemies":"Sentry and Sphere","floor":31,"turns":7},{"damage":72,"enemies":"Champ","floor":33,"turns":12}],"event_choices":[{"event_name":"Big Fish","player_choice":"Banana","floor":10.0,"damage_taken":0.0},{"event_name":"Cursed Tome","player_choice":"Obtained Book","floor":21.0,"damage_taken":0.0},{"event_name":"The Woman in Blue","player_choice":"Bought 2 Potions","floor":22.0,"damage_taken":0.0},{"event_name":"The Library","player_choice":"Read","floor":25.0,"damage_taken":0.0}],"boss_relics":[],"potions_floor_spawned":[2,3,11,13,18,24,28,30],"seed_played":"1657924165239479235","killed_by":"Champ","ascension_level":0,"is_trial":false}