{"path_per_floor":["M","M","M","M","M","R","M","R","T","M","M","$","M","M","R","B",null,"M","M","?","M","M","R","M","R","T","$","M","R","E","?","R"],"character_chosen":"THE_SILENT","items_purchased":["Oddly Smooth Stone","Apotheosis","Bag of Marbles","Blood Vial"],"gold_per_floor":[116,127,142,161,171,171,185,185,185,202,212,56,66,84,84,181,181,198,213,213,223,239,239,249,249,549,46,57,57,89,4,4,4],"floor_reached":33,"campfire_rested":3,"playtime":2314,"current_hp_per_floor":[70,70,70,61,58,58,58,58,58,53,53,53,53,43,64,48,70,67,66,53,51,44,44,32,54,54,54,56,56,8,8,30,0],"items_purged":[],"gold":4,"score":267,"play_id":"f423240b-a2bd-4a41-a2d8-c1fe3e488592","local_time":"20180403085748","is_prod":false,"is_daily":false,"is_ascension_mode":false,"campfire_upgraded":4,"timestamp":1522763868,"path_taken":["M","?","M","M","M","R","M","R","T","M","M","$","M","M","R","BOSS","M","M","?","M","?","R","M","R","T","?","M","R","E","?","R","BOSS"],"build_version":"2018-03-29v2","purchased_purges":0,"victory":false,"master_deck":["Defend_G","Defend_G","Defend_G","Defend_G","Defend_G","Strike_G","Strike_G","Strike_G","Strike_G","Strike_G","Survivor","Neutralize+1","Sucker Punch","Cloak And Dagger","Dagger Throw","Skewer+1","Backflip","Flying Knee+1","Flying Knee","Predator","Die Die Die+1","Terror","Cloak And Dagger+1","Flying Knee","Cloak And Dagger+1","Apotheosis+1"],"max_hp_per_floor":[70,70,70,70,70,70,70,70,70,70,70,70,70,70,70,70,70,70,70,75,75,75,75,75,75,75,75,75,75,75,75,75,75],"relics":["Ring of the Snake","Vajra","Oddly Smooth Stone","Black Star","Old Coin","Bag of Marbles","Blood Vial","Ginger","Unceasing Top","Tingsha"],"card_choices":[{"not_picked":["PiercingWail","Choke"],"picked":"Sucker Punch","floor":1.0},{"not_picked":["All Out Attack","Underhanded Strike"],"picked":"Cloak And Dagger","floor":2.0},{"not_picked":["Underhanded Strike","Setup"],"picked":"Dagger Throw","floor":3.0},{"not_picked":["Backflip","Slice"],"picked":"Skewer","floor":4.0},{"not_picked":["Outmaneuver","Blur"],"picked":"Backflip","floor":5.0},{"not_picked":["Dodge and Roll","Night Terror"],"picked":"Flying Knee","floor":7.0},{"not_picked":["Poisoned Stab","Backflip"],"picked":"Flying Knee","floor":10.0},{"not_picked":["Prepared","Acrobatics"],"picked":"Predator","floor":14.0},{"not_picked":["Unload","Bullet Time"],"picked":"Die Die Die","floor":16.0},{"not_picked":["Prepared","Dagger Spray"],"picked":"Terror","floor":18},{"not_picked":["Underhanded Strike","Bane"],"picked":"Cloak And Dagger","floor":19},{"not_picked":["Catalyst","Leg Sweep"],"picked":"Flying Knee","floor":21},{"not_picked":["Underhanded Strike","Prepared"],"picked":"Cloak And Dagger","floor":22}],"player_experience":74014,"potions_floor_usage":[21,28,28,30,33],"damage_taken":[{"damage":0.0,"enemies":"Cultist","floor":1.0,"turns":4.0},{"damage":0.0,"enemies":"Jaw Worm","floor":2.0,"turns":5.0},{"damage":0.0,"enemies":"Small Slimes","floor":3.0,"turns":3.0},{"damage":9.0,"enemies":"Exordium Thugs","floor":4.0,"turns":6.0},{"damage":3.0,"enemies":"Large Slime","floor":5.0,"turns":6.0},{"damage":0.0,"enemies":"Blue Slaver","floor":7.0,"turns":4.0},{"damage":5.0,"enemies":"2 Fungi Beasts","floor":10.0,"turns":3.0},{"damage":0.0,"enemies":"3 Louse","floor":11.0,"turns":3.0},{"damage":0.0,"enemies":"Exordium Wildlife","floor":13.0,"turns":3.0},{"damage":10.0,"enemies":"Gremlin Gang","floor":14.0,"turns":3.0},{"damage":16.0,"enemies":"Slime Boss","floor":16.0,"turns":6.0},{"damage":3,"enemies":"3 Byrds","floor":18,"turns":6},{"damage":1,"enemies":"Chosen","floor":19,"turns":4},{"damage":2,"enemies":"Snecko","floor":21,"turns":4},{"damage":7,"enemies":"3 Cultists","floor":22,"turns":5},{"damage":12,"enemies":"Centurion and Healer","floor":24,"turns":6},{"damage":0,"enemies":"Snake Plant","floor":28,"turns":3},{"damage":50,"enemies":"Gremlin Leader","floor":30,"turns":5},{"damage":42,"enemies":"Collector","floor":33,"turns":3}],"event_choices":[{"event_name":"Forgotten Altar","player_choice":"Shed Blood","floor":20,"damage_taken":0},{"event_name":"Addict","player_choice":"Obtained Relic","floor":31,"damage_taken":0}],"boss_relics":[{"not_picked":["Cursed Key","Calling Bell"],"picked":"Black Star"}],"potions_floor_spawned":[5,11,13,14,18,22,30],"seed_played":"2550377667380073312","killed_by":"Collector","ascension_level":0,"is_trial":false}