{"gold_per_floor":[99,99,99,24,24,24,24,24,24,24,24,24,24,24,24,24,24,24,24,24,24,24,24,24,24,24,24,24],"floor_reached":28,"playtime":2424,"items_purged":["Defend_R"],"score":308,"play_id":"10e593a1-6e72-45df-9290-85b2d967d264","local_time":"20190915045340","is_ascension_mode":false,"campfire_choices":[{"data":"Uppercut","floor":15,"key":"SMITH"}],"neow_cost":"NONE","seed_source_timestamp":542341017810340,"circlet_count":0,"master_deck":["Defend_R","Defend_R","Defend_R","Bash","Spot Weakness","Uppercut+1","Rampage","Whirlwind","Spot Weakness","Double Tap","Armaments","Bite","Bite","Bite","Bite","Bite"],"relics":["Ectoplasm","Shovel","Red Skull","Bag of Marbles","Black Star","Omamori","Bottled Lightning","Enchiridion","MawBank","Vajra","Juzu Bracelet"],"potions_floor_usage":[6,13,16,16,16,19,27],"damage_taken":[{"damage":1,"enemies":"Cultist","floor":1,"turns":4},{"damage":6,"enemies":"Jaw Worm","floor":3,"turns":2},{"damage":0,"enemies":"2 Louse","floor":5,"turns":2},{"damage":21,"enemies":"3 Sentries","floor":6,"turns":8},{"damage":18,"enemies":"Exordium Thugs","floor":7,"turns":5},{"damage":2,"enemies":"Blue Slaver","floor":8,"turns":3},{"damage":0,"enemies":"Exordium Wildlife","floor":13,"turns":2},{"damage":15,"enemies":"Slime Boss","floor":16,"turns":6},{"damage":22,"enemies":"Shell Parasite","floor":18,"turns":3},{"damage":15,"enemies":"3 Byrds","floor":19,"turns":3},{"damage":35,"enemies":"Gremlin Leader","floor":23,"turns":6},{"damage":11,"enemies":"Cultist and Chosen","floor":25,"turns":4},{"damage":0,"enemies":"Slavers","floor":27,"turns":1},{"damage":8,"enemies":"Shelled Parasite and Fungi","floor":28,"turns":1}],"seed_played":"2937805057384288968","potions_obtained":[{"floor":1,"key":"Weak Potion"},{"floor":2,"key":"Strength Potion"},{"floor":2,"key":"Block Potion"},{"floor":2,"key":"Block Potion"},{"floor":3,"key":"SkillPotion"},{"floor":7,"key":"Block Potion"},{"floor":13,"key":"Poison Potion"},{"floor":18,"key":"GamblersBrew"},{"floor":25,"key":"Fire Potion"}],"is_trial":false,"path_per_floor":["M","?","M","$","M","E","M","M","T","T","?","$","M","$","R","B",null,"M","M","?","?","$","E","?","M","T","E","M"],"character_chosen":"IRONCLAD","items_purchased":[],"campfire_rested":0,"item_purchase_floors":[],"current_hp_per_floor":[79,79,73,73,73,52,34,32,32,32,32,32,32,32,32,17,80,58,43,43,43,43,24,8,7,7,7,0],"gold":24,"neow_bonus":"BOSS_RELIC","is_prod":false,"is_daily":false,"chose_seed":false,"campfire_upgraded":1,"win_rate":0,"timestamp":1568537620,"path_taken":["M","?","M","?","M","E","M","M","T","?","?","$","?","$","R","BOSS","M","M","?","?","?","E","?","?","T","E","M"],"build_version":"2019-07-17","purchased_purges":1,"victory":false,"max_hp_per_floor":[80,80,80,80,80,80,80,80,80,80,80,80,80,80,80,80,80,80,80,80,56,56,56,56,56,56,56,56],"card_choices":[{"not_picked":["Headbutt","Heavy Blade"],"picked":"Spot Weakness","floor":1},{"not_picked":["Sever Soul","Corruption","Evolve"],"picked":"SKIP","floor":3},{"not_picked":["Cleave","Carnage","Shrug It Off"],"picked":"SKIP","floor":5},{"not_picked":["Pommel Strike","Clash"],"picked":"Uppercut","floor":6},{"not_picked":["Thunderclap","Clash"],"picked":"Rampage","floor":7},{"not_picked":["Clothesline","Spot Weakness"],"picked":"Whirlwind","floor":8},{"not_picked":["Anger","Clash"],"picked":"Spot Weakness","floor":13},{"not_picked":["Fiend Fire","Brutality"],"picked":"Double Tap","floor":16},{"not_picked":["Body Slam","Thunderclap"],"picked":"Armaments","floor":18},{"not_picked":["Entrench","Headbutt","Searing Blow"],"picked":"SKIP","floor":19},{"not_picked":["Twin Strike+1","Shockwave","Iron Wave"],"picked":"SKIP","floor":23},{"not_picked":["Clothesline","Perfected Strike","Searing Blow"],"picked":"SKIP","floor":25},{"not_picked":["Metallicize","True Grit","Juggernaut"],"picked":"SKIP","floor":27}],"player_experience":89228,"relics_obtained":[{"floor":6,"key":"Shovel"},{"floor":9,"key":"Red Skull"},{"floor":10,"key":"Bag of Marbles"},{"floor":23,"key":"Omamori"},{"floor":23,"key":"Bottled Lightning"},{"floor":24,"key":"Enchiridion"},{"floor":26,"key":"MawBank"},{"floor":27,"key":"Vajra"},{"floor":27,"key":"Juzu Bracelet"}],"event_choices":[{"damage_healed":0,"gold_gain":0,"player_choice":"Got Potions","damage_taken":0,"max_hp_gain":0,"max_hp_loss":0,"event_name":"Lab","floor":2,"gold_loss":0},{"cards_removed":["Strike_R"],"damage_healed":0,"gold_gain":0,"player_choice":"Purged","damage_taken":0,"max_hp_gain":0,"max_hp_loss":0,"event_name":"Purifier","floor":11,"gold_loss":0},{"cards_removed":["Strike_R"],"damage_healed":0,"gold_gain":0,"player_choice":"Elegance","damage_taken":0,"max_hp_gain":0,"max_hp_loss":0,"event_name":"Back to Basics","floor":20,"gold_loss":0},{"damage_healed":0,"gold_gain":0,"player_choice":"Became a vampire","damage_taken":0,"max_hp_gain":0,"max_hp_loss":24,"event_name":"Vampires","floor":21,"gold_loss":0,"cards_obtained":["Bite","Bite","Bite","Bite","Bite"]},{"damage_healed":0,"gold_gain":0,"player_choice":"Obtained Book","damage_taken":16,"max_hp_gain":0,"max_hp_loss":0,"event_name":"Cursed Tome","floor":24,"gold_loss":0}],"is_beta":false,"boss_relics":[{"not_picked":["White Beast Statue","Runic Cube"],"picked":"Black Star"}],"items_purged_floors":[4],"is_endless":false,"potions_floor_spawned":[1,3,5,7,13,18,25],"killed_by":"Shelled Parasite and Fungi","ascension_level":0}