{"gold_per_floor":[115,126,126,126,150,166,185,185,211,255,279,279,318,339,339,339],"floor_reached":16,"playtime":1409,"items_purged":[],"score":114,"play_id":"23537815-e895-42a8-afe5-1dd3777ec40c","local_time":"20190915095925","is_ascension_mode":false,"campfire_choices":[{"data":"Double Tap","floor":15,"key":"SMITH"}],"neow_cost":"TEN_PERCENT_HP_LOSS","seed_source_timestamp":561700612460812,"circlet_count":0,"master_deck":["Strike_R","Strike_R","Strike_R","Strike_R","Defend_R","Defend_R+1","Defend_R+1","Bash","Double Tap+1"],"relics":["Burning Blood","Golden Idol","War Paint","Boot","Strawberry"],"potions_floor_usage":[10,10,10,13,13,13,16,16],"damage_taken":[{"damage":13,"enemies":"Jaw Worm","floor":1,"turns":4},{"damage":1,"enemies":"Cultist","floor":2,"turns":4},{"damage":0,"enemies":"Small Slimes","floor":5,"turns":3},{"damage":12,"enemies":"Looter","floor":6,"turns":3},{"damage":0,"enemies":"Blue Slaver","floor":7,"turns":6},{"damage":22,"enemies":"3 Sentries","floor":10,"turns":7},{"damage":8,"enemies":"Large Slime","floor":11,"turns":7},{"damage":56,"enemies":"Lagavulin","floor":13,"turns":9},{"damage":4,"enemies":"Looter","floor":14,"turns":3},{"damage":20,"enemies":"The Guardian","floor":16,"turns":9}],"seed_played":"6212116007301054393","potions_obtained":[{"floor":1,"key":"Poison Potion"},{"floor":6,"key":"Explosive Potion"},{"floor":7,"key":"Strength Potion"},{"floor":11,"key":"EntropicBrew"},{"floor":14,"key":"SneckoOil"}],"is_trial":false,"path_per_floor":["M","M","?","?","M","M","M","?","T","E","M","?","E","M","R","B"],"character_chosen":"IRONCLAD","items_purchased":[],"campfire_rested":0,"item_purchase_floors":[],"current_hp_per_floor":[65,70,52,52,58,52,58,63,63,47,45,45,17,19,19,0],"gold":339,"neow_bonus":"REMOVE_TWO","is_prod":false,"is_daily":false,"chose_seed":false,"campfire_upgraded":1,"win_rate":0,"timestamp":1568555965,"path_taken":["M","M","?","?","?","M","M","?","T","E","M","?","E","M","R","BOSS"],"build_version":"2019-07-17","purchased_purges":0,"victory":false,"max_hp_per_floor":[72,72,72,72,72,72,72,77,77,77,77,77,84,84,84,84],"card_choices":[{"not_picked":["Wild Strike","Anger"],"picked":"Infernal Blade","floor":1},{"not_picked":["Iron Wave","Perfected Strike","Dropkick"],"picked":"SKIP","floor":2},{"not_picked":["Warcry","Sword Boomerang","Dropkick"],"picked":"SKIP","floor":5},{"not_picked":["Headbutt","Cleave","Combust"],"picked":"SKIP","floor":6},{"not_picked":["Armaments","Evolve","Havoc"],"picked":"SKIP","floor":7},{"not_picked":["Sever Soul","True Grit"],"picked":"Double Tap","floor":10},{"not_picked":["Clash","Burning Pact","Rage"],"picked":"SKIP","floor":11},{"not_picked":["Body Slam","Wild Strike","Headbutt"],"picked":"SKIP","floor":13},{"not_picked":["Disarm","Sever Soul","Dark Embrace"],"picked":"SKIP","floor":14}],"player_experience":108424,"relics_obtained":[{"floor":10,"key":"Boot"},{"floor":13,"key":"Strawberry"}],"event_choices":[{"damage_healed":0,"gold_gain":0,"player_choice":"Take Damage","damage_taken":18,"relics_obtained":["Golden Idol"],"max_hp_gain":0,"max_hp_loss":0,"event_name":"Golden Idol","floor":3,"gold_loss":0},{"cards_removed":["Infernal Blade"],"damage_healed":0,"gold_gain":0,"player_choice":"Gave Card","damage_taken":0,"relics_obtained":["War Paint"],"max_hp_gain":0,"max_hp_loss":0,"event_name":"WeMeetAgain","floor":4,"gold_loss":0},{"damage_healed":0,"gold_gain":0,"player_choice":"Donut","damage_taken":0,"max_hp_gain":5,"max_hp_loss":0,"event_name":"Big Fish","floor":8,"gold_loss":0},{"damage_healed":0,"gold_gain":0,"player_choice":"Ignored","damage_taken":0,"max_hp_gain":0,"max_hp_loss":0,"event_name":"Liars Game","floor":12,"gold_loss":0}],"is_beta":false,"boss_relics":[],"items_purged_floors":[],"is_endless":false,"potions_floor_spawned":[1,6,7,11,14],"killed_by":"The Guardian","ascension_level":0}