{"path_per_floor":["M","M","M","?","?","E","M","E","T","R","$","?","?","M","R"],"character_chosen":"IRONCLAD","items_purchased":[],"gold_per_floor":[110,127,139,139,214,239,253,286,286,286,211,211,211,224,224,224],"floor_reached":16,"campfire_rested":1,"playtime":500,"current_hp_per_floor":[80,80,80,80,69,63,58,39,39,39,39,39,23,22,46,0],"items_purged":["Strike_R"],"gold":224,"score":110,"play_id":"ce335f51-c4ab-451b-81df-0869ed8b85e6","local_time":"20180416172942","is_prod":false,"is_daily":false,"chose_seed":false,"is_ascension_mode":false,"campfire_upgraded":1,"timestamp":1523917782,"path_taken":["M","M","M","?","?","E","M","E","T","R","?","?","?","M","R","BOSS"],"build_version":"2018-04-12","seed_source_timestamp":2011724097584768,"purchased_purges":1,"victory":false,"master_deck":["Strike_R","Strike_R","Strike_R","Strike_R","Defend_R","Defend_R","Defend_R","Defend_R","Bash","Bludgeon+1","Clash","Inflame+1","Corruption","Spot Weakness","Offering+1","Injury","Disarm"],"max_hp_per_floor":[80,80,80,80,80,80,80,80,80,80,80,80,80,80,80,80],"relics":["Burning Blood","Bottled Tornado","Blue Candle","Art of War","Golden Idol"],"card_choices":[{"not_picked":["Combust","Havoc"],"picked":"Clash","floor":1},{"not_picked":["Power Through","Twin Strike"],"picked":"Inflame","floor":2},{"not_picked":["Fire Breathing","Shrug It Off"],"picked":"Corruption","floor":3},{"not_picked":["Brutality","Twin Strike"],"picked":"Spot Weakness","floor":6},{"not_picked":["Limit Break","Flex"],"picked":"Offering","floor":8},{"not_picked":["Twin Strike","Clash"],"picked":"Disarm","floor":14}],"player_experience":200219,"potions_floor_usage":[6],"damage_taken":[{"damage":6,"enemies":"Jaw Worm","floor":1,"turns":4},{"damage":0,"enemies":"2 Louse","floor":2,"turns":2},{"damage":5,"enemies":"Small Slimes","floor":3,"turns":2},{"damage":26,"enemies":"Lagavulin","floor":6,"turns":6},{"damage":11,"enemies":"Exordium Wildlife","floor":7,"turns":4},{"damage":25,"enemies":"3 Sentries","floor":8,"turns":8},{"damage":7,"enemies":"3 Louse","floor":14,"turns":4},{"damage":47,"enemies":"The Guardian","floor":16,"turns":8}],"event_choices":[{"event_name":"Liars Game","player_choice":"disagreed","floor":4,"damage_taken":0},{"event_name":"World of Goop","player_choice":"Gather Gold","floor":5,"damage_taken":0},{"event_name":"Golden Idol","player_choice":"Take Wound","floor":12,"damage_taken":0},{"event_name":"Shining Light","player_choice":"Entered Light","floor":13,"damage_taken":0}],"boss_relics":[],"potions_floor_spawned":[1,8,14],"seed_played":"8986716655468452613","killed_by":"The Guardian","ascension_level":0,"is_trial":false}