{"gold_per_floor":[119,119,119,138,152,36,36,111,111,130,59,97,97,111,111,239,239,239,0,0,0,0,0,0,0,0,0,0,0,0,0,0,0],"floor_reached":33,"playtime":1234,"items_purged":[],"score":290,"play_id":"e3874fd4-5e69-410f-bd8b-58a8e94daf96","local_time":"20190411011437","is_ascension_mode":false,"campfire_choices":[{"data":"Double Energy","floor":7.0,"key":"SMITH"},{"floor":13.0,"key":"REST"},{"floor":15.0,"key":"REST"},{"data":"Dualcast","floor":23.0,"key":"SMITH"},{"floor":32,"key":"REST"}],"neow_cost":"NONE","seed_source_timestamp":0,"circlet_count":0,"master_deck":["Strike_B+1","Strike_B+1","Strike_B+1","Strike_B+1","Defend_B+1","Defend_B+1","Defend_B+1","Zap","Dualcast+1","Deep Breath","Go for the Eyes","Sunder","Double Energy+1","FTL","Self Repair","BootSequence","Genetic Algorithm","Conserve Battery","Ball Lightning","Core Surge","Coolheaded","Auto Shields+1","Cold Snap","Doom and Gloom","Glacier","Echo Form","Cold Snap"],"special_seed":0,"relics":["Cracked Core","Bloody Idol","Tiny Chest","Dream Catcher","Bottled Flame","Ectoplasm","Question Card","Bronze Scales","Pen Nib"],"potions_floor_usage":[33,33,33],"damage_taken":[{"damage":7.0,"enemies":"Small Slimes","floor":1.0,"turns":3.0},{"damage":0.0,"enemies":"2 Louse","floor":4.0,"turns":2.0},{"damage":6.0,"enemies":"Jaw Worm","floor":5.0,"turns":2.0},{"damage":7.0,"enemies":"3 Louse","floor":10.0,"turns":2.0},{"damage":0.0,"enemies":"Gremlin Nob","floor":12.0,"turns":2.0},{"damage":0.0,"enemies":"Looter","floor":14.0,"turns":2.0},{"damage":48.0,"enemies":"Slime Boss","floor":16.0,"turns":10.0},{"damage":0.0,"enemies":"Chosen","floor":18.0,"turns":4.0},{"damage":17.0,"enemies":"Spheric Guardian","floor":20.0,"turns":4.0},{"damage":31.0,"enemies":"Shelled Parasite and Fungi","floor":21.0,"turns":9.0},{"damage":25.0,"enemies":"3 Cultists","floor":24.0,"turns":7.0},{"damage":11,"enemies":"Colosseum Slavers","floor":27,"turns":3},{"damage":12,"enemies":"Book of Stabbing","floor":28,"turns":5},{"damage":7,"enemies":"Snake Plant","floor":31,"turns":4},{"damage":40,"enemies":"Champ","floor":33,"turns":8}],"seed_played":"5823187712197544348","potions_obtained":[{"floor":1.0,"key":"FearPotion"},{"floor":10.0,"key":"Fire Potion"},{"floor":18.0,"key":"EntropicBrew"},{"floor":21.0,"key":"SpeedPotion"},{"floor":24.0,"key":"LiquidBronze"}],"is_trial":false,"path_per_floor":["M","?","?","M","M","$","R","?","T","M","$","E","R","M","R","B",null,"M","$","M","M","?","R","M","$","T","?","E","?","?","M","R","B"],"character_chosen":"DEFECT","items_purchased":["Tiny Chest","Self Repair","Question Card"],"campfire_rested":3,"item_purchase_floors":[6,11,19],"current_hp_per_floor":[68,50,43,43,37,37,37,26,26,19,19,26,48,55,75,34,75,75,75,65,41,41,41,23,23,23,19,14,14,14,14,36,0],"gold":0,"neow_bonus":"RANDOM_COLORLESS","is_prod":false,"is_daily":false,"chose_seed":false,"campfire_upgraded":2,"win_rate":0.0,"timestamp":1554963277,"path_taken":["M","?","?","M","M","?","R","?","T","M","$","E","R","M","R","BOSS","M","$","M","M","?","R","M","$","T","?","E","?","?","M","R","BOSS"],"build_version":"2019-01-23","purchased_purges":0,"victory":false,"max_hp_per_floor":[75,75,75,75,75,75,75,75,75,75,75,75,75,75,75,75,75,75,75,75,75,75,75,75,75,75,75,75,75,75,75,75,75],"card_choices":[{"not_picked":["Streamline","Beam Cell"],"picked":"Go for the Eyes","floor":1.0},{"not_picked":["Buffer","Undo"],"picked":"Sunder","floor":4.0},{"not_picked":["Compile Driver","Beam Cell"],"picked":"Double Energy","floor":5.0},{"not_picked":["Sunder","Rebound"],"picked":"FTL","floor":10.0},{"not_picked":["Cold Snap","Barrage"],"picked":"BootSequence","floor":12.0},{"not_picked":["Compile Driver","Sweeping Beam"],"picked":"Genetic Algorithm","floor":13.0},{"not_picked":["Force Field","Go for the Eyes"],"picked":"Conserve Battery","floor":14.0},{"not_picked":["Tempest","Compile Driver"],"picked":"Ball Lightning","floor":15.0},{"not_picked":["Hyperbeam","Multi-Cast"],"picked":"Core Surge","floor":16.0},{"not_picked":["Compile Driver","Lockon"],"picked":"Coolheaded","floor":18.0},{"not_picked":["Barrage","Compile Driver","Conserve Battery"],"picked":"Auto Shields+1","floor":20.0},{"not_picked":["Rebound","Double Energy","Turbo"],"picked":"Cold Snap","floor":21.0},{"not_picked":["Rip and Tear","Consume+1","Gash"],"picked":"Doom and Gloom","floor":24.0},{"not_picked":["Blizzard+1","White Noise","Doom and Gloom"],"picked":"Glacier","floor":28},{"not_picked":["Cold Snap","White Noise","Coolheaded"],"picked":"Echo Form","floor":31},{"not_picked":["Sweeping Beam","Rebound","Genetic Algorithm"],"picked":"Cold Snap","floor":32}],"player_experience":23560,"relics_obtained":[{"floor":9.0,"key":"Dream Catcher"},{"floor":12.0,"key":"Bottled Flame"},{"floor":26.0,"key":"Bronze Scales"},{"floor":28,"key":"Pen Nib"}],"event_choices":[{"damage_healed":0.0,"max_hp_gain":0.0,"max_hp_loss":0.0,"gold_gain":0.0,"event_name":"Golden Idol","player_choice":"Take Damage","floor":2.0,"gold_loss":0.0,"damage_taken":18.0,"relics_obtained":["Golden Idol"]},{"cards_removed":["Defend_B"],"damage_healed":0.0,"max_hp_gain":0.0,"max_hp_loss":0.0,"gold_gain":0.0,"event_name":"Golden Wing","player_choice":"Card Removal","floor":3.0,"gold_loss":0.0,"damage_taken":7.0},{"damage_healed":0.0,"max_hp_gain":0.0,"max_hp_loss":0.0,"gold_gain":75.0,"event_name":"World of Goop","player_choice":"Gather Gold","floor":8.0,"gold_loss":0.0,"damage_taken":11.0},{"damage_healed":0.0,"max_hp_gain":0.0,"max_hp_loss":0.0,"gold_gain":0.0,"event_name":"Back to Basics","player_choice":"Simplicity","floor":22.0,"gold_loss":0.0,"damage_taken":0.0,"cards_upgraded":["Strike_B","Strike_B","Strike_B","Strike_B","Defend_B","Defend_B","Defend_B"]},{"damage_healed":0,"gold_gain":0,"player_choice":"Fight","damage_taken":0,"max_hp_gain":0,"max_hp_loss":0,"event_name":"Colosseum","floor":27,"gold_loss":0},{"damage_healed":0,"gold_gain":0,"player_choice":"Fled From Nobs","damage_taken":0,"max_hp_gain":0,"max_hp_loss":0,"event_name":"Colosseum","floor":27,"gold_loss":0},{"damage_healed":0,"gold_gain":0,"player_choice":"Gave Idol","damage_taken":0,"relics_obtained":["Bloody Idol"],"max_hp_gain":0,"max_hp_loss":0,"event_name":"Forgotten Altar","floor":30,"relics_lost":["Golden Idol"],"gold_loss":0}],"is_beta":false,"boss_relics":[{"not_picked":["Tiny House","Empty Cage"],"picked":"Ectoplasm"}],"items_purged_floors":[],"is_endless":false,"potions_floor_spawned":[1,10,18,21,24,27],"killed_by":"Champ","ascension_level":0}