{"gold_per_floor":[115,85,105,120,120,154,172,204,204,215,234,234,249,249,249,249],"floor_reached":16,"playtime":1987,"items_purged":[],"score":114,"play_id":"0b08e4c3-bdbe-4a84-b0e5-6125e8fcc37e","local_time":"20190915080225","is_ascension_mode":false,"campfire_choices":[{"data":"Armaments","floor":15,"key":"SMITH"}],"neow_cost":"NONE","seed_source_timestamp":554103272414414,"circlet_count":0,"master_deck":["Strike_R","Strike_R","Strike_R","Strike_R","Strike_R","Defend_R","Defend_R+1","Defend_R","Defend_R","Bash+1","Thunderclap","Clothesline","Reaper","Warcry","Armaments+1","Barricade"],"relics":["Burning Blood","Oddly Smooth Stone","Blood Vial","Toxic Egg 2","Shovel"],"potions_floor_usage":[4,6,8,8,11,16],"damage_taken":[{"damage":1,"enemies":"Cultist","floor":1,"turns":3},{"damage":9,"enemies":"2 Louse","floor":3,"turns":3},{"damage":0,"enemies":"Small Slimes","floor":4,"turns":1},{"damage":21,"enemies":"Gremlin Nob","floor":6,"turns":5},{"damage":6,"enemies":"3 Louse","floor":7,"turns":4},{"damage":53,"enemies":"Lagavulin","floor":8,"turns":10},{"damage":6,"enemies":"2 Fungi Beasts","floor":10,"turns":4},{"damage":2,"enemies":"Lots of Slimes","floor":11,"turns":7},{"damage":5,"enemies":"Exordium Wildlife","floor":13,"turns":6},{"damage":78,"enemies":"Hexaghost","floor":16,"turns":14}],"seed_played":"598418101148991317","potions_obtained":[{"floor":1,"key":"Ancient Potion"},{"floor":2,"key":"LiquidBronze"},{"floor":2,"key":"Explosive Potion"},{"floor":7,"key":"Regen Potion"},{"floor":8,"key":"SpeedPotion"},{"floor":11,"key":"Poison Potion"}],"is_trial":false,"path_per_floor":["M","?","M","M","?","E","M","E","T","M","M","?","M","?","R","B"],"character_chosen":"IRONCLAD","items_purchased":[],"campfire_rested":0,"item_purchase_floors":[],"current_hp_per_floor":[88,88,85,88,70,55,63,31,31,41,55,52,59,64,64,0],"gold":249,"neow_bonus":"TEN_PERCENT_HP_BONUS","is_prod":false,"is_daily":false,"chose_seed":false,"campfire_upgraded":1,"win_rate":0,"timestamp":1568548945,"path_taken":["M","?","?","M","?","E","M","E","T","M","M","?","M","?","R","BOSS"],"build_version":"2019-07-17","purchased_purges":0,"victory":false,"max_hp_per_floor":[88,88,88,88,88,88,88,88,88,88,88,88,88,93,93,93],"card_choices":[{"not_picked":["Carnage","Body Slam"],"picked":"Thunderclap","floor":1},{"not_picked":["Sword Boomerang","Flex"],"picked":"Clothesline","floor":3},{"not_picked":["Havoc","Metallicize"],"picked":"Reaper","floor":4},{"not_picked":["Feel No Pain","Cleave"],"picked":"Warcry","floor":6},{"not_picked":["Sentinel","Cleave","Disarm"],"picked":"SKIP","floor":7},{"not_picked":["Perfected Strike","Evolve"],"picked":"Armaments","floor":8},{"not_picked":["Wild Strike","Clash","Searing Blow"],"picked":"SKIP","floor":10},{"not_picked":["Armaments+1","Power Through+1"],"picked":"Barricade","floor":11},{"not_picked":["Second Wind+1","Power Through+1","Battle Trance+1"],"picked":"SKIP","floor":13}],"player_experience":100856,"relics_obtained":[{"floor":6,"key":"Oddly Smooth Stone"},{"floor":8,"key":"Blood Vial"},{"floor":9,"key":"Toxic Egg 2"}],"event_choices":[{"damage_healed":0,"gold_gain":0,"player_choice":"Bought 2 Potions","damage_taken":0,"max_hp_gain":0,"max_hp_loss":0,"event_name":"The Woman in Blue","floor":2,"gold_loss":0},{"damage_healed":0,"gold_gain":0,"player_choice":"Entered Light","damage_taken":18,"max_hp_gain":0,"max_hp_loss":0,"event_name":"Shining Light","floor":5,"gold_loss":0,"cards_upgraded":["Defend_R","Bash"]},{"damage_healed":0,"gold_gain":0,"player_choice":"Success","damage_taken":3,"relics_obtained":["Shovel"],"max_hp_gain":0,"max_hp_loss":0,"event_name":"Scrap Ooze","floor":12,"gold_loss":0},{"damage_healed":0,"gold_gain":0,"player_choice":"Donut","damage_taken":0,"max_hp_gain":5,"max_hp_loss":0,"event_name":"Big Fish","floor":14,"gold_loss":0}],"is_beta":false,"boss_relics":[],"items_purged_floors":[],"is_endless":false,"potions_floor_spawned":[1,7,8,11],"killed_by":"Hexaghost","ascension_level":0}