{"gold_per_floor":[117,117,12,29,29,29,58,72,120,120,130,130,130,158,158,231,231,245,263,313,313,331,331,349,349,349,349,264,274,293,18,18,90,90,106,106,106,206,221,221,247,264,340,340,28,96,96],"floor_reached":47,"playtime":3624,"items_purged":["Regret"],"score":952,"play_id":"f11b1cfd-8a25-4157-9c77-c16f9950b56a","local_time":"20190919194408","is_ascension_mode":true,"campfire_choices":[{"data":"Dualcast","floor":6.0,"key":"SMITH"},{"data":"Zap","floor":10.0,"key":"SMITH"},{"data":"Defragment","floor":15.0,"key":"SMITH"},{"data":"Coolheaded","floor":23.0,"key":"SMITH"},{"data":"Undo","floor":25.0,"key":"SMITH"},{"floor":27.0,"key":"REST"},{"data":"Skim","floor":32.0,"key":"SMITH"},{"data":"Reinforced Body","floor":40.0,"key":"SMITH"},{"floor":44.0,"key":"REST"}],"neow_cost":"NONE","seed_source_timestamp":533456518313800,"circlet_count":0,"master_deck":["AscendersBane","Strike_B","Strike_B","Strike_B","Defend_B","Defend_B","Defend_B","Defend_B","Zap+1","Dualcast+1","Coolheaded+1","Hologram","Reinforced Body+1","Skim+1","Defragment+1","Undo+1","Chill","Echo Form","Consume","Biased Cognition"],"special_seed":0,"relics":["Cracked Core","Orichalcum","Odd Mushroom","Juzu Bracelet","Letter Opener","Blood Vial","Inserter","Dodecahedron","Mercury Hourglass","Lee\u0027s Waffle","Nuclear Battery","Pocketwatch","Question Card","Pantograph","Molten Egg 2"],"potions_floor_usage":[47],"damage_taken":[{"damage":1.0,"enemies":"2 Louse","floor":1.0,"turns":3.0},{"damage":7.0,"enemies":"Jaw Worm","floor":4.0,"turns":2.0},{"damage":20.0,"enemies":"The Mushroom Lair","floor":7.0,"turns":5.0},{"damage":6.0,"enemies":"Small Slimes","floor":8.0,"turns":3.0},{"damage":0.0,"enemies":"Looter","floor":11.0,"turns":3.0},{"damage":8.0,"enemies":"Lagavulin","floor":14.0,"turns":6.0},{"damage":0.0,"enemies":"The Guardian","floor":16.0,"turns":10.0},{"damage":10.0,"enemies":"Chosen","floor":18.0,"turns":4.0},{"damage":9.0,"enemies":"Spheric Guardian","floor":19.0,"turns":5.0},{"damage":31.0,"enemies":"Chosen and Byrds","floor":22.0,"turns":8.0},{"damage":14.0,"enemies":"Centurion and Healer","floor":24.0,"turns":7.0},{"damage":14.0,"enemies":"Snake Plant","floor":29.0,"turns":4.0},{"damage":14.0,"enemies":"Shelled Parasite and Fungi","floor":30.0,"turns":7.0},{"damage":21.0,"enemies":"Collector","floor":33.0,"turns":11.0},{"damage":6.0,"enemies":"Orb Walker","floor":35.0,"turns":4.0},{"damage":0.0,"enemies":"Mind Bloom Boss Battle","floor":38.0,"turns":10.0},{"damage":12.0,"enemies":"3 Darklings","floor":39.0,"turns":7.0},{"damage":51.0,"enemies":"Reptomancer","floor":41.0,"turns":9.0},{"damage":4.0,"enemies":"Writhing Mass","floor":42.0,"turns":7.0},{"damage":39,"enemies":"Jaw Worm Horde","floor":47,"turns":2}],"seed_played":"4942598681394702652","potions_obtained":[{"floor":7.0,"key":"Regen Potion"},{"floor":11.0,"key":"SpeedPotion"},{"floor":14.0,"key":"Energy Potion"},{"floor":16.0,"key":"Strength Potion"},{"floor":18.0,"key":"Energy Potion"},{"floor":24.0,"key":"Regen Potion"},{"floor":38.0,"key":"FearPotion"},{"floor":39.0,"key":"Swift Potion"}],"is_trial":false,"path_per_floor":["M","?","$","M","$","R","?","M","T","R","M","T","?","E","R","B",null,"M","M","?","?","M","R","M","R","T","R","?","M","M","$","R","B",null,"M","?","?","?","M","R","E","M","T","R","$","T","M"],"character_chosen":"DEFECT","items_purchased":["Hologram","Lee\u0027s Waffle","PowerPotion","Consume","Biased Cognition","Block Potion"],"campfire_rested":2,"item_purchase_floors":[3,31,31,45,45,45],"current_hp_per_floor":[63,63,63,56,56,56,36,30,30,30,30,30,30,31,31,33,62,54,47,47,47,18,18,6,6,6,27,27,27,15,78,78,57,73,69,69,69,71,61,61,12,10,10,33,33,33,0],"gold":96,"neow_bonus":"REMOVE_CARD","is_prod":false,"is_daily":false,"chose_seed":false,"campfire_upgraded":7,"win_rate":0,"timestamp":1568947448,"path_taken":["M","?","?","M","$","R","?","M","T","R","M","?","?","E","R","BOSS","M","M","?","?","M","R","M","R","T","R","?","M","M","$","R","BOSS","M","?","?","?","M","R","E","M","T","R","$","?","M"],"build_version":"2019-07-17","purchased_purges":1,"victory":false,"max_hp_per_floor":[71,71,71,71,71,71,71,71,71,71,71,71,71,71,71,71,71,71,71,71,71,71,71,71,71,71,71,71,71,71,78,78,78,78,78,78,78,78,78,78,78,78,78,78,78,78,78],"card_choices":[{"not_picked":["Force Field","Capacitor"],"picked":"Coolheaded","floor":1.0},{"not_picked":["Steam","Chaos"],"picked":"Ball Lightning","floor":4.0},{"not_picked":["Coolheaded","Go for the Eyes"],"picked":"Reinforced Body","floor":7.0},{"not_picked":["Darkness","Redo","Gash"],"picked":"SKIP","floor":8.0},{"not_picked":["Ball Lightning","Chaos"],"picked":"Skim","floor":11.0},{"not_picked":["Doom and Gloom","Sweeping Beam"],"picked":"Defragment","floor":14.0},{"not_picked":["Steam","Beam Cell"],"picked":"Undo","floor":18.0},{"not_picked":["Rebound","Go for the Eyes+1","Blizzard"],"picked":"SKIP","floor":19.0},{"not_picked":["Rebound+1","Go for the Eyes","Streamline"],"picked":"SKIP","floor":22.0},{"not_picked":["Rebound+1","Go for the Eyes","Streamline"],"picked":"SKIP","floor":22.0},{"not_picked":["Fusion","Barrage","Hologram"],"picked":"SKIP","floor":24.0},{"not_picked":["Turbo","Leap","Sweeping Beam"],"picked":"SKIP","floor":29.0},{"not_picked":["Cold Snap+1","Aggregate+1","Leap"],"picked":"SKIP","floor":30.0},{"not_picked":["Creative AI","Fission"],"picked":"Echo Form","floor":33.0},{"not_picked":["Conserve Battery","Stack","Compile Driver"],"picked":"SKIP","floor":35.0},{"not_picked":["Streamline","Turbo","Barrage"],"picked":"SKIP","floor":39.0},{"not_picked":["Cold Snap","Static Discharge+1","Double Energy"],"picked":"SKIP","floor":41.0},{"not_picked":["Doom and Gloom","Chaos","Rebound","Streamline"],"picked":"SKIP","floor":42.0}],"player_experience":684127,"relics_obtained":[{"floor":7.0,"key":"Odd Mushroom"},{"floor":9.0,"key":"Juzu Bracelet"},{"floor":12.0,"key":"Letter Opener"},{"floor":14.0,"key":"Blood Vial"},{"floor":26.0,"key":"Dodecahedron"},{"floor":38.0,"key":"Pocketwatch"},{"floor":41.0,"key":"Question Card"},{"floor":43.0,"key":"Pantograph"},{"floor":46,"key":"Molten Egg 2"}],"event_choices":[{"damage_healed":0.0,"max_hp_gain":0.0,"max_hp_loss":0.0,"gold_gain":0.0,"event_name":"Big Fish","player_choice":"Box","floor":2.0,"gold_loss":0.0,"damage_taken":0.0,"relics_obtained":["Orichalcum"],"cards_obtained":["Regret"]},{"damage_healed":0.0,"max_hp_gain":0.0,"max_hp_loss":0.0,"gold_gain":0.0,"event_name":"Mushrooms","player_choice":"Fought Mushrooms","floor":7.0,"gold_loss":0.0,"damage_taken":0.0},{"damage_healed":0.0,"max_hp_gain":0.0,"max_hp_loss":0.0,"gold_gain":0.0,"event_name":"Dead Adventurer","player_choice":"Searched \u00270\u0027 times","floor":13.0,"gold_loss":0.0,"damage_taken":0.0},{"damage_healed":0.0,"max_hp_gain":0.0,"max_hp_loss":0.0,"gold_gain":50.0,"event_name":"Nest","player_choice":"Stole From Cult","floor":20.0,"gold_loss":0.0,"damage_taken":0.0},{"damage_healed":0.0,"max_hp_gain":0.0,"max_hp_loss":0.0,"gold_gain":0.0,"event_name":"Match and Keep!","player_choice":"1 cards matched","floor":21.0,"gold_loss":0.0,"damage_taken":0.0,"cards_obtained":["Chill"]},{"damage_healed":0.0,"max_hp_gain":0.0,"max_hp_loss":0.0,"gold_gain":0.0,"event_name":"Addict","player_choice":"Obtained Relic","floor":28.0,"gold_loss":85.0,"damage_taken":0.0,"relics_obtained":["Mercury Hourglass"]},{"damage_healed":0.0,"max_hp_gain":0.0,"max_hp_loss":0.0,"gold_gain":0.0,"event_name":"Tomb of Lord Red Mask","player_choice":"Ignored","floor":36.0,"gold_loss":0.0,"damage_taken":0.0},{"cards_removed":["Ball Lightning"],"damage_healed":0.0,"max_hp_gain":0.0,"max_hp_loss":0.0,"gold_gain":0.0,"event_name":"Falling","player_choice":"Removed Attack","floor":37.0,"gold_loss":0.0,"damage_taken":0.0},{"damage_healed":0.0,"max_hp_gain":0.0,"max_hp_loss":0.0,"gold_gain":0.0,"event_name":"MindBloom","player_choice":"Fight","floor":38.0,"gold_loss":0.0,"damage_taken":0.0}],"is_beta":false,"boss_relics":[{"not_picked":["Tiny House","Runic Pyramid"],"picked":"Inserter"},{"not_picked":["Runic Dome","White Beast Statue"],"picked":"Nuclear Battery"}],"items_purged_floors":[3],"is_endless":false,"potions_floor_spawned":[7,11,14,16,18,22,24,38,39],"killed_by":"Jaw Worm Horde","ascension_level":18}