{"gold_per_floor":[109,50,60,76,93,93,118,118,143,143],"floor_reached":10,"playtime":410,"items_purged":[],"score":129,"play_id":"10b9341a-a222-425e-ad7d-af644c07553f","local_time":"20190904211716","is_ascension_mode":true,"campfire_choices":[{"data":"Coolheaded","floor":6.0,"key":"SMITH"}],"neow_cost":"NONE","seed_source_timestamp":20526978348368,"circlet_count":0,"master_deck":["AscendersBane","Strike_B","Strike_B","Strike_B","Strike_B","Defend_B","Defend_B","Defend_B","Defend_B","Zap","Dualcast","Cold Snap","Streamline","Defragment","Coolheaded+1"],"special_seed":0,"relics":["Philosopher\u0027s Stone","Potion Belt","Bag of Marbles"],"potions_floor_usage":[7],"damage_taken":[{"damage":10.0,"enemies":"Small Slimes","floor":1.0,"turns":4.0},{"damage":4.0,"enemies":"Jaw Worm","floor":3.0,"turns":4.0},{"damage":13.0,"enemies":"2 Louse","floor":4.0,"turns":3.0},{"damage":6.0,"enemies":"Blue Slaver","floor":5.0,"turns":5.0},{"damage":20,"enemies":"Gremlin Nob","floor":7,"turns":4},{"damage":16,"enemies":"Exordium Wildlife","floor":10,"turns":1}],"seed_played":"6561481451992083268","potions_obtained":[{"floor":3.0,"key":"Weak Potion"},{"floor":7,"key":"Poison Potion"}],"is_trial":false,"path_per_floor":["M","$","M","M","M","R","E","?","T","M"],"character_chosen":"DEFECT","items_purchased":["Streamline"],"campfire_rested":0,"item_purchase_floors":[2],"current_hp_per_floor":[54,54,50,37,31,31,11,11,11,0],"gold":143,"neow_bonus":"BOSS_RELIC","is_prod":false,"is_daily":false,"chose_seed":false,"campfire_upgraded":1,"win_rate":0,"timestamp":1567649836,"path_taken":["M","$","M","M","M","R","E","?","T","M"],"build_version":"2019-07-17","purchased_purges":0,"victory":false,"max_hp_per_floor":[71,71,71,71,71,71,71,71,71,71],"card_choices":[{"not_picked":["Redo","Stack"],"picked":"Cold Snap","floor":1.0},{"not_picked":["Beam Cell","Ball Lightning"],"picked":"Defragment","floor":3.0},{"not_picked":["Conserve Battery","Steam"],"picked":"Coolheaded","floor":4.0},{"not_picked":["Compile Driver","Reprogram","Heatsinks"],"picked":"SKIP","floor":5.0},{"not_picked":["Chaos","Heatsinks","Beam Cell"],"picked":"SKIP","floor":7}],"player_experience":1094586,"relics_obtained":[{"floor":7,"key":"Potion Belt"},{"floor":9,"key":"Bag of Marbles"}],"event_choices":[{"damage_healed":0,"gold_gain":0,"player_choice":"Ignored","damage_taken":0,"max_hp_gain":0,"max_hp_loss":0,"event_name":"Liars Game","floor":8,"gold_loss":0}],"is_beta":false,"boss_relics":[],"items_purged_floors":[],"is_endless":false,"potions_floor_spawned":[3,7],"killed_by":"Exordium Wildlife","ascension_level":18}