{"path_per_floor":["M","M","M","M","M","R","E","R","T","?","?","R","M","M","R","B",null,"M","$","?","M","$","E","R","M","T","E","?","M","R","?","R","B",null,"M","?","?","?","M","R","M","M","T"],"character_chosen":"DEFECT","items_purchased":["Defragment","Defragment"],"gold_per_floor":[117,134,144,161,178,178,205,205,205,205,235,235,245,259,259,356,356,366,217,217,227,59,86,86,98,98,128,128,142,142,142,142,239,239,259,259,259,259,279,279,292,308,308,308],"floor_reached":44,"campfire_rested":4,"playtime":1755,"current_hp_per_floor":[74,74,73,73,62,62,61,61,61,66,66,66,61,51,51,38,80,80,80,80,73,73,22,46,48,48,39,39,25,49,49,73,74,80,54,44,44,44,26,50,24,20,20,0],"items_purged":["Strike_B","Strike_B"],"gold":308,"score":475,"play_id":"cb868532-8d20-4396-9077-78f997c53ba9","local_time":"20180430002945","is_prod":false,"is_daily":false,"chose_seed":false,"is_ascension_mode":false,"campfire_upgraded":4,"timestamp":1525066185,"path_taken":["M","M","M","M","M","R","E","R","T","?","?","R","M","M","R","BOSS","M","$","?","M","$","E","R","M","T","E","?","M","R","?","R","BOSS","M","?","?","?","M","R","M","?","T","M"],"build_version":"2018-04-27v3","seed_source_timestamp":373151847145328,"purchased_purges":2,"victory":false,"master_deck":["Strike_B+1","Defend_B","Defend_B","Defend_B","Defend_B","Zap+1","Dualcast","Gash+1","Coolheaded+1","Gash+1","Double Energy","Defragment+1","Capacitor+1","Self Repair+1","Self Repair+1","Reboot","Defragment+1","Capacitor+1","Madness","Ball Lightning","Defragment+1","Hello World+1","Cold Snap+1","Writhe","Defragment+1","Barrage+1","Rainbow","Storm+1","Madness","Madness","Capacitor+1","Force Field+1"],"max_hp_per_floor":[75,75,75,75,75,75,75,75,75,80,80,80,80,80,80,80,80,80,80,80,80,80,80,80,80,80,80,80,80,80,80,80,80,80,80,80,80,80,80,80,80,80,80,80],"relics":["Cracked Core","Whetstone","Frozen Egg 2","Nuclear Battery","Dream Catcher","Torii","Girya","Ginger","Sozu","Blue Candle"],"card_choices":[{"not_picked":["Go for the Eyes","Blaster"],"picked":"Gash","floor":1},{"not_picked":["Leap","Impulse"],"picked":"Coolheaded","floor":2},{"not_picked":["Rip and Tear","Leap"],"picked":"Gash","floor":3},{"not_picked":["Amplify","Skim"],"picked":"Double Energy","floor":4},{"not_picked":["Streamline","Go for the Eyes"],"picked":"Defragment","floor":5},{"not_picked":["Beam Cell","Go for the Eyes"],"picked":"Capacitor","floor":7},{"not_picked":["Capacitor","Hologram"],"picked":"Self Repair","floor":13},{"not_picked":["Stack","Undo"],"picked":"Self Repair","floor":14},{"not_picked":["Amplify","Prime"],"picked":"Reboot","floor":16},{"not_picked":["Sweeping Beam","Undo"],"picked":"Ball Lightning","floor":21},{"not_picked":["Rebound","Beam Cell"],"picked":"Hello World","floor":24},{"not_picked":["Skim","Darkness"],"picked":"Cold Snap","floor":25},{"not_picked":["Self Repair","Aggregate"],"picked":"Defragment","floor":29},{"not_picked":["Hello World","Beam Cell"],"picked":"Barrage","floor":30},{"not_picked":["Reboot","Echo Form"],"picked":"Rainbow","floor":33},{"not_picked":["Rip and Tear","Leap"],"picked":"Storm","floor":35},{"not_picked":["Barrage","Rebound"],"picked":"Capacitor","floor":40},{"not_picked":["Self Repair","Skim"],"picked":"Force Field","floor":41}],"player_experience":274560,"potions_floor_usage":[7,16,16,27,42],"damage_taken":[{"damage":1,"enemies":"Jaw Worm","floor":1,"turns":4},{"damage":0,"enemies":"Small Slimes","floor":2,"turns":3},{"damage":1,"enemies":"2 Louse","floor":3,"turns":3},{"damage":0,"enemies":"Blue Slaver","floor":4,"turns":4},{"damage":11,"enemies":"Looter","floor":5,"turns":3},{"damage":16,"enemies":"Lagavulin","floor":7,"turns":6},{"damage":5,"enemies":"3 Louse","floor":13,"turns":3},{"damage":20,"enemies":"Exordium Thugs","floor":14,"turns":4},{"damage":23,"enemies":"The Guardian","floor":16,"turns":12},{"damage":13,"enemies":"Shell Parasite","floor":18,"turns":6},{"damage":27,"enemies":"Spheric Guardian","floor":21,"turns":4},{"damage":71,"enemies":"Slavers","floor":23,"turns":6},{"damage":18,"enemies":"Centurion and Healer","floor":25,"turns":7},{"damage":29,"enemies":"Gremlin Leader","floor":27,"turns":6},{"damage":24,"enemies":"Snake Plant","floor":29,"turns":6},{"damage":9,"enemies":"Champ","floor":33,"turns":8},{"damage":46,"enemies":"Flame Bruiser 1 Orb","floor":35,"turns":4},{"damage":18,"enemies":"3 Darklings","floor":39,"turns":4},{"damage":26,"enemies":"Spire Growth","floor":41,"turns":3},{"damage":14,"enemies":"4 Shapes","floor":42,"turns":4},{"damage":26,"enemies":"3 Darklings","floor":44,"turns":3}],"event_choices":[{"event_name":"Big Fish","player_choice":"Donut","floor":10,"damage_taken":0},{"event_name":"Dead Adventurer","player_choice":"Searched \u00272\u0027 times","floor":11,"damage_taken":0},{"event_name":"Match and Keep!","player_choice":"2 cards matched","floor":20,"damage_taken":0},{"event_name":"The Mausoleum","player_choice":"Yes","floor":28,"damage_taken":0},{"event_name":"Back to Basics","player_choice":"Elegance","floor":31,"damage_taken":0},{"event_name":"Winding Halls","player_choice":"Embrace Madness","floor":36,"damage_taken":0},{"event_name":"Mysterious Sphere","player_choice":"Ignore","floor":37,"damage_taken":0},{"event_name":"Tomb of Lord Red Mask","player_choice":"Ignored","floor":38,"damage_taken":0}],"boss_relics":[{"not_picked":["Lizard Tail","Tiny House"],"picked":"Nuclear Battery"},{"not_picked":["Black Star","Philosopher\u0027s Stone"],"picked":"Sozu"}],"potions_floor_spawned":[2,3,5,25,33,35,39],"seed_played":"1898247720894073055","killed_by":"3 Darklings","ascension_level":0,"is_trial":false}