{"gold_per_floor":[362,373,68,68,78,78,94,121,148,148,164,174,203,4,4,101,101,118,118,129,229,229,229],"floor_reached":23,"playtime":1035,"items_purged":["Writhe"],"score":231,"play_id":"b668de93-37ae-4f91-8490-914dce480568","local_time":"20190215085034","is_ascension_mode":true,"campfire_choices":[{"data":"Cloak And Dagger","floor":6,"key":"SMITH"},{"data":"Footwork","floor":15,"key":"SMITH"}],"neow_cost":"CURSE","seed_source_timestamp":138215464024744,"circlet_count":0,"master_deck":["Defend_G","Defend_G","Defend_G+1","Defend_G+1","Defend_G","Strike_G","Strike_G","Strike_G","Strike_G","Survivor","Neutralize","Cloak And Dagger+1","Sucker Punch","Accuracy","Cloak And Dagger+1","Footwork+1","Sucker Punch","Die Die Die","Blade Dance","Cloak And Dagger+1","Terror"],"relics":["Ring of the Serpent","Juzu Bracelet","Snake Skull","Omamori","War Paint","Lee\u0027s Waffle","MutagenicStrength"],"potions_floor_usage":[16,18,18,23],"damage_taken":[{"damage":7,"enemies":"Cultist","floor":1,"turns":6},{"damage":0,"enemies":"Small Slimes","floor":2,"turns":3},{"damage":4,"enemies":"2 Louse","floor":5,"turns":2},{"damage":0,"enemies":"2 Fungi Beasts","floor":7,"turns":3},{"damage":5,"enemies":"Lagavulin","floor":8,"turns":8},{"damage":6,"enemies":"Large Slime","floor":11,"turns":5},{"damage":3,"enemies":"Looter","floor":12,"turns":3},{"damage":28,"enemies":"Gremlin Nob","floor":13,"turns":5},{"damage":32,"enemies":"Slime Boss","floor":16,"turns":13},{"damage":15,"enemies":"2 Thieves","floor":18,"turns":4},{"damage":3,"enemies":"Chosen","floor":20,"turns":5},{"damage":59,"enemies":"Gremlin Leader","floor":23,"turns":9}],"seed_played":"1382475881962308319","potions_obtained":[{"floor":1,"key":"LiquidBronze"},{"floor":2,"key":"Swift Potion"},{"floor":8,"key":"Energy Potion"},{"floor":16,"key":"Poison Potion"},{"floor":18,"key":"GhostInAJar"}],"is_trial":false,"path_per_floor":["M","M","$","?","M","R","M","E","T","?","M","M","E","$","R","B",null,"M","?","M","?","?","E"],"character_chosen":"THE_SILENT","items_purchased":["Juzu Bracelet","Accuracy","Lee\u0027s Waffle"],"campfire_rested":0,"item_purchase_floors":[3,3,14],"current_hp_per_floor":[63,63,63,63,59,59,59,54,54,54,48,45,17,77,77,45,77,62,62,59,59,59,0],"gold":229,"neow_bonus":"TWO_FIFTY_GOLD","is_prod":false,"is_daily":false,"chose_seed":false,"campfire_upgraded":2,"win_rate":0,"timestamp":1550242234,"path_taken":["M","M","$","?","M","R","M","E","T","?","M","M","E","?","R","BOSS","M","?","M","?","?","E"],"build_version":"2019-01-23","purchased_purges":1,"victory":false,"max_hp_per_floor":[70,70,70,70,70,70,70,70,70,70,70,70,70,77,77,77,77,77,77,77,77,77,77],"card_choices":[{"not_picked":["Outmaneuver","Flechettes"],"picked":"Cloak And Dagger","floor":1},{"not_picked":["Blur","Eviscerate"],"picked":"Sucker Punch","floor":2},{"not_picked":["Poisoned Stab","Deflect"],"picked":"Cloak And Dagger","floor":5},{"not_picked":["Bane","Blade Dance"],"picked":"Footwork","floor":7},{"not_picked":["Crippling Poison","Corpse Explosion"],"picked":"Sucker Punch","floor":8},{"not_picked":["Dash","Quick Slash","Caltrops"],"picked":"SKIP","floor":11},{"not_picked":["Deadly Poison","Distraction","Quick Slash"],"picked":"SKIP","floor":12},{"not_picked":["Outmaneuver","Bane","Tactician"],"picked":"SKIP","floor":13},{"not_picked":["Unload","Storm of Steel"],"picked":"Die Die Die","floor":16},{"not_picked":["Deflect+1","Sucker Punch"],"picked":"Blade Dance","floor":18},{"not_picked":["Prepared","Dash"],"picked":"Cloak And Dagger+1","floor":20}],"player_experience":305834,"relics_obtained":[{"floor":8,"key":"Snake Skull"},{"floor":9,"key":"Omamori"},{"floor":13,"key":"War Paint"}],"event_choices":[{"damage_healed":0,"gold_gain":0,"player_choice":"Forge","damage_taken":0,"max_hp_gain":0,"max_hp_loss":0,"event_name":"Accursed Blacksmith","floor":4,"gold_loss":0,"cards_upgraded":["Cloak And Dagger"]},{"cards_removed":["Strike_G"],"damage_healed":0,"gold_gain":0,"player_choice":"Offered Basic","damage_taken":0,"max_hp_gain":0,"max_hp_loss":0,"event_name":"Bonfire Elementals","floor":10,"gold_loss":0},{"damage_healed":0,"gold_gain":0,"player_choice":"Inject Mutagens","damage_taken":0,"relics_obtained":["MutagenicStrength"],"max_hp_gain":0,"max_hp_loss":0,"event_name":"Drug Dealer","floor":19,"gold_loss":0},{"damage_healed":0,"gold_gain":100,"player_choice":"Pray","damage_taken":0,"max_hp_gain":0,"max_hp_loss":0,"event_name":"Golden Shrine","floor":21,"gold_loss":0},{"damage_healed":0,"gold_gain":0,"player_choice":"Read","damage_taken":0,"max_hp_gain":0,"max_hp_loss":0,"event_name":"The Library","floor":22,"gold_loss":0,"cards_obtained":["Terror"]}],"is_beta":false,"boss_relics":[{"not_picked":["Ectoplasm","Empty Cage"],"picked":"Ring of the Serpent"}],"items_purged_floors":[3],"is_endless":false,"potions_floor_spawned":[1,2,8,16,18],"killed_by":"Gremlin Leader","ascension_level":3}