{"path_per_floor":["M","?","?","?","?","R","M","?","T","R","?","M","?","M","R","B",null,"M","?","?","?","?","E","R","M","T","R","?","$","M","M","R","B",null,"M","?","M","?","?","E","R","$","T","?","R","T","R","M","R","B"],"character_chosen":"IRONCLAD","items_purchased":["Mummified Hand","Dexterity Potion","Disarm","Oddly Smooth Stone","Dexterity Potion"],"gold_per_floor":[116,216,216,391,391,391,410,467,491,491,491,504,504,515,515,619,619,590,505,505,505,430,462,462,473,473,473,473,16,34,48,48,151,151,161,161,177,223,223,250,250,55,104,104,104,127,127,138,138,138],"floor_reached":51,"campfire_rested":5,"playtime":2391,"current_hp_per_floor":[77,77,70,70,54,54,60,20,20,44,44,40,33,31,55,27,80,66,66,51,35,35,44,69,59,59,84,84,84,85,84,84,32,85,75,75,81,73,73,72,72,72,72,61,61,61,61,67,85,10],"items_purged":["Defend_R"],"gold":138,"score":552,"play_id":"dfc5b5f1-b76d-4fec-93e3-f8b7febe3181","is_prod":false,"is_daily":false,"is_ascension_mode":false,"campfire_upgraded":5,"path_taken":["M","?","?","?","?","R","M","?","T","R","?","M","?","M","R","BOSS","M","?","?","?","?","E","R","M","T","R","?","?","M","M","R","BOSS","M","?","M","?","?","E","R","?","T","?","R","?","R","M","R","BOSS"],"build_version":"2018-02-15-PROD1","purchased_purges":1,"victory":true,"master_deck":["Strike_R+1","Strike_R","Strike_R","Strike_R+1","Defend_R","Defend_R","Defend_R","Bash+1","Demon Form+1","Armaments+1","Flex","Power Through","Intimidate","Body Slam+1","Shrug It Off","Impervious","Armaments+1","Shrug It Off+1","Pommel Strike+1","True Grit+1","Disarm","Shrug It Off","Body Slam+1","Juggernaut+1","Madness","Madness","Armaments+1"],"max_hp_per_floor":[80,80,80,80,80,80,80,80,80,80,80,80,80,80,80,80,80,80,80,85,85,85,85,85,85,85,85,85,85,85,85,85,85,85,85,85,85,85,85,85,85,85,85,85,85,85,85,85,85,85],"relics":["Burning Blood","Juzu Bracelet","Dream Catcher","Omamori","Black Star","Ancient Tea Set","Enchiridion","Bronze Scales","Whetstone","Mercury Hourglass","Orichalcum","Mummified Hand","Sozu","Red Skull","Prayer Wheel","Pen Nib","Oddly Smooth Stone","Lantern","Vajra"],"card_choices":[{"not_picked":["Metallicize","Twin Strike"],"picked":"Armaments"},{"not_picked":["Hemokinesis","Corruption"],"picked":"Flex"},{"not_picked":["Clothesline","True Grit"],"picked":"Power Through"},{"not_picked":["Armaments","Wild Strike"],"picked":"Body Slam"},{"not_picked":["Rampage","Thunderclap"],"picked":"Shrug It Off"},{"not_picked":["Reaper","Dark Embrace"],"picked":"Impervious"},{"not_picked":["Corruption","Flame Barrier"],"picked":"Armaments"},{"not_picked":["True Grit","Power Through"],"picked":"Shrug It Off"},{"not_picked":["Seeing Red","Combust"],"picked":"Pommel Strike"},{"not_picked":["Reckless Charge","Burning Pact"],"picked":"True Grit"},{"not_picked":["Pummel","Clothesline"],"picked":"Shrug It Off"},{"not_picked":["Pommel Strike","Searing Blow"],"picked":"Body Slam"},{"not_picked":["Brutality","Immolate"],"picked":"Juggernaut"},{"not_picked":["Headbutt","Twin Strike"],"picked":"Armaments"}],"player_experience":35651,"potions_floor_usage":[16,23,23,23,31,33],"damage_taken":[{"damage":9.0,"enemies":"2 Louse","floor":1.0,"turns":4.0},{"damage":0.0,"enemies":"Cultist","floor":7.0,"turns":5.0},{"damage":46.0,"enemies":"Gremlin Nob","floor":8.0,"turns":6.0},{"damage":10.0,"enemies":"Small Slimes","floor":12.0,"turns":5.0},{"damage":8.0,"enemies":"3 Louse","floor":14.0,"turns":3.0},{"damage":34,"enemies":"Hexaghost","floor":16,"turns":10},{"damage":20,"enemies":"2 Thieves","floor":18,"turns":5},{"damage":12,"enemies":"Gremlin Leader","floor":23,"turns":7},{"damage":16,"enemies":"Chosen","floor":25,"turns":8},{"damage":3,"enemies":"Snecko","floor":30,"turns":4},{"damage":7,"enemies":"Centurion and Healer","floor":31,"turns":9},{"damage":58,"enemies":"Automaton","floor":33,"turns":14},{"damage":16,"enemies":"Orb Walker","floor":35,"turns":4},{"damage":0,"enemies":"3 Shapes","floor":37,"turns":7},{"damage":14,"enemies":"Mysterious Sphere","floor":38,"turns":6},{"damage":7,"enemies":"Giant Head","floor":40,"turns":9},{"damage":0,"enemies":"Maw","floor":48,"turns":8},{"damage":81,"enemies":"Time Eater","floor":50,"turns":11}],"event_choices":[{"event_name":"Golden Shrine","player_choice":"Pray","floor":2.0,"damage_taken":0.0},{"event_name":"Scrap Ooze","player_choice":"success","floor":3.0,"damage_taken":7.0},{"event_name":"Liars Game","player_choice":"agreed","floor":4.0,"damage_taken":0.0},{"event_name":"Shining Light","player_choice":"Entered Light","floor":5.0,"damage_taken":0.0},{"event_name":"Dead Adventurer","player_choice":"Searched \u00272\u0027 times","floor":8.0,"damage_taken":0.0},{"event_name":"Match and Keep!","player_choice":"2 cards matched","floor":11.0,"damage_taken":0.0},{"event_name":"Golden Wing","player_choice":"Card Removal","floor":13.0,"damage_taken":0.0},{"event_name":"Addict","player_choice":"Obtained Relic","floor":19,"damage_taken":0},{"event_name":"Forgotten Altar","player_choice":"Shed Blood","floor":20,"damage_taken":0},{"event_name":"Cursed Tome","player_choice":"Obtained Book","floor":21,"damage_taken":0},{"event_name":"Beggar","player_choice":"Gave Gold","floor":22,"damage_taken":0},{"event_name":"The Mausoleum","player_choice":"Yes","floor":28,"damage_taken":0},{"event_name":"Mysterious Sphere","player_choice":"Fight","floor":38,"damage_taken":0},{"event_name":"Tomb of Lord Red Mask","player_choice":"Ignored","floor":39,"damage_taken":0},{"event_name":"Winding Halls","player_choice":"Embrace Madness","floor":44,"damage_taken":0}],"boss_relics":[{"not_picked":["Philosopher\u0027s Stone","Tiny House"],"picked":"Black Star"},{"not_picked":["Mark of Pain","Eternal Feather"],"picked":"Sozu"}],"potions_floor_spawned":[1,12,14,16,18,25,37,38,48],"seed_played":"-5742247918874160385","ascension_level":0,"is_trial":false}