{"gold_per_floor":[13,31,48,10,10,43,53,53,108,108,122,153,153,153,153,252,252,266,266,191,205,215,245,245,245,245,245,245,256,283,283,283,383,383,397,397,497,515,535,565,565,417,498,498,518,518,535,566,566,566,566,566,315,342,342],"floor_reached":56,"playtime":11800,"items_purged":["Strike_B","Madness","Madness"],"score":1278,"play_id":"61730f6c-d7c8-48ba-8820-0bf384c9c9bd","local_time":"20190918011643","is_ascension_mode":false,"campfire_choices":[{"data":"Loop","floor":8.0,"key":"SMITH"},{"data":"Glacier","floor":10.0,"key":"SMITH"},{"data":"Defragment","floor":13.0,"key":"SMITH"},{"data":"Go for the Eyes","floor":15.0,"key":"SMITH"},{"data":"Seek","floor":25.0,"key":"SMITH"},{"data":"Loop","floor":32.0,"key":"SMITH"},{"data":"Amplify","floor":41.0,"key":"SMITH"},{"floor":44.0,"key":"RECALL"},{"data":"Hologram","floor":46.0,"key":"SMITH"},{"data":"Hologram","floor":49.0,"key":"SMITH"},{"data":"Machine Learning","floor":52.0,"key":"SMITH"}],"neow_cost":"NO_GOLD","seed_source_timestamp":0,"circlet_count":0,"master_deck":["Dualcast","Melter","Glacier+1","Go for the Eyes+1","Loop+1","Hologram+1","Gash","Defragment+1","Chill","Machine Learning+1","Skim","Seek+1","Melter","Conserve Battery+1","Hologram+1","Necronomicurse","Loop+1","Amplify+1","Streamline+1","Darkness+1","Reinforced Body+1","Barrage+1","Ball Lightning+1","Streamline+1","Cold Snap+1","Glacier+1"],"special_seed":0,"relics":["Cracked Core","Meat on the Bone","Happy Flower","PreservedInsect","Black Star","Dream Catcher","Juzu Bracelet","Ancient Tea Set","Singing Bowl","Necronomicon","Strawberry","Anchor","Astrolabe","Mango","Potion Belt","Calipers","Orichalcum","Dead Branch","Mummified Hand","Centennial Puzzle"],"potions_floor_usage":[54,54,54,55,55],"damage_taken":[{"damage":0.0,"enemies":"Cultist","floor":1.0,"turns":4.0},{"damage":4.0,"enemies":"2 Louse","floor":2.0,"turns":3.0},{"damage":0.0,"enemies":"Jaw Worm","floor":3.0,"turns":4.0},{"damage":25.0,"enemies":"Gremlin Nob","floor":6.0,"turns":6.0},{"damage":7.0,"enemies":"3 Louse","floor":7.0,"turns":3.0},{"damage":1.0,"enemies":"Looter","floor":11.0,"turns":3.0},{"damage":6.0,"enemies":"Lagavulin","floor":12.0,"turns":8.0},{"damage":7.0,"enemies":"Hexaghost","floor":16.0,"turns":13.0},{"damage":0.0,"enemies":"Chosen","floor":18.0,"turns":5.0},{"damage":8.0,"enemies":"Shell Parasite","floor":21.0,"turns":5.0},{"damage":7.0,"enemies":"Snecko","floor":22.0,"turns":7.0},{"damage":1.0,"enemies":"Book of Stabbing","floor":23.0,"turns":9.0},{"damage":0.0,"enemies":"Centurion and Healer","floor":29.0,"turns":7.0},{"damage":9.0,"enemies":"Gremlin Leader","floor":30.0,"turns":7.0},{"damage":31.0,"enemies":"Champ","floor":33.0,"turns":12.0},{"damage":0.0,"enemies":"3 Shapes","floor":35.0,"turns":7.0},{"damage":2.0,"enemies":"Mind Bloom Boss Battle","floor":37.0,"turns":7.0},{"damage":19.0,"enemies":"Orb Walker","floor":38.0,"turns":4.0},{"damage":0.0,"enemies":"Jaw Worm Horde","floor":39.0,"turns":5.0},{"damage":10.0,"enemies":"Giant Head","floor":40.0,"turns":6.0},{"damage":0.0,"enemies":"Transient","floor":45.0,"turns":5.0},{"damage":0.0,"enemies":"Sphere and 2 Shapes","floor":47.0,"turns":3.0},{"damage":0.0,"enemies":"Nemesis","floor":48.0,"turns":6.0},{"damage":45.0,"enemies":"Donu and Deca","floor":50.0,"turns":10.0},{"damage":26,"enemies":"Shield and Spear","floor":54,"turns":8},{"damage":122,"enemies":"The Heart","floor":55,"turns":9}],"seed_played":"3475200388030562948","potions_obtained":[{"floor":1.0,"key":"SmokeBomb"},{"floor":3.0,"key":"SkillPotion"},{"floor":6.0,"key":"Regen Potion"},{"floor":18.0,"key":"Ancient Potion"},{"floor":29.0,"key":"FearPotion"},{"floor":30.0,"key":"Dexterity Potion"},{"floor":38.0,"key":"FairyPotion"},{"floor":40.0,"key":"SkillPotion"},{"floor":48.0,"key":"SkillPotion"},{"floor":54,"key":"Regen Potion"}],"is_trial":false,"path_per_floor":["M","M","M","$","?","E","M","R","T","R","M","E","R","?","R","B",null,"M","?","$","M","M","E","?","R","T","?","?","M","E","?","R","B",null,"M","?","?","M","M","E","R","$","T","R","M","R","M","E","R","B",null,"R","$","E","B",null],"character_chosen":"DEFECT","items_purchased":["Loop","Energy Potion","Regen Potion","Weak Potion"],"campfire_rested":0,"item_purchase_floors":[4,42,53,53],"current_hp_per_floor":[75,71,71,71,71,46,48,48,48,48,47,41,41,41,41,46,75,75,75,75,67,60,59,59,59,59,43,43,45,55,55,55,36,84,84,73,85,66,68,60,60,60,60,60,62,62,62,62,62,29,104,104,104,92,20],"gold":342,"neow_bonus":"REMOVE_TWO","is_prod":false,"is_daily":false,"chose_seed":false,"campfire_upgraded":10,"win_rate":1,"timestamp":1568783803,"path_taken":["M","M","M","$","?","E","M","R","T","R","M","E","R","?","R","BOSS","M","?","$","M","M","E","?","R","T","?","?","M","E","?","R","BOSS","M","?","?","M","M","E","R","$","T","R","M","R","M","E","R","BOSS","R","$","E","BOSS"],"build_version":"2019-07-17","purchased_purges":3,"victory":true,"max_hp_per_floor":[75,75,75,75,75,75,75,75,75,75,75,75,75,75,75,75,75,75,75,75,75,75,75,75,75,75,75,75,77,84,84,84,84,84,84,84,98,98,100,102,102,102,102,102,104,104,104,104,104,104,104,104,104,106,106],"card_choices":[{"not_picked":["Darkness","Streamline"],"picked":"Melter","floor":1.0},{"not_picked":["Redo","Static Discharge"],"picked":"Glacier","floor":2.0},{"not_picked":["Stack","BootSequence"],"picked":"Go for the Eyes","floor":3.0},{"not_picked":["Chaos","Sweeping Beam"],"picked":"Hologram","floor":6.0},{"not_picked":["Stack","Compile Driver"],"picked":"Gash","floor":7.0},{"not_picked":["Self Repair","Barrage"],"picked":"Defragment","floor":11.0},{"not_picked":["Machine Learning","Double Energy"],"picked":"Chill","floor":12.0},{"not_picked":["Electrodynamics","Multi-Cast"],"picked":"Machine Learning","floor":16.0},{"not_picked":["Conserve Battery+1","Sweeping Beam"],"picked":"Skim","floor":18.0},{"not_picked":["Doom and Gloom","Leap"],"picked":"Conserve Battery+1","floor":21.0},{"not_picked":["Go for the Eyes","White Noise"],"picked":"Hologram","floor":22.0},{"not_picked":["Skim","BootSequence","Hello World"],"picked":"SKIP","floor":23.0},{"not_picked":["Barrage+1","Stack+1","Storm"],"picked":"Singing Bowl","floor":29.0},{"not_picked":["Go for the Eyes+1","Stack"],"picked":"Loop","floor":30.0},{"not_picked":["Thunder Strike","Rainbow"],"picked":"Amplify","floor":33.0},{"not_picked":["Beam Cell+1","Redo"],"picked":"Barrage+1","floor":35.0},{"not_picked":["Aggregate+1","Rebound+1"],"picked":"Ball Lightning+1","floor":37.0},{"not_picked":["Coolheaded","Glacier"],"picked":"Streamline+1","floor":38.0},{"not_picked":["Barrage","Sweeping Beam","Beam Cell+1"],"picked":"SKIP","floor":39.0},{"not_picked":["Barrage","Sweeping Beam","Beam Cell+1"],"picked":"Singing Bowl","floor":39.0},{"not_picked":["Sweeping Beam+1","Double Energy+1","Reinforced Body"],"picked":"Singing Bowl","floor":40.0},{"not_picked":["Chill","Redo","Leap+1"],"picked":"Singing Bowl","floor":45.0},{"not_picked":["Self Repair+1","Tempest"],"picked":"Cold Snap+1","floor":47.0},{"not_picked":["Amplify","Rebound"],"picked":"Glacier+1","floor":48.0},{"not_picked":["Leap+1","Cold Snap+1","Rebound"],"picked":"Singing Bowl","floor":54}],"player_experience":199683,"relics_obtained":[{"floor":6.0,"key":"Meat on the Bone"},{"floor":9.0,"key":"Happy Flower"},{"floor":12.0,"key":"PreservedInsect"},{"floor":23.0,"key":"Dream Catcher"},{"floor":23.0,"key":"Juzu Bracelet"},{"floor":26.0,"key":"Singing Bowl"},{"floor":27.0,"key":"Necronomicon"},{"floor":30.0,"key":"Strawberry"},{"floor":30.0,"key":"Anchor"},{"floor":37.0,"key":"Mango"},{"floor":40.0,"key":"Potion Belt"},{"floor":40.0,"key":"Calipers"},{"floor":48.0,"key":"Orichalcum"},{"floor":48.0,"key":"Dead Branch"},{"floor":54,"key":"Mummified Hand"},{"floor":54,"key":"Centennial Puzzle"}],"event_choices":[{"cards_removed":["Defend_B"],"damage_healed":0.0,"max_hp_gain":0.0,"max_hp_loss":0.0,"gold_gain":0.0,"event_name":"Living Wall","player_choice":"Forget","floor":5.0,"gold_loss":0.0,"damage_taken":0.0},{"damage_healed":0.0,"max_hp_gain":0.0,"max_hp_loss":0.0,"gold_gain":0.0,"event_name":"Liars Game","player_choice":"Ignored","floor":14.0,"gold_loss":0.0,"damage_taken":0.0},{"damage_healed":0.0,"max_hp_gain":0.0,"max_hp_loss":0.0,"gold_gain":0.0,"cards_transformed":["Strike_B","Defend_B"],"event_name":"Drug Dealer","player_choice":"Became Test Subject","floor":19.0,"gold_loss":0.0,"damage_taken":0.0,"cards_obtained":["Seek","Melter"]},{"damage_healed":0.0,"max_hp_gain":0.0,"max_hp_loss":0.0,"gold_gain":0.0,"event_name":"The Mausoleum","player_choice":"Opened","floor":24.0,"gold_loss":0.0,"damage_taken":0.0,"relics_obtained":["Ancient Tea Set"]},{"damage_healed":0.0,"max_hp_gain":0.0,"max_hp_loss":0.0,"gold_gain":0.0,"event_name":"Cursed Tome","player_choice":"Obtained Book","floor":27.0,"gold_loss":0.0,"damage_taken":16.0},{"damage_healed":0.0,"max_hp_gain":0.0,"max_hp_loss":0.0,"gold_gain":0.0,"event_name":"Vampires","player_choice":"Ignored","floor":28.0,"gold_loss":0.0,"damage_taken":0.0},{"damage_healed":0.0,"max_hp_gain":0.0,"max_hp_loss":0.0,"gold_gain":0.0,"event_name":"Ghosts","player_choice":"Ignored","floor":31.0,"gold_loss":0.0,"damage_taken":0.0},{"damage_healed":0.0,"max_hp_gain":0.0,"max_hp_loss":0.0,"gold_gain":0.0,"event_name":"Winding Halls","player_choice":"Embrace Madness","floor":36.0,"gold_loss":0.0,"damage_taken":11.0,"cards_obtained":["Madness","Madness"]},{"damage_healed":0.0,"max_hp_gain":0.0,"max_hp_loss":0.0,"gold_gain":0.0,"event_name":"MindBloom","player_choice":"Fight","floor":37.0,"gold_loss":0.0,"damage_taken":0.0}],"is_beta":false,"boss_relics":[{"not_picked":["Empty Cage","Velvet Choker"],"picked":"Black Star"},{"not_picked":["Orrery","Snecko Eye"],"picked":"Astrolabe"}],"items_purged_floors":[20,42,53],"is_endless":false,"potions_floor_spawned":[1,3,6,18,29,30,38,40,48,54],"ascension_level":0}