{"gold_per_floor":[111,126,301,318,318,318,352,368,414,432,452,474,494,509,509,509],"floor_reached":16,"playtime":834,"items_purged":[],"score":111,"play_id":"786374d7-7f19-4e6c-8640-e7fe34e23d1e","local_time":"20181206092057","is_ascension_mode":true,"campfire_choices":[{"data":"Malaise","floor":6.0,"key":"SMITH"},{"floor":15,"key":"REST"}],"neow_cost":"NONE","seed_source_timestamp":0,"circlet_count":0,"master_deck":["Defend_G","Defend_G","Defend_G","Defend_G","Defend_G","Strike_G","Strike_G","Strike_G","Strike_G","Strike_G","Survivor","Neutralize","Deadly Poison","Doubt","Poisoned Stab","Malaise+1","Backflip","Deadly Poison","Quick Slash","Catalyst","Poisoned Stab"],"special_seed":0,"relics":["Ring of the Snake","Smiling Mask","Kunai","Orichalcum","Odd Mushroom"],"potions_floor_usage":[12,13,16],"damage_taken":[{"damage":0.0,"enemies":"2 Louse","floor":1.0,"turns":3.0},{"damage":0.0,"enemies":"Cultist","floor":2.0,"turns":4.0},{"damage":2.0,"enemies":"Small Slimes","floor":4.0,"turns":5.0},{"damage":13.0,"enemies":"Lagavulin","floor":7.0,"turns":7.0},{"damage":11.0,"enemies":"Exordium Wildlife","floor":8.0,"turns":4.0},{"damage":9.0,"enemies":"Gremlin Gang","floor":10.0,"turns":6.0},{"damage":2.0,"enemies":"Lots of Slimes","floor":11.0,"turns":4.0},{"damage":13,"enemies":"The Mushroom Lair","floor":12,"turns":5},{"damage":0,"enemies":"2 Fungi Beasts","floor":13,"turns":3},{"damage":3,"enemies":"Large Slime","floor":14,"turns":6},{"damage":45,"enemies":"Slime Boss","floor":16,"turns":12}],"seed_played":"5137747801604514085","potions_obtained":[{"floor":1.0,"key":"PowerPotion"},{"floor":8.0,"key":"FearPotion"},{"floor":10.0,"key":"Ancient Potion"},{"floor":14,"key":"Poison Potion"}],"is_trial":false,"path_per_floor":["M","M","?","M","?","R","E","M","T","M","M","M","?","M","M","R","B"],"character_chosen":"THE_SILENT","items_purchased":[],"campfire_rested":1,"item_purchase_floors":[],"current_hp_per_floor":[70,70,70,68,68,68,55,44,44,35,33,20,20,17,38,0],"gold":509,"neow_bonus":"RANDOM_COMMON_RELIC","is_prod":false,"is_daily":false,"chose_seed":false,"campfire_upgraded":1,"win_rate":0,"timestamp":1544109657,"path_taken":["M","M","?","M","?","R","E","M","T","M","?","?","M","M","R","BOSS"],"build_version":"2018-11-15","purchased_purges":0,"victory":false,"max_hp_per_floor":[70,70,70,70,70,70,70,70,70,70,70,70,70,70,70,70],"card_choices":[{"not_picked":["Choke","Dagger Throw"],"picked":"Deadly Poison","floor":1.0},{"not_picked":["Choke","Underhanded Strike","Leg Sweep"],"picked":"SKIP","floor":2.0},{"not_picked":["Bane","Escape Plan"],"picked":"Poisoned Stab","floor":4.0},{"not_picked":["Concentrate","PiercingWail"],"picked":"Backflip","floor":7.0},{"not_picked":["Dagger Spray","Unload"],"picked":"Deadly Poison","floor":8.0},{"not_picked":["Acrobatics","Prepared"],"picked":"Quick Slash","floor":10.0},{"not_picked":["Riddle With Holes","Accuracy","Dagger Throw"],"picked":"SKIP","floor":11},{"not_picked":["Bouncing Flask","Tactician"],"picked":"Catalyst","floor":12},{"not_picked":["Catalyst","Flechettes"],"picked":"Poisoned Stab","floor":13},{"not_picked":["Backflip","Masterful Stab","Infinite Blades"],"picked":"SKIP","floor":14}],"player_experience":277637,"relics_obtained":[{"floor":7.0,"key":"Kunai"},{"floor":9.0,"key":"Orichalcum"},{"floor":12,"key":"Odd Mushroom"}],"event_choices":[{"damage_healed":0.0,"max_hp_gain":0.0,"max_hp_loss":0.0,"gold_gain":175.0,"event_name":"Liars Game","player_choice":"AGREE","floor":3.0,"gold_loss":0.0,"damage_taken":0.0,"cards_obtained":["Doubt"]},{"damage_healed":0.0,"max_hp_gain":0.0,"max_hp_loss":0.0,"gold_gain":0.0,"event_name":"Match and Keep!","player_choice":"1 cards matched","floor":5.0,"gold_loss":0.0,"damage_taken":0.0,"cards_obtained":["Malaise"]},{"damage_healed":0,"gold_gain":0,"player_choice":"Fought Mushrooms","damage_taken":0,"max_hp_gain":0,"max_hp_loss":0,"event_name":"Mushrooms","floor":12,"gold_loss":0}],"is_beta":false,"boss_relics":[],"items_purged_floors":[],"is_endless":false,"potions_floor_spawned":[1,8,10,11,14],"killed_by":"Slime Boss","ascension_level":1}