{"gold_per_floor":[113,123,47,65,65,65,65,15,15,27,27,27,58,58,58,58],"floor_reached":16,"playtime":1169,"items_purged":[],"score":98,"play_id":"58404c75-7947-4f10-8196-d486bf899645","local_time":"20190910204308","is_ascension_mode":false,"campfire_choices":[{"data":"Blade Dance","floor":6,"key":"SMITH"},{"data":"Infinite Blades","floor":12,"key":"SMITH"},{"data":"Blade Dance","floor":15,"key":"SMITH"}],"neow_cost":"TEN_PERCENT_HP_LOSS","seed_source_timestamp":254821971559222,"circlet_count":0,"master_deck":["Strike_G","Strike_G","Strike_G","Strike_G","Defend_G","Defend_G","Defend_G","Defend_G","Survivor","Neutralize","Blade Dance+1","Heel Hook","Concentrate","Acrobatics","Infinite Blades+1","Blade Dance+1"],"relics":["Ring of the Snake","Mango","Strawberry","The Courier","Girya"],"potions_floor_usage":[],"damage_taken":[{"damage":2,"enemies":"Cultist","floor":1,"turns":4},{"damage":0,"enemies":"Small Slimes","floor":2,"turns":4},{"damage":0,"enemies":"2 Louse","floor":4,"turns":2},{"damage":2,"enemies":"Looter","floor":10,"turns":4},{"damage":40,"enemies":"3 Sentries","floor":13,"turns":12},{"damage":0,"enemies":"Slime Boss","floor":16,"turns":1}],"seed_played":"7740766596620052863","potions_obtained":[{"floor":4,"key":"Weak Potion"},{"floor":10,"key":"Block Potion"}],"is_trial":false,"path_per_floor":["M","M","$","M","$","R","?","?","T","M","$","R","E","T","R","B"],"character_chosen":"THE_SILENT","items_purchased":["Concentrate"],"campfire_rested":0,"item_purchase_floors":[3],"current_hp_per_floor":[75,75,75,75,75,75,68,68,75,73,73,73,33,33,33,33],"gold":58,"neow_bonus":"ONE_RARE_RELIC","is_prod":false,"is_daily":false,"chose_seed":false,"campfire_upgraded":3,"win_rate":0,"timestamp":1568166188,"path_taken":["M","?","$","M","?","R","?","?","T","M","$","R","E","?","R","BOSS"],"build_version":"2019-07-17","purchased_purges":0,"victory":false,"max_hp_per_floor":[77,77,77,77,77,77,77,77,84,84,84,84,84,84,84,84],"card_choices":[{"not_picked":["Slice","Cloak And Dagger"],"picked":"Blade Dance","floor":1},{"not_picked":["Deadly Poison","Prepared"],"picked":"Heel Hook","floor":2},{"not_picked":["Flechettes","Calculated Gamble"],"picked":"Acrobatics","floor":4},{"not_picked":["PiercingWail","A Thousand Cuts"],"picked":"Infinite Blades","floor":10},{"not_picked":["Eviscerate","Cloak And Dagger"],"picked":"Blade Dance","floor":13}],"player_experience":1178421,"relics_obtained":[{"floor":9,"key":"Strawberry"},{"floor":13,"key":"The Courier"},{"floor":14,"key":"Girya"}],"event_choices":[{"cards_removed":["Defend_G"],"damage_healed":0,"gold_gain":0,"player_choice":"Card Removal","damage_taken":7,"max_hp_gain":0,"max_hp_loss":0,"event_name":"Golden Wing","floor":7,"gold_loss":0},{"cards_removed":["Strike_G"],"damage_healed":0,"gold_gain":0,"player_choice":"Card Removal","damage_taken":0,"max_hp_gain":0,"max_hp_loss":0,"event_name":"The Cleric","floor":8,"gold_loss":50}],"is_beta":false,"boss_relics":[],"items_purged_floors":[],"is_endless":false,"potions_floor_spawned":[4,10],"killed_by":"Slime Boss","ascension_level":0}