{"path_per_floor":["M","M","M","M","?","R","?","E","T","?","M","T","$","M","R","B",null,"M","M","M","M","M","?","M","$","T","R","M","M","R","M","R","B",null,"M","M","?","$","M","E","R","?","T","T","M","?","R","M","R"],"character_chosen":"IRONCLAD","items_purchased":["Armaments","Perfected Strike","Bag of Marbles","Burning Pact","Juzu Bracelet"],"gold_per_floor":[117,127,147,166,241,241,241,274,274,274,287,311,11,23,23,125,125,144,164,183,194,206,206,223,2,2,2,14,32,32,52,52,152,152,166,178,178,78,92,122,122,122,122,122,141,141,141,155,155],"floor_reached":50,"campfire_rested":4,"playtime":3946,"current_hp_per_floor":[80,80,80,74,63,63,56,34,34,60,59,59,59,58,58,27,80,80,80,80,80,75,60,55,55,55,55,52,57,57,61,85,15,85,73,79,68,68,61,25,50,50,50,50,30,30,54,39,63],"items_purged":["Defend_R","Defend_R"],"gold":155,"score":455,"play_id":"3ec3563b-2d56-42ee-9767-61e90815d256","is_prod":false,"is_daily":false,"is_ascension_mode":false,"campfire_upgraded":1,"path_taken":["M","M","?","M","?","R","?","E","T","?","M","?","$","M","R","BOSS","M","M","M","M","M","?","M","$","T","R","M","M","R","M","R","BOSS","M","M","?","$","M","E","R","?","T","?","M","?","R","M","R","BOSS"],"build_version":"2018-02-15-PROD1","purchased_purges":2,"victory":false,"master_deck":["Strike_R","Strike_R","Strike_R","Strike_R","Strike_R","Defend_R","Defend_R","Bash","Shockwave","Sword Boomerang","Armaments+1","Armaments","Iron Wave","Armaments","Perfected Strike","Anger","Fiend Fire","Pummel","Seeing Red","Twin Strike+1","Pummel+1","Warcry+1","Burning Pact","Fire Breathing+1","Double Tap","Warcry","Double Tap","Warcry+1","Fire Breathing","Madness","Madness","Dropkick","Flex+1","Clash+1","Dropkick+1"],"max_hp_per_floor":[80,80,80,80,80,80,80,80,80,80,80,80,80,80,80,80,80,80,80,80,80,80,85,85,85,85,85,85,85,85,85,85,85,85,85,85,85,85,85,85,85,85,85,85,85,82,82,82,82],"relics":["Burning Blood","Girya","Pen Nib","Bag of Preparation","Bag of Marbles","Cursed Key","Juzu Bracelet","Charon\u0027s Ashes","Philosopher\u0027s Stone","Molten Egg 2","Self Forming Clay","Torii"],"card_choices":[{"not_picked":["Power Through","Dual Wield"],"picked":"Shockwave"},{"not_picked":["Pommel Strike","Blood for Blood"],"picked":"Sword Boomerang"},{"not_picked":["Iron Wave","Flex"],"picked":"Armaments"},{"not_picked":["Sword Boomerang","Clothesline"],"picked":"Armaments"},{"not_picked":["Anger","Clash"],"picked":"Iron Wave"},{"not_picked":["Headbutt","Warcry"],"picked":"Anger"},{"not_picked":["Offering","Bludgeon"],"picked":"Fiend Fire"},{"not_picked":["Burning Pact","Perfected Strike"],"picked":"Pummel"},{"not_picked":["Reckless Charge","Twin Strike"],"picked":"Seeing Red"},{"not_picked":["Iron Wave","Rampage"],"picked":"Twin Strike"},{"not_picked":["Headbutt","True Grit"],"picked":"Pummel"},{"not_picked":["Pommel Strike","Headbutt"],"picked":"Warcry"},{"not_picked":["Metallicize","Anger"],"picked":"Fire Breathing"},{"not_picked":["Body Slam","Pommel Strike"],"picked":"Double Tap"},{"not_picked":["Clash","Sword Boomerang"],"picked":"Warcry"},{"not_picked":["Fiend Fire","Juggernaut"],"picked":"Double Tap"},{"not_picked":["Searing Blow","Sword Boomerang"],"picked":"Warcry"},{"not_picked":["Clothesline","Hemokinesis"],"picked":"Fire Breathing"},{"not_picked":["Blood for Blood","True Grit"],"picked":"Dropkick"},{"not_picked":["Pommel Strike","Body Slam"],"picked":"Flex"},{"not_picked":["Armaments","Thunderclap"],"picked":"Clash"},{"not_picked":["Perfected Strike","Second Wind"],"picked":"Dropkick"}],"player_experience":4328,"potions_floor_usage":[8,33,33,40,48,50,50,50],"damage_taken":[{"damage":1,"enemies":"Cultist","floor":1,"turns":4},{"damage":0,"enemies":"2 Louse","floor":2,"turns":3},{"damage":3,"enemies":"Jaw Worm","floor":3,"turns":4},{"damage":12,"enemies":"3 Louse","floor":4,"turns":6},{"damage":28,"enemies":"3 Sentries","floor":8,"turns":11},{"damage":7,"enemies":"Blue Slaver","floor":11,"turns":4},{"damage":7,"enemies":"Exordium Thugs","floor":14,"turns":5},{"damage":37,"enemies":"Slime Boss","floor":16,"turns":9},{"damage":0,"enemies":"Spheric Guardian","floor":18,"turns":2},{"damage":0,"enemies":"3 Byrds","floor":19,"turns":4},{"damage":6,"enemies":"Snecko","floor":20,"turns":3},{"damage":0,"enemies":"Chosen and Byrds","floor":21,"turns":3},{"damage":11,"enemies":"Cultist and Chosen","floor":22,"turns":3},{"damage":11,"enemies":"3 Cultists","floor":24,"turns":4},{"damage":9,"enemies":"Centurion and Healer","floor":28,"turns":4},{"damage":1,"enemies":"Snecko","floor":29,"turns":3},{"damage":2,"enemies":"Slaver and Parasite","floor":31,"turns":4},{"damage":76,"enemies":"Champ","floor":33,"turns":6},{"damage":18,"enemies":"3 Shapes","floor":35,"turns":3},{"damage":0,"enemies":"3 Darklings","floor":36,"turns":1},{"damage":13,"enemies":"4 Shapes","floor":39,"turns":3},{"damage":42,"enemies":"Nemesis","floor":40,"turns":3},{"damage":26,"enemies":"Maw","floor":45,"turns":6},{"damage":21,"enemies":"Sphere and 2 Shapes","floor":48,"turns":4},{"damage":88,"enemies":"Awakened One","floor":50,"turns":6}],"event_choices":[{"event_name":"World of Goop","player_choice":"Gather Gold","floor":5,"damage_taken":0},{"event_name":"Scrap Ooze","player_choice":"unsuccessful","floor":7,"damage_taken":7},{"event_name":"Big Fish","player_choice":"Banana","floor":10,"damage_taken":0},{"event_name":"Forgotten Altar","player_choice":"Shed Blood","floor":23,"damage_taken":0},{"event_name":"Winding Halls","player_choice":"Embrace Madness","floor":37,"damage_taken":0},{"event_name":"Mysterious Sphere","player_choice":"Ignore","floor":42,"damage_taken":0},{"event_name":"Fountain of Cleansing","player_choice":"Removed Curse","floor":46,"damage_taken":0}],"boss_relics":[{"not_picked":["Astrolabe","Black Star"],"picked":"Cursed Key"},{"not_picked":["Question Card","Runic Pyramid"],"picked":"Philosopher\u0027s Stone"}],"potions_floor_spawned":[1,2,3,14,16,18,20,28,31,33,35,40,48],"seed_played":"84081108255282946","killed_by":"Awakened One","ascension_level":0,"is_trial":false}