{"gold_per_floor":[115,115,134,134,209,244,261,261,561,596,596,596,609,641,641,737,737,755,680,605,704,704,704,720,720,746,746,759,759,759,777,777,881,881,897,997,997,1017,734,734,754,769,769,561,561,561,579,589,589,589],"floor_reached":50,"playtime":4772,"items_purged":["Strike_B","Normality","Strike_B"],"score":533,"play_id":"0cefbc8d-e9ab-4c7b-b4ee-5962a847cee4","local_time":"20190917190045","is_ascension_mode":false,"campfire_choices":[{"data":"Reboot","floor":8,"key":"SMITH"},{"data":"Zap","floor":11,"key":"SMITH"},{"data":"Skim","floor":15,"key":"SMITH"},{"data":"Defragment","floor":23,"key":"SMITH"},{"data":"Coolheaded","floor":27,"key":"SMITH"},{"data":"Electrodynamics","floor":29,"key":"SMITH"},{"data":"Reboot","floor":32,"key":"SMITH"},{"data":"Echo Form","floor":40,"key":"SMITH"},{"data":"Loop","floor":45,"key":"SMITH"},{"data":"Beam Cell","floor":49,"key":"SMITH"}],"neow_cost":"NONE","seed_source_timestamp":505661938532400,"circlet_count":0,"master_deck":["Strike_B","Defend_B+1","Defend_B","Defend_B","Zap+1","Dualcast+1","Gash+1","Steam+1","Reboot+1","Compile Driver","Glacier+1","Skim+1","Rainbow","Electrodynamics+1","Gash","Coolheaded+1","FTL","Gash","Defragment+1","Reboot+1","Loop+1","Sweeping Beam+1","Echo Form+1","Beam Cell+1","Compile Driver+1","Thinking Ahead","Finesse"],"relics":["Cracked Core","NeowsBlessing","Ginger","Old Coin","Bag of Preparation","Lantern","Orrery","War Paint","Enchiridion","Sozu","Torii","Darkstone Periapt"],"potions_floor_usage":[10,16,33,50],"damage_taken":[{"damage":0,"enemies":"2 Louse","floor":1,"turns":1},{"damage":0,"enemies":"Jaw Worm","floor":3,"turns":1},{"damage":0,"enemies":"3 Sentries","floor":6,"turns":1},{"damage":0,"enemies":"Small Slimes","floor":7,"turns":2},{"damage":16,"enemies":"Lagavulin","floor":10,"turns":8},{"damage":0,"enemies":"Red Slaver","floor":13,"turns":3},{"damage":10,"enemies":"3 Sentries","floor":14,"turns":8},{"damage":19,"enemies":"Hexaghost","floor":16,"turns":10},{"damage":3,"enemies":"Shell Parasite","floor":18,"turns":6},{"damage":0,"enemies":"3 Byrds","floor":24,"turns":2},{"damage":14,"enemies":"3 Cultists","floor":28,"turns":5},{"damage":0,"enemies":"Sentry and Sphere","floor":31,"turns":5},{"damage":34,"enemies":"Automaton","floor":33,"turns":10},{"damage":8,"enemies":"Orb Walker","floor":35,"turns":3},{"damage":23,"enemies":"Mind Bloom Boss Battle","floor":36,"turns":7},{"damage":1,"enemies":"3 Darklings","floor":38,"turns":5},{"damage":0,"enemies":"4 Shapes","floor":41,"turns":1},{"damage":1,"enemies":"Maw","floor":42,"turns":5},{"damage":0,"enemies":"3 Darklings","floor":47,"turns":2},{"damage":0,"enemies":"Spire Growth","floor":48,"turns":3},{"damage":42,"enemies":"Time Eater","floor":50,"turns":5}],"seed_played":"4856637142228208936","potions_obtained":[{"floor":1,"key":"Explosive Potion"},{"floor":3,"key":"Weak Potion"},{"floor":13,"key":"Swift Potion"},{"floor":24,"key":"GamblersBrew"},{"floor":31,"key":"Energy Potion"}],"is_trial":false,"path_per_floor":["M","?","M","?","?","E","M","R","T","E","R","?","M","E","R","B",null,"M","?","$","?","?","R","M","?","T","R","M","R","?","M","R","B",null,"M","?","?","M","$","R","M","M","T","$","R","?","M","M","R","B"],"character_chosen":"DEFECT","items_purchased":["Thinking Ahead","Finesse"],"campfire_rested":0,"item_purchase_floors":[39,44],"current_hp_per_floor":[75,60,60,60,49,49,49,49,49,33,33,33,33,23,23,4,75,72,72,72,72,72,72,72,72,72,72,58,58,42,42,42,8,75,67,44,44,43,43,43,43,42,42,42,42,42,42,42,42,0],"gold":589,"neow_bonus":"THREE_ENEMY_KILL","is_prod":false,"is_daily":false,"chose_seed":false,"campfire_upgraded":10,"win_rate":0.0,"timestamp":1568757645,"path_taken":["M","?","M","?","?","E","M","R","T","E","R","?","?","E","R","BOSS","M","?","$","?","?","R","M","?","T","R","?","R","?","M","R","BOSS","M","?","?","M","$","R","M","M","T","$","R","?","?","M","R","BOSS"],"build_version":"2019-07-17","purchased_purges":3,"victory":false,"max_hp_per_floor":[75,75,75,75,75,75,75,75,75,75,75,75,75,75,75,75,75,75,75,75,75,75,75,75,75,75,75,75,75,75,75,75,75,75,75,75,75,75,75,75,75,75,75,75,75,75,75,75,75,75],"card_choices":[{"not_picked":["Rip and Tear","Leap"],"picked":"Gash","floor":1},{"not_picked":["Storm","Hello World"],"picked":"Steam","floor":3},{"not_picked":["Cold Snap","Leap"],"picked":"Reboot","floor":6},{"not_picked":["Hologram","Beam Cell"],"picked":"Compile Driver","floor":7},{"not_picked":["Rebound","Leap"],"picked":"Glacier","floor":10},{"not_picked":["Steam Power","Go for the Eyes"],"picked":"Skim","floor":13},{"not_picked":["Gash","Redo"],"picked":"Rainbow","floor":14},{"not_picked":["Fission","Echo Form"],"picked":"Electrodynamics","floor":16},{"not_picked":["Rebound","Leap"],"picked":"Gash","floor":17},{"not_picked":["Auto Shields","Loop"],"picked":"Coolheaded","floor":17},{"not_picked":["Hello World","Leap"],"picked":"FTL","floor":17},{"not_picked":["Cold Snap","Fusion"],"picked":"Gash","floor":17},{"not_picked":["Reprogram","Coolheaded"],"picked":"Defragment","floor":17},{"not_picked":["Genetic Algorithm","Undo","Auto Shields"],"picked":"SKIP","floor":18},{"not_picked":["Steam","Fusion"],"picked":"Loop","floor":24},{"not_picked":["Cold Snap","Hologram","White Noise"],"picked":"SKIP","floor":28},{"not_picked":["Conserve Battery+1","Redo"],"picked":"Sweeping Beam+1","floor":31},{"not_picked":["Thunder Strike","Multi-Cast"],"picked":"Echo Form","floor":33},{"not_picked":["Leap","Tempest"],"picked":"Beam Cell","floor":35},{"not_picked":["Hologram+1","Barrage"],"picked":"Compile Driver+1","floor":36},{"not_picked":["Doom and Gloom","BootSequence+1","Redo+1"],"picked":"SKIP","floor":38},{"not_picked":["Compile Driver","Auto Shields+1","Force Field+1"],"picked":"SKIP","floor":41},{"not_picked":["Ball Lightning","Sweeping Beam","Creative AI"],"picked":"SKIP","floor":42},{"not_picked":["Barrage","Reprogram+1","Doom and Gloom"],"picked":"SKIP","floor":47},{"not_picked":["Gash","Hologram+1","FTL"],"picked":"SKIP","floor":48}],"player_experience":36363,"relics_obtained":[{"floor":6,"key":"Ginger"},{"floor":9,"key":"Old Coin"},{"floor":10,"key":"Bag of Preparation"},{"floor":14,"key":"Lantern"},{"floor":26,"key":"War Paint"},{"floor":30,"key":"Enchiridion"},{"floor":36,"key":"Torii"},{"floor":43,"key":"Darkstone Periapt"}],"event_choices":[{"damage_healed":0,"gold_gain":0,"player_choice":"Entered Light","damage_taken":15,"max_hp_gain":0,"max_hp_loss":0,"event_name":"Shining Light","floor":2,"gold_loss":0,"cards_upgraded":["Dualcast","Gash"]},{"damage_healed":0,"gold_gain":0,"player_choice":"Ignored","damage_taken":0,"max_hp_gain":0,"max_hp_loss":0,"event_name":"Liars Game","floor":4,"gold_loss":0},{"damage_healed":0,"gold_gain":75,"player_choice":"Gather Gold","damage_taken":11,"max_hp_gain":0,"max_hp_loss":0,"event_name":"World of Goop","floor":5,"gold_loss":0},{"damage_healed":0,"gold_gain":0,"player_choice":"Forge","damage_taken":0,"max_hp_gain":0,"max_hp_loss":0,"event_name":"Accursed Blacksmith","floor":12,"gold_loss":0,"cards_upgraded":["Glacier"]},{"cards_removed":["Strike_B"],"damage_healed":0,"gold_gain":0,"player_choice":"Gave Gold","damage_taken":0,"max_hp_gain":0,"max_hp_loss":0,"event_name":"Beggar","floor":19,"gold_loss":75},{"damage_healed":0,"gold_gain":99,"player_choice":"Stole From Cult","damage_taken":0,"max_hp_gain":0,"max_hp_loss":0,"event_name":"Nest","floor":21,"gold_loss":0},{"damage_healed":0,"gold_gain":0,"player_choice":"Read","damage_taken":0,"max_hp_gain":0,"max_hp_loss":0,"event_name":"The Library","floor":22,"gold_loss":0,"cards_obtained":["Reboot"]},{"damage_healed":0,"gold_gain":0,"player_choice":"1 cards matched","damage_taken":0,"max_hp_gain":0,"max_hp_loss":0,"event_name":"Match and Keep!","floor":25,"gold_loss":0,"cards_obtained":["Normality"]},{"damage_healed":0,"gold_gain":0,"player_choice":"Obtained Book","damage_taken":16,"max_hp_gain":0,"max_hp_loss":0,"event_name":"Cursed Tome","floor":30,"gold_loss":0},{"damage_healed":0,"gold_gain":0,"player_choice":"Fight","damage_taken":0,"max_hp_gain":0,"max_hp_loss":0,"event_name":"MindBloom","floor":36,"gold_loss":0},{"cards_removed":["Defend_B"],"damage_healed":0,"gold_gain":0,"player_choice":"Removed Skill","damage_taken":0,"max_hp_gain":0,"max_hp_loss":0,"event_name":"Falling","floor":37,"gold_loss":0},{"damage_healed":0,"gold_gain":0,"player_choice":"Got Potions","damage_taken":0,"max_hp_gain":0,"max_hp_loss":0,"event_name":"Lab","floor":46,"gold_loss":0}],"is_beta":false,"boss_relics":[{"not_picked":["FrozenCore","Fusion Hammer"],"picked":"Orrery"},{"not_picked":["Philosopher\u0027s Stone","Black Star"],"picked":"Sozu"}],"items_purged_floors":[20,39,44],"is_endless":false,"potions_floor_spawned":[1,3,13,24,31,42,47,48],"killed_by":"Time Eater","ascension_level":0}