{"gold_per_floor":[114,39,54,229,229,229,259,274,274,289,289],"floor_reached":11,"playtime":426,"items_purged":["Grand Finale"],"score":73,"play_id":"06945ff0-c18e-4de1-a0e0-9e01d9e10164","local_time":"20190423095132","daily_mods":["Shiny","Time Dilation","Binary"],"is_ascension_mode":false,"campfire_choices":[{"data":"After Image","floor":6,"key":"SMITH"}],"neow_cost":"","seed_source_timestamp":0,"circlet_count":0,"master_deck":["Venomology","Corpse Explosion","Malaise","Phantasmal Killer","Die Die Die","Adrenaline","Envenom","Doppelganger","Burst","Wraith Form v2","Tools of the Trade","Night Terror","Unload","After Image+1","Bullet Time","Storm of Steel","Glass Knife","A Thousand Cuts","Dodge and Roll","Doubt","Regret","PiercingWail"],"special_seed":18009,"relics":["Ring of the Snake","Lantern","Dead Branch","Toxic Egg 2"],"potions_floor_usage":[3,7,10,10],"damage_taken":[{"damage":4,"enemies":"Cultist","floor":1,"turns":3},{"damage":1,"enemies":"Small Slimes","floor":3,"turns":2},{"damage":33,"enemies":"Gremlin Nob","floor":7,"turns":4},{"damage":0,"enemies":"2 Louse","floor":8,"turns":1},{"damage":19,"enemies":"Exordium Thugs","floor":10,"turns":6},{"damage":29,"enemies":"Lagavulin","floor":11,"turns":3}],"seed_played":"-6905164264985758512","potions_obtained":[{"floor":1,"key":"Regen Potion"},{"floor":3,"key":"SkillPotion"}],"is_trial":false,"path_per_floor":["M","$","M","?","?","R","E","M","T","M","E"],"character_chosen":"THE_SILENT","items_purchased":[],"campfire_rested":0,"item_purchase_floors":[],"current_hp_per_floor":[66,66,65,65,65,65,32,32,32,27,0],"gold":289,"neow_bonus":"","is_prod":false,"is_daily":true,"chose_seed":false,"campfire_upgraded":1,"win_rate":0.0,"timestamp":1556031092,"path_taken":["M","$","?","?","?","R","E","M","T","M","E"],"build_version":"2019-01-23","purchased_purges":1,"victory":false,"max_hp_per_floor":[70,70,70,70,70,70,70,70,70,70,70],"card_choices":[{"not_picked":["Flying Knee"],"picked":"Dodge and Roll","floor":1},{"not_picked":["Finisher","Acrobatics"],"picked":"SKIP","floor":3},{"not_picked":["Flying Knee","Outmaneuver"],"picked":"SKIP","floor":7},{"not_picked":["Well Laid Plans"],"picked":"PiercingWail","floor":8},{"not_picked":["Prepared+1","Slice"],"picked":"SKIP","floor":10}],"player_experience":77586,"relics_obtained":[{"floor":7,"key":"Dead Branch"},{"floor":9,"key":"Toxic Egg 2"}],"event_choices":[{"damage_healed":0,"gold_gain":175,"player_choice":"AGREE","damage_taken":0,"max_hp_gain":0,"max_hp_loss":0,"event_name":"Liars Game","floor":4,"gold_loss":0,"cards_obtained":["Doubt"]},{"damage_healed":0,"gold_gain":0,"player_choice":"Box","damage_taken":0,"relics_obtained":["Lantern"],"max_hp_gain":0,"max_hp_loss":0,"event_name":"Big Fish","floor":5,"gold_loss":0,"cards_obtained":["Regret"]}],"is_beta":false,"boss_relics":[],"items_purged_floors":[2],"is_endless":false,"potions_floor_spawned":[1,3,8],"killed_by":"Lagavulin","ascension_level":0}