{"gold_per_floor":[109,109,124,15,35,2,2,15,15,15,26,42,42,58,58,160,160,170,93,93,103,3,3,37,37,37,56,67,80,80,80],"floor_reached":31,"playtime":1795,"items_purged":["Strike_G","Strike_G"],"score":256,"play_id":"913db1f6-6a30-4da9-b7db-0c6290442920","local_time":"20190912224821","is_ascension_mode":false,"campfire_choices":[{"data":"Bouncing Flask","floor":7.0,"key":"SMITH"},{"data":"Bouncing Flask","floor":10.0,"key":"SMITH"},{"data":"Footwork","floor":13.0,"key":"SMITH"},{"data":"Footwork","floor":15.0,"key":"SMITH"},{"data":"Noxious Fumes","floor":23.0,"key":"SMITH"},{"data":"Catalyst","floor":25,"key":"SMITH"}],"neow_cost":"PERCENT_DAMAGE","seed_source_timestamp":343159245104833,"circlet_count":0,"master_deck":["Strike_G","Strike_G","Defend_G","Defend_G","Defend_G","Defend_G","Survivor","Neutralize","Poisoned Stab","Slice","Bouncing Flask+1","Poisoned Stab","Bouncing Flask+1","Footwork+1","Footwork+1","Adrenaline","Acrobatics+1","Noxious Fumes+1","Well Laid Plans","Catalyst+1","Pain","Backflip","Prepared+1","Corpse Explosion"],"special_seed":0,"relics":["Ring of the Snake","Ornamental Fan","Cursed Key","Red Mask","Prayer Wheel"],"potions_floor_usage":[24,29,29],"damage_taken":[{"damage":0.0,"enemies":"Small Slimes","floor":1.0,"turns":3.0},{"damage":0.0,"enemies":"Cultist","floor":3.0,"turns":3.0},{"damage":0.0,"enemies":"Jaw Worm","floor":5.0,"turns":3.0},{"damage":8.0,"enemies":"Large Slime","floor":8.0,"turns":4.0},{"damage":0.0,"enemies":"Looter","floor":11.0,"turns":2.0},{"damage":0.0,"enemies":"3 Louse","floor":12.0,"turns":3.0},{"damage":0.0,"enemies":"Gremlin Gang","floor":14.0,"turns":5.0},{"damage":20.0,"enemies":"Slime Boss","floor":16.0,"turns":13.0},{"damage":0.0,"enemies":"3 Byrds","floor":18.0,"turns":5.0},{"damage":0.0,"enemies":"2 Thieves","floor":20.0,"turns":1.0},{"damage":3.0,"enemies":"Sentry and Sphere","floor":21.0,"turns":5.0},{"damage":26,"enemies":"Masked Bandits","floor":24,"turns":5},{"damage":24,"enemies":"Snake Plant","floor":27,"turns":4},{"damage":7,"enemies":"Chosen and Byrds","floor":28,"turns":4},{"damage":5,"enemies":"3 Cultists","floor":29,"turns":5},{"damage":21,"enemies":"Slavers","floor":31,"turns":3}],"seed_played":"7360028484214053672","potions_obtained":[{"floor":2.0,"key":"AttackPotion"},{"floor":2.0,"key":"Weak Potion"},{"floor":2.0,"key":"Weak Potion"},{"floor":3.0,"key":"Fruit Juice"},{"floor":5.0,"key":"Dexterity Potion"},{"floor":11.0,"key":"Fire Potion"},{"floor":18.0,"key":"SmokeBomb"},{"floor":24,"key":"Fruit Juice"},{"floor":27,"key":"Fire Potion"},{"floor":28,"key":"AttackPotion"}],"is_trial":false,"path_per_floor":["M","?","M","$","M","$","R","M","T","R","M","M","R","M","R","B",null,"M","$","M","M","$","R","?","R","T","M","M","M","?","E"],"character_chosen":"THE_SILENT","items_purchased":["Bouncing Flask","Bouncing Flask","Noxious Fumes"],"campfire_rested":0,"item_purchase_floors":[4,6,19],"current_hp_per_floor":[49,49,54,54,54,54,54,46,46,46,46,46,46,46,46,26,75,75,75,75,72,72,72,51,51,51,27,20,15,15,0],"gold":80,"neow_bonus":"REMOVE_TWO","is_prod":false,"is_daily":false,"chose_seed":false,"campfire_upgraded":6,"win_rate":0,"timestamp":1568346501,"path_taken":["M","?","?","$","M","$","R","?","T","R","M","M","R","M","R","BOSS","M","$","?","?","$","R","?","R","T","M","M","M","?","E"],"build_version":"2019-07-17","purchased_purges":2,"victory":false,"max_hp_per_floor":[70,70,75,75,75,75,75,75,75,75,75,75,75,75,75,75,75,75,75,75,75,75,75,80,80,80,80,80,80,80,80],"card_choices":[{"not_picked":["Bane","Accuracy"],"picked":"Poisoned Stab","floor":1.0},{"not_picked":["Masterful Stab","Bane"],"picked":"Slice","floor":3.0},{"not_picked":["Choke","Flying Knee"],"picked":"Poisoned Stab","floor":5.0},{"not_picked":["Quick Slash","Blade Dance","Outmaneuver"],"picked":"SKIP","floor":8.0},{"not_picked":["Outmaneuver","Sucker Punch"],"picked":"Footwork","floor":11.0},{"not_picked":["PiercingWail","Outmaneuver"],"picked":"Footwork","floor":12.0},{"not_picked":["Concentrate","Dagger Throw","Masterful Stab"],"picked":"SKIP","floor":14.0},{"not_picked":["Phantasmal Killer","Grand Finale"],"picked":"Adrenaline","floor":16.0},{"not_picked":["Calculated Gamble","Escape Plan"],"picked":"Acrobatics+1","floor":18.0},{"not_picked":["Masterful Stab","Acrobatics"],"picked":"Well Laid Plans","floor":21.0},{"not_picked":["Crippling Poison","PiercingWail"],"picked":"Catalyst","floor":24},{"not_picked":["Underhanded Strike","Distraction"],"picked":"Backflip","floor":27},{"not_picked":["Backstab","Bane"],"picked":"Prepared+1","floor":27},{"not_picked":["Eviscerate","Cloak And Dagger","Prepared"],"picked":"SKIP","floor":28},{"not_picked":["Cloak And Dagger","Dagger Throw","Dodge and Roll"],"picked":"SKIP","floor":28},{"not_picked":["Prepared+1","Blade Dance+1"],"picked":"Corpse Explosion","floor":29},{"not_picked":["Quick Slash+1","Backstab","Prepared"],"picked":"SKIP","floor":29}],"player_experience":1233454,"relics_obtained":[{"floor":9.0,"key":"Ornamental Fan"},{"floor":24,"key":"Red Mask"},{"floor":26,"key":"Prayer Wheel"}],"event_choices":[{"damage_healed":0.0,"max_hp_gain":0.0,"max_hp_loss":0.0,"gold_gain":0.0,"event_name":"Lab","player_choice":"Got Potions","floor":2.0,"gold_loss":0.0,"damage_taken":0.0},{"damage_healed":0,"gold_gain":0,"player_choice":"Fought Bandits","damage_taken":0,"max_hp_gain":0,"max_hp_loss":0,"event_name":"Masked Bandits","floor":24,"gold_loss":0},{"damage_healed":0,"gold_gain":0,"player_choice":"Ignored","damage_taken":0,"max_hp_gain":0,"max_hp_loss":0,"event_name":"Ghosts","floor":30,"gold_loss":0}],"is_beta":false,"boss_relics":[{"not_picked":["Busted Crown","Eternal Feather"],"picked":"Cursed Key"}],"items_purged_floors":[4,22],"is_endless":false,"potions_floor_spawned":[3,5,11,12,18,24,27,28],"killed_by":"Slavers","ascension_level":0}