{"gold_per_floor":[119,119,131,406,25,55,71,82,82,111,111,143,143,169,169,264,264,279,279,279,279,297,327,359,359,383,72,88,117,117,151,151,249,249,263,21,38,50,8,40,68,68,92,92,126,126,139,15,15,15,15,15,15,46,46],"floor_reached":55,"playtime":5010,"items_purged":["Regret","Streamline+1"],"score":1365,"play_id":"de649e4e-84bb-4cb0-bcf4-f8c4cff3b888","local_time":"20190919200022","is_ascension_mode":true,"campfire_choices":[{"data":"Fission","floor":11.0,"key":"SMITH"},{"data":"Zap","floor":13.0,"key":"SMITH"},{"data":"Machine Learning","floor":15.0,"key":"SMITH"},{"floor":25.0,"key":"REST"},{"floor":30.0,"key":"RECALL"},{"floor":32.0,"key":"REST"},{"floor":42.0,"key":"REST"},{"floor":44.0,"key":"REST"},{"floor":49.0,"key":"REST"},{"floor":52.0,"key":"REST"}],"neow_cost":"NONE","seed_source_timestamp":0,"circlet_count":0,"master_deck":["Defend_B","Defend_B","Defend_B","Defend_B","Zap+1","Dualcast","Beam Cell","Glacier","All For One","Gash","Fission+1","Gash+1","Cold Snap","Cold Snap","Machine Learning+1","Rainbow","Beam Cell","Chaos","Self Repair","Glacier+1","Loop","Defragment","Leap+1","Echo Form","All For One","Cold Snap+1","Hologram","Coolheaded","Coolheaded"],"special_seed":0,"relics":["Cracked Core","NeowsBlessing","Bronze Scales","Lantern","The Courier","WingedGreaves","Art of War","Cables","Fusion Hammer","Ancient Tea Set","Whetstone","Oddly Smooth Stone","Mercury Hourglass","Pen Nib","Anchor","Sozu","TheAbacus","Bag of Marbles","Orichalcum","Bag of Preparation","DataDisk","Pear"],"potions_floor_usage":[55,55],"damage_taken":[{"damage":0.0,"enemies":"Jaw Worm","floor":1.0,"turns":1.0},{"damage":0.0,"enemies":"Cultist","floor":3.0,"turns":1.0},{"damage":0.0,"enemies":"Gremlin Nob","floor":6.0,"turns":1.0},{"damage":2.0,"enemies":"2 Louse","floor":7.0,"turns":2.0},{"damage":7.0,"enemies":"Looter","floor":8.0,"turns":3.0},{"damage":12.0,"enemies":"3 Sentries","floor":10.0,"turns":7.0},{"damage":0.0,"enemies":"Gremlin Nob","floor":12.0,"turns":2.0},{"damage":4.0,"enemies":"3 Sentries","floor":14.0,"turns":7.0},{"damage":10.0,"enemies":"The Guardian","floor":16.0,"turns":9.0},{"damage":18.0,"enemies":"2 Thieves","floor":18.0,"turns":4.0},{"damage":0.0,"enemies":"Spheric Guardian","floor":22.0,"turns":2.0},{"damage":7.0,"enemies":"Book of Stabbing","floor":23.0,"turns":5.0},{"damage":3.0,"enemies":"Gremlin Leader","floor":24.0,"turns":5.0},{"damage":0.0,"enemies":"Snake Plant","floor":28.0,"turns":3.0},{"damage":10.0,"enemies":"Book of Stabbing","floor":29.0,"turns":5.0},{"damage":0.0,"enemies":"Slavers","floor":31.0,"turns":5.0},{"damage":12.0,"enemies":"Collector","floor":33.0,"turns":8.0},{"damage":0.0,"enemies":"Orb Walker","floor":35.0,"turns":3.0},{"damage":0.0,"enemies":"3 Shapes","floor":37.0,"turns":6.0},{"damage":21.0,"enemies":"Jaw Worm Horde","floor":38.0,"turns":8.0},{"damage":30.0,"enemies":"Nemesis","floor":40.0,"turns":8.0},{"damage":0.0,"enemies":"Giant Head","floor":41.0,"turns":7.0},{"damage":4.0,"enemies":"Nemesis","floor":45.0,"turns":7.0},{"damage":3.0,"enemies":"3 Darklings","floor":47.0,"turns":4.0},{"damage":0.0,"enemies":"Time Eater","floor":50.0,"turns":9.0},{"damage":26.0,"enemies":"Shield and Spear","floor":54.0,"turns":8.0},{"damage":77,"enemies":"The Heart","floor":55,"turns":8}],"seed_played":"9057082294531704562","potions_obtained":[{"floor":6.0,"key":"SpeedPotion"},{"floor":7.0,"key":"SkillPotion"},{"floor":10.0,"key":"SkillPotion"},{"floor":12.0,"key":"FearPotion"},{"floor":14.0,"key":"Poison Potion"},{"floor":22.0,"key":"EssenceOfSteel"},{"floor":23.0,"key":"Regen Potion"},{"floor":31.0,"key":"SpeedPotion"}],"is_trial":false,"path_per_floor":["M","?","M","?","$","E","M","M","T","E","R","E","R","E","R","B",null,"M","?","?","?","M","E","E","R","T","$","M","E","R","E","R","B",null,"M","$","M","M","$","E","E","R","T","R","E","?","M","$","R","B",null,"R","$","E","B"],"character_chosen":"DEFECT","items_purchased":["All For One","Gash","Bronze Scales","Mercury Hourglass","Loop","Defragment","TheAbacus","Coolheaded","DataDisk"],"campfire_rested":6,"item_purchase_floors":[5,5,5,27,27,27,36,39,48],"current_hp_per_floor":[68,68,68,68,68,68,66,59,59,47,47,47,47,43,43,33,65,47,47,47,47,47,47,51,73,73,73,75,72,72,75,75,75,75,75,75,75,68,68,52,59,75,75,75,75,75,75,75,75,75,75,75,75,59,0],"gold":46,"neow_bonus":"THREE_ENEMY_KILL","is_prod":false,"is_daily":false,"chose_seed":false,"campfire_upgraded":3,"win_rate":0,"timestamp":1568912422,"path_taken":["M","?","?","?","$","E","M","?","T","E","R","E","R","E","R","BOSS","M","?","?","?","M","E","E","R","T","?","?","E","R","E","R","BOSS","M","$","M","M","$","E","E","R","T","R","E","?","M","?","R","BOSS","R","$","E","BOSS"],"build_version":"2019-07-17","purchased_purges":2,"victory":false,"max_hp_per_floor":[75,75,75,75,75,75,75,75,75,75,75,75,75,75,75,75,75,75,75,75,75,75,75,75,75,75,75,75,75,75,75,75,75,75,75,75,75,75,75,75,75,75,75,75,75,75,75,75,75,75,75,75,75,85,85],"card_choices":[{"not_picked":["Hologram","Turbo"],"picked":"Streamline","floor":1.0},{"not_picked":["Sunder","Barrage"],"picked":"Glacier","floor":3.0},{"not_picked":["Sunder","Auto Shields"],"picked":"Fission","floor":6.0},{"not_picked":["Beam Cell","Steam Power"],"picked":"Gash","floor":7.0},{"not_picked":["Beam Cell","Rip and Tear"],"picked":"Cold Snap","floor":8.0},{"not_picked":["Steam Power","Fission"],"picked":"Cold Snap","floor":10.0},{"not_picked":["Steam","Turbo","Tempest"],"picked":"SKIP","floor":12.0},{"not_picked":["Steam","Turbo","Tempest"],"picked":"SKIP","floor":12.0},{"not_picked":["Steam","Turbo","Tempest"],"picked":"SKIP","floor":12.0},{"not_picked":["Conserve Battery","Blizzard"],"picked":"Machine Learning","floor":14.0},{"not_picked":["Buffer","Meteor Strike"],"picked":"Rainbow","floor":16.0},{"not_picked":["Blizzard","Rebound","Steam"],"picked":"SKIP","floor":18.0},{"not_picked":["Steam+1","Coolheaded"],"picked":"Self Repair","floor":22.0},{"not_picked":["Static Discharge","Blizzard"],"picked":"Glacier+1","floor":23.0},{"not_picked":["Cold Snap","Rip and Tear","Conserve Battery"],"picked":"SKIP","floor":24.0},{"not_picked":["Steam+1","Conserve Battery","Streamline"],"picked":"SKIP","floor":28.0},{"not_picked":["Rebound","Chaos"],"picked":"Leap+1","floor":29.0},{"not_picked":["Static Discharge","Capacitor"],"picked":"Echo Form","floor":31.0},{"not_picked":["Buffer","Hyperbeam"],"picked":"All For One","floor":33.0},{"not_picked":["Barrage","Doom and Gloom+1"],"picked":"Cold Snap+1","floor":35.0},{"not_picked":["Barrage+1","Cold Snap"],"picked":"Hologram","floor":37.0},{"not_picked":["Steam+1","Stack+1","Blizzard"],"picked":"SKIP","floor":38.0},{"not_picked":["Sunder","Self Repair","Beam Cell"],"picked":"SKIP","floor":40.0},{"not_picked":["Machine Learning","Chill+1"],"picked":"Coolheaded","floor":41.0},{"not_picked":["Tempest","Reprogram","Genetic Algorithm"],"picked":"SKIP","floor":45.0},{"not_picked":["Stack","Scrape+1","Cold Snap+1"],"picked":"SKIP","floor":47.0},{"not_picked":["Lockon","Barrage","Sunder+1"],"picked":"SKIP","floor":54.0}],"player_experience":308268,"relics_obtained":[{"floor":6.0,"key":"Lantern"},{"floor":9.0,"key":"The Courier"},{"floor":10.0,"key":"WingedGreaves"},{"floor":12.0,"key":"Art of War"},{"floor":14.0,"key":"Cables"},{"floor":23.0,"key":"Ancient Tea Set"},{"floor":24.0,"key":"Whetstone"},{"floor":26.0,"key":"Oddly Smooth Stone"},{"floor":29.0,"key":"Pen Nib"},{"floor":31.0,"key":"Anchor"},{"floor":40.0,"key":"Bag of Marbles"},{"floor":41.0,"key":"Orichalcum"},{"floor":45.0,"key":"Bag of Preparation"},{"floor":54.0,"key":"Pear"}],"event_choices":[{"damage_healed":0.0,"max_hp_gain":0.0,"max_hp_loss":0.0,"gold_gain":0.0,"cards_transformed":["Strike_B"],"event_name":"Transmorgrifier","player_choice":"Transformed","floor":2.0,"gold_loss":0.0,"damage_taken":0.0,"cards_obtained":["Beam Cell"]},{"damage_healed":0.0,"max_hp_gain":0.0,"max_hp_loss":0.0,"gold_gain":275.0,"event_name":"Golden Shrine","player_choice":"Desecrate","floor":4.0,"gold_loss":0.0,"damage_taken":0.0,"cards_obtained":["Regret"]},{"damage_healed":0.0,"max_hp_gain":0.0,"max_hp_loss":0.0,"gold_gain":0.0,"event_name":"Vampires","player_choice":"Ignored","floor":19.0,"gold_loss":0.0,"damage_taken":0.0},{"damage_healed":0.0,"max_hp_gain":0.0,"max_hp_loss":0.0,"gold_gain":0.0,"cards_transformed":["Strike_B","Strike_B"],"event_name":"Drug Dealer","player_choice":"Became Test Subject","floor":20.0,"gold_loss":0.0,"damage_taken":0.0,"cards_obtained":["Beam Cell","Chaos"]},{"cards_removed":["Strike_B"],"damage_healed":0.0,"max_hp_gain":0.0,"max_hp_loss":0.0,"gold_gain":0.0,"event_name":"Back to Basics","player_choice":"Elegance","floor":21.0,"gold_loss":0.0,"damage_taken":0.0},{"damage_healed":0.0,"max_hp_gain":0.0,"max_hp_loss":0.0,"gold_gain":0.0,"event_name":"Lab","player_choice":"Got Potions","floor":46.0,"gold_loss":0.0,"damage_taken":0.0}],"is_beta":false,"boss_relics":[{"not_picked":["Velvet Choker","Busted Crown"],"picked":"Fusion Hammer"},{"not_picked":["Snecko Eye","Runic Dome"],"picked":"Sozu"}],"items_purged_floors":[5,36],"is_endless":false,"potions_floor_spawned":[6,7,10,12,14,22,23,31,38,41,45,54],"killed_by":"The Heart","ascension_level":8}