{"gold_per_floor":[119,119,129,145,172,198,198,225,249,305,335,355,368,381,381,480,480,500,500,515,535,460,485,485,485,485,512,526,546,546,143,143,246,246,264,276,44,55,70,70,102,102,102,115,115,125,125,137,137,137],"floor_reached":50,"playtime":2769,"items_purged":["Defend_R"],"score":588,"play_id":"2e4b1946-0ddb-4f46-b1f6-8764b8b0d4a0","local_time":"20190911130156","is_ascension_mode":true,"campfire_choices":[{"floor":7.0,"key":"REST"},{"floor":15.0,"key":"REST"},{"floor":24.0,"key":"REST"},{"floor":30.0,"key":"REST"},{"floor":32.0,"key":"REST"},{"floor":40.0,"key":"REST"},{"floor":42,"key":"REST"},{"floor":45,"key":"REST"},{"floor":47,"key":"REST"},{"floor":49,"key":"REST"}],"neow_cost":"NONE","seed_source_timestamp":0,"circlet_count":0,"master_deck":["Strike_R","Strike_R","Strike_R","Strike_R","Defend_R","Defend_R+1","Defend_R+1","Bash+1","Inflame","Flame Barrier","Inflame","Rage","Blood for Blood","Carnage","Ghostly Armor","Rampage","Impervious","Twin Strike+1","Heavy Blade","Infernal Blade+1","Spot Weakness","Spot Weakness","Disarm+1","Impervious","Flex+1","Anger+1","Limit Break","Inflame","Flex","Carnage+1","Impervious","Armaments","Flex+1","Flame Barrier+1","Spot Weakness+1","Shrug It Off+1","Pommel Strike+1","Heavy Blade+1","Headbutt+1","Searing Blow+1","Blood for Blood+1"],"special_seed":0,"relics":["Burning Blood","Potion Belt","Red Skull","Darkstone Periapt","Pear","Bag of Marbles","PreservedInsect","Black Star","Omamori","Dream Catcher","Molten Egg 2","Vajra","Anchor","Oddly Smooth Stone","White Beast Statue","War Paint","Smiling Mask","Meat on the Bone","Paper Frog"],"potions_floor_usage":[41,41,50,50,50,50,50],"damage_taken":[{"damage":5.0,"enemies":"Small Slimes","floor":1.0,"turns":4.0},{"damage":2.0,"enemies":"Jaw Worm","floor":3.0,"turns":4.0},{"damage":0.0,"enemies":"2 Louse","floor":4.0,"turns":4.0},{"damage":48.0,"enemies":"Lagavulin","floor":6.0,"turns":10.0},{"damage":31.0,"enemies":"3 Sentries","floor":8.0,"turns":10.0},{"damage":11.0,"enemies":"Gremlin Nob","floor":11.0,"turns":4.0},{"damage":0.0,"enemies":"Exordium Wildlife","floor":12.0,"turns":4.0},{"damage":11.0,"enemies":"Blue Slaver","floor":13.0,"turns":3.0},{"damage":0.0,"enemies":"3 Louse","floor":14.0,"turns":2.0},{"damage":43.0,"enemies":"Hexaghost","floor":16.0,"turns":8.0},{"damage":6.0,"enemies":"Chosen","floor":18.0,"turns":8.0},{"damage":12.0,"enemies":"3 Byrds","floor":20.0,"turns":4.0},{"damage":12.0,"enemies":"Snake Plant","floor":21.0,"turns":4.0},{"damage":37.0,"enemies":"Book of Stabbing","floor":23.0,"turns":5.0},{"damage":37.0,"enemies":"Gremlin Leader","floor":27.0,"turns":4.0},{"damage":17.0,"enemies":"Shelled Parasite and Fungi","floor":28.0,"turns":6.0},{"damage":7.0,"enemies":"Snecko","floor":29.0,"turns":5.0},{"damage":79.0,"enemies":"Champ","floor":33.0,"turns":11.0},{"damage":14.0,"enemies":"Orb Walker","floor":35.0,"turns":6.0},{"damage":24.0,"enemies":"3 Shapes","floor":36.0,"turns":13.0},{"damage":39.0,"enemies":"3 Darklings","floor":38.0,"turns":9.0},{"damage":27.0,"enemies":"Maw","floor":39.0,"turns":8.0},{"damage":17,"enemies":"Nemesis","floor":41,"turns":7},{"damage":52,"enemies":"Sphere and 2 Shapes","floor":44,"turns":5},{"damage":37,"enemies":"Jaw Worm Horde","floor":46,"turns":7},{"damage":18,"enemies":"Maw","floor":48,"turns":8},{"damage":91,"enemies":"Donu and Deca","floor":50,"turns":6}],"seed_played":"-1797060171898646583","potions_obtained":[{"floor":1.0,"key":"SteroidPotion"},{"floor":3.0,"key":"Fire Potion"},{"floor":6.0,"key":"Weak Potion"},{"floor":8.0,"key":"Energy Potion"},{"floor":14.0,"key":"Fire Potion"},{"floor":16.0,"key":"Dexterity Potion"},{"floor":18.0,"key":"BloodPotion"},{"floor":25.0,"key":"Block Potion"},{"floor":25.0,"key":"Explosive Potion"},{"floor":35.0,"key":"Poison Potion"},{"floor":39.0,"key":"FearPotion"},{"floor":41,"key":"SkillPotion"},{"floor":44,"key":"GamblersBrew"}],"is_trial":false,"path_per_floor":["M","?","M","M","T","E","R","E","T","?","E","M","M","M","R","B",null,"M","?","M","M","?","E","R","?","T","E","M","M","R","$","R","B",null,"M","M","$","M","M","R","E","R","T","M","R","M","R","M","R","B"],"character_chosen":"IRONCLAD","items_purchased":["Oddly Smooth Stone","Limit Break","Inflame","Flex","War Paint"],"campfire_rested":10,"item_purchase_floors":[31,31,31,31,37],"current_hp_per_floor":[80,64,68,74,74,32,56,41,41,41,36,42,37,43,70,33,90,90,90,84,78,78,47,74,74,74,43,32,31,58,58,85,12,90,82,64,64,31,32,59,48,75,75,41,68,49,76,64,90,0],"gold":137,"neow_bonus":"RANDOM_COMMON_RELIC","is_prod":false,"is_daily":false,"chose_seed":false,"campfire_upgraded":0,"win_rate":0,"timestamp":1568199716,"path_taken":["M","?","M","M","?","E","R","E","T","?","E","?","M","M","R","BOSS","M","?","M","M","?","E","R","?","T","E","M","M","R","$","R","BOSS","M","?","$","M","M","R","E","R","T","M","R","M","R","M","R","BOSS"],"build_version":"2019-07-17","purchased_purges":1,"victory":false,"max_hp_per_floor":[80,80,80,80,80,80,80,90,90,90,90,90,90,90,90,90,90,90,90,90,90,90,90,90,90,90,90,90,90,90,90,90,90,90,90,90,90,90,90,90,90,90,90,90,90,90,90,90,90,90],"card_choices":[{"not_picked":["Clothesline","Flex"],"picked":"Inflame","floor":1.0},{"not_picked":["Battle Trance","Body Slam"],"picked":"Flame Barrier","floor":3.0},{"not_picked":["Power Through","Iron Wave","Dark Embrace"],"picked":"SKIP","floor":4.0},{"not_picked":["Barricade","Clothesline"],"picked":"Inflame","floor":6.0},{"not_picked":["Sword Boomerang","Thunderclap"],"picked":"Rage","floor":8.0},{"not_picked":["Searing Blow","Bloodletting"],"picked":"Blood for Blood","floor":11.0},{"not_picked":["Pommel Strike","Clothesline"],"picked":"Carnage","floor":12.0},{"not_picked":["Pommel Strike","Body Slam"],"picked":"Ghostly Armor","floor":13.0},{"not_picked":["Evolve","Whirlwind"],"picked":"Rampage","floor":14.0},{"not_picked":["Reaper","Berserk"],"picked":"Impervious","floor":16.0},{"not_picked":["Uppercut","Iron Wave+1"],"picked":"Twin Strike+1","floor":18.0},{"not_picked":["Iron Wave","Twin Strike+1"],"picked":"Infernal Blade+1","floor":20.0},{"not_picked":["Seeing Red","Anger"],"picked":"Spot Weakness","floor":21.0},{"not_picked":["Sword Boomerang","Twin Strike+1"],"picked":"Spot Weakness","floor":23.0},{"not_picked":["Warcry","Cleave"],"picked":"Disarm","floor":24.0},{"not_picked":["Searing Blow+1","Hemokinesis+1"],"picked":"Impervious","floor":27.0},{"not_picked":["Feel No Pain+1","Sword Boomerang+1"],"picked":"Flex+1","floor":28.0},{"not_picked":["Disarm","Warcry"],"picked":"Anger+1","floor":29.0},{"not_picked":["Sever Soul+1","Combust"],"picked":"Carnage+1","floor":32.0},{"not_picked":["Exhume","Offering"],"picked":"Impervious","floor":33.0},{"not_picked":["Warcry+1","Metallicize"],"picked":"Armaments","floor":35.0},{"not_picked":["Headbutt+1","Wild Strike+1"],"picked":"Flex+1","floor":36.0},{"not_picked":["Ghostly Armor","Sword Boomerang+1"],"picked":"Flame Barrier+1","floor":38.0},{"not_picked":["True Grit","Impervious"],"picked":"Spot Weakness+1","floor":39.0},{"not_picked":["Seeing Red+1","Armaments"],"picked":"Shrug It Off+1","floor":40.0},{"not_picked":["Sentinel+1","Offering","Shrug It Off"],"picked":"SKIP","floor":41},{"not_picked":["Armaments","Iron Wave+1"],"picked":"Pommel Strike+1","floor":42},{"not_picked":["True Grit","Perfected Strike+1"],"picked":"Heavy Blade+1","floor":44},{"not_picked":["Armaments","Intimidate+1"],"picked":"Headbutt+1","floor":46},{"not_picked":["Clothesline+1","Cleave+1"],"picked":"Searing Blow+1","floor":47},{"not_picked":["Clash+1","Shrug It Off+1"],"picked":"Blood for Blood+1","floor":48}],"player_experience":310037,"relics_obtained":[{"floor":5.0,"key":"Red Skull"},{"floor":6.0,"key":"Darkstone Periapt"},{"floor":8.0,"key":"Pear"},{"floor":9.0,"key":"Bag of Marbles"},{"floor":11.0,"key":"PreservedInsect"},{"floor":23.0,"key":"Omamori"},{"floor":23.0,"key":"Dream Catcher"},{"floor":26.0,"key":"Molten Egg 2"},{"floor":27.0,"key":"Vajra"},{"floor":27.0,"key":"Anchor"},{"floor":41,"key":"Smiling Mask"},{"floor":41,"key":"Meat on the Bone"},{"floor":43,"key":"Paper Frog"}],"event_choices":[{"damage_healed":0.0,"max_hp_gain":0.0,"max_hp_loss":0.0,"gold_gain":0.0,"event_name":"Shining Light","player_choice":"Entered Light","floor":2.0,"gold_loss":0.0,"damage_taken":16.0,"cards_upgraded":["Bash","Defend_R"]},{"damage_healed":0.0,"max_hp_gain":0.0,"max_hp_loss":0.0,"gold_gain":56.0,"event_name":"Golden Wing","player_choice":"Gained Gold","floor":10.0,"gold_loss":0.0,"damage_taken":0.0},{"damage_healed":0.0,"max_hp_gain":0.0,"max_hp_loss":0.0,"gold_gain":0.0,"event_name":"The Library","player_choice":"Read","floor":19.0,"gold_loss":0.0,"damage_taken":0.0,"cards_obtained":["Heavy Blade"]},{"cards_removed":["Strike_R"],"damage_healed":0.0,"max_hp_gain":0.0,"max_hp_loss":0.0,"gold_gain":0.0,"event_name":"Beggar","player_choice":"Gave Gold","floor":22.0,"gold_loss":75.0,"damage_taken":0.0},{"damage_healed":0.0,"max_hp_gain":0.0,"max_hp_loss":0.0,"gold_gain":0.0,"event_name":"Lab","player_choice":"Got Potions","floor":25.0,"gold_loss":0.0,"damage_taken":0.0}],"is_beta":false,"boss_relics":[{"not_picked":["Cursed Key","Philosopher\u0027s Stone"],"picked":"Black Star"},{"not_picked":["Runic Pyramid","Mark of Pain"],"picked":"White Beast Statue"}],"items_purged_floors":[37],"is_endless":false,"potions_floor_spawned":[1,3,6,8,14,16,18,27,28,35,36,38,39,41,44,46,48],"killed_by":"Donu and Deca","ascension_level":1}