{"gold_per_floor":[116,116,132,132,151,151,81,81,159,188,198,198,198,209,209,312,312,330,330,255,255,270,270,295,55,55,89,89,115,115],"floor_reached":30,"playtime":831,"items_purged":["Strike_B"],"score":277,"play_id":"31a309e9-2238-4af8-9778-6d7e53074710","local_time":"20190830084014","is_ascension_mode":true,"campfire_choices":[{"data":"Gash","floor":6,"key":"SMITH"},{"data":"Defragment","floor":8,"key":"SMITH"},{"data":"Cold Snap","floor":13,"key":"SMITH"},{"floor":15,"key":"REST"},{"data":"Self Repair","floor":23,"key":"SMITH"},{"data":"Electrodynamics","floor":28,"key":"SMITH"}],"neow_cost":"NONE","seed_source_timestamp":884210676482100,"circlet_count":0,"master_deck":["Defend_B","Defend_B","Defend_B","Defend_B","Zap+1","Redo","Barrage+1","Gash+1","Defragment+1","Sweeping Beam","Cold Snap+1","Melter+1","Electrodynamics+1","Chaos+1","Melter+1","Chaos+1","Auto Shields+1","Self Repair+1","Beam Cell+1","Coolheaded+1","Self Repair"],"relics":["Cracked Core","NeowsBlessing","Tiny Chest","Pocketwatch","Astrolabe","Whetstone","Membership Card","Boot","Blood Vial","Juzu Bracelet"],"potions_floor_usage":[],"damage_taken":[{"damage":0,"enemies":"Small Slimes","floor":1,"turns":1},{"damage":0,"enemies":"Cultist","floor":3,"turns":1},{"damage":0,"enemies":"Jaw Worm","floor":5,"turns":1},{"damage":36,"enemies":"Lagavulin","floor":10,"turns":7},{"damage":13,"enemies":"Lots of Slimes","floor":11,"turns":3},{"damage":3,"enemies":"Exordium Thugs","floor":14,"turns":3},{"damage":36,"enemies":"The Guardian","floor":16,"turns":9},{"damage":20,"enemies":"2 Thieves","floor":18,"turns":2},{"damage":0,"enemies":"Spheric Guardian","floor":22,"turns":2},{"damage":19,"enemies":"Gremlin Leader","floor":24,"turns":6},{"damage":36,"enemies":"Book of Stabbing","floor":27,"turns":6},{"damage":35,"enemies":"Shelled Parasite and Fungi","floor":30,"turns":4}],"seed_played":"-8155227368486785231","potions_obtained":[{"floor":5,"key":"Block Potion"},{"floor":14,"key":"Weak Potion"},{"floor":16,"key":"Swift Potion"}],"is_trial":false,"path_per_floor":["M","?","M","?","M","R","$","R","T","E","M","$","R","M","R","B",null,"M","?","$","?","M","R","E","$","T","E","R","T","M"],"character_chosen":"DEFECT","items_purchased":["Defragment","Membership Card","Self Repair"],"campfire_rested":1,"item_purchase_floors":[7,25,25],"current_hp_per_floor":[75,75,75,75,75,75,75,75,75,39,26,26,26,23,45,9,75,55,55,55,55,55,55,46,46,46,27,27,27,0],"gold":115,"neow_bonus":"THREE_ENEMY_KILL","is_prod":false,"is_daily":false,"chose_seed":false,"campfire_upgraded":5,"win_rate":0,"timestamp":1567172414,"path_taken":["M","?","?","?","?","R","$","R","T","E","M","?","R","M","R","BOSS","M","?","$","?","M","R","E","$","T","E","R","?","M"],"build_version":"2019-07-17","purchased_purges":1,"victory":false,"max_hp_per_floor":[75,75,75,75,75,75,75,75,75,75,75,75,75,75,75,75,75,75,75,75,75,75,75,75,75,75,75,75,75,75],"card_choices":[{"not_picked":["Steam","Undo"],"picked":"Redo","floor":1},{"not_picked":["Conserve Battery","Stack"],"picked":"Barrage","floor":3},{"not_picked":["Leap","Storm"],"picked":"Gash","floor":5},{"not_picked":["Rebound","Blizzard"],"picked":"Sweeping Beam","floor":10},{"not_picked":["Compile Driver","Ball Lightning"],"picked":"Cold Snap","floor":11},{"not_picked":["Leap","Streamline"],"picked":"Melter","floor":14},{"not_picked":["Fission","Thunder Strike"],"picked":"Electrodynamics","floor":16},{"not_picked":["Double Energy","Doom and Gloom"],"picked":"Auto Shields+1","floor":18},{"not_picked":["Streamline","Compile Driver"],"picked":"Beam Cell+1","floor":22},{"not_picked":["Aggregate+1","Redo+1"],"picked":"Coolheaded+1","floor":24},{"not_picked":["Hologram","Thunder Strike","Compile Driver"],"picked":"SKIP","floor":27}],"player_experience":149253,"relics_obtained":[{"floor":9,"key":"Tiny Chest"},{"floor":10,"key":"Pocketwatch"},{"floor":24,"key":"Whetstone"},{"floor":26,"key":"Boot"},{"floor":27,"key":"Blood Vial"},{"floor":29,"key":"Juzu Bracelet"}],"event_choices":[{"damage_healed":0,"gold_gain":0,"player_choice":"Upgraded","damage_taken":0,"max_hp_gain":0,"max_hp_loss":0,"event_name":"Upgrade Shrine","floor":2,"gold_loss":0,"cards_upgraded":["Zap"]},{"damage_healed":0,"gold_gain":0,"player_choice":"Full Heal","damage_taken":0,"max_hp_gain":0,"max_hp_loss":0,"event_name":"Wheel of Change","floor":4,"gold_loss":0},{"damage_healed":0,"gold_gain":0,"player_choice":"Read","damage_taken":0,"max_hp_gain":0,"max_hp_loss":0,"event_name":"The Library","floor":19,"gold_loss":0,"cards_obtained":["Self Repair"]},{"cards_removed":["Strike_B"],"damage_healed":0,"gold_gain":0,"player_choice":"Elegance","damage_taken":0,"max_hp_gain":0,"max_hp_loss":0,"event_name":"Back to Basics","floor":21,"gold_loss":0}],"is_beta":false,"boss_relics":[{"not_picked":["Lizard Tail","Runic Pyramid"],"picked":"Astrolabe"}],"items_purged_floors":[20],"is_endless":false,"potions_floor_spawned":[5,14,16,22],"killed_by":"Shelled Parasite and Fungi","ascension_level":1}