{"gold_per_floor":[118,43,54,54,25,25,44,44,69,69,79,109,124,154,154,226,226,237,119,119,139,64,64,81,101,148,161,171,191,206,223,223,298,298,322,344,356,141,16,16,116,116,116,116,116,116,32,51,51,51],"floor_reached":50,"playtime":4911,"items_purged":["Strike_G","Defend_G","Writhe"],"score":1088,"play_id":"8c313a9b-6054-4447-b6a0-87478fec1eb0","local_time":"20190918124825","is_ascension_mode":true,"campfire_choices":[{"data":"Cloak And Dagger","floor":6.0,"key":"SMITH"},{"data":"Cloak And Dagger","floor":8.0,"key":"SMITH"},{"data":"Neutralize","floor":10.0,"key":"SMITH"},{"data":"Footwork","floor":15.0,"key":"SMITH"},{"data":"Predator","floor":23.0,"key":"SMITH"},{"floor":32.0,"key":"REST"},{"data":"Acrobatics","floor":40.0,"key":"SMITH"},{"data":"Acrobatics","floor":44.0,"key":"SMITH"},{"data":"Backflip","floor":46.0,"key":"SMITH"},{"floor":49.0,"key":"REST"}],"neow_cost":"NONE","seed_source_timestamp":568604962168669,"circlet_count":0,"master_deck":["AscendersBane","Strike_G","Defend_G","Defend_G","Defend_G","Survivor","Neutralize+1","Acrobatics+1","Cloak And Dagger+1","Cloak And Dagger+1","Catalyst","Terror","Backstab","Bullet Time","Footwork+1","Corpse Explosion","Dash","Tools of the Trade","Predator+1","Infinite Blades","Blade Dance","Dash+1","Backflip+1","Blur","Blade Dance+1","Acrobatics+1","Choke"],"special_seed":0,"relics":["WristBlade","Centennial Puzzle","Calipers","Odd Mushroom","Snecko Eye","Omamori","Calling Bell","MawBank","Meat on the Bone","Mango","Question Card","Tingsha","Gremlin Horn"],"potions_floor_usage":[50,50],"damage_taken":[{"damage":0.0,"enemies":"2 Louse","floor":1.0,"turns":4.0},{"damage":4.0,"enemies":"Jaw Worm","floor":3.0,"turns":6.0},{"damage":1.0,"enemies":"Cultist","floor":7.0,"turns":4.0},{"damage":16.0,"enemies":"3 Louse","floor":11.0,"turns":3.0},{"damage":9.0,"enemies":"3 Sentries","floor":12.0,"turns":7.0},{"damage":5.0,"enemies":"Large Slime","floor":13.0,"turns":4.0},{"damage":6.0,"enemies":"The Mushroom Lair","floor":14.0,"turns":3.0},{"damage":0.0,"enemies":"The Guardian","floor":16.0,"turns":12.0},{"damage":17.0,"enemies":"2 Thieves","floor":18.0,"turns":3.0},{"damage":10.0,"enemies":"Spheric Guardian","floor":21.0,"turns":5.0},{"damage":4.0,"enemies":"Shelled Parasite and Fungi","floor":24.0,"turns":3.0},{"damage":12.0,"enemies":"Snake Plant","floor":25.0,"turns":3.0},{"damage":0.0,"enemies":"3 Cultists","floor":27.0,"turns":3.0},{"damage":6.0,"enemies":"Cultist and Chosen","floor":28.0,"turns":6.0},{"damage":9.0,"enemies":"Centurion and Healer","floor":29.0,"turns":3.0},{"damage":0.0,"enemies":"Snake Plant","floor":30.0,"turns":3.0},{"damage":8.0,"enemies":"Snecko","floor":31.0,"turns":4.0},{"damage":0.0,"enemies":"Automaton","floor":33.0,"turns":8.0},{"damage":0.0,"enemies":"Orb Walker","floor":35.0,"turns":1.0},{"damage":2.0,"enemies":"3 Shapes","floor":36.0,"turns":4.0},{"damage":5.0,"enemies":"Mind Bloom Boss Battle","floor":41.0,"turns":7.0},{"damage":0.0,"enemies":"Maw","floor":48.0,"turns":6.0},{"damage":81,"enemies":"Time Eater","floor":50,"turns":6}],"seed_played":"-3980744416991671535","potions_obtained":[{"floor":4.0,"key":"Regen Potion"},{"floor":4.0,"key":"GamblersBrew"},{"floor":7.0,"key":"AttackPotion"},{"floor":11.0,"key":"SkillPotion"},{"floor":12.0,"key":"EssenceOfSteel"},{"floor":25.0,"key":"EntropicBrew"},{"floor":27.0,"key":"Regen Potion"},{"floor":28.0,"key":"Energy Potion"},{"floor":33.0,"key":"Swift Potion"},{"floor":35.0,"key":"EssenceOfSteel"}],"is_trial":false,"path_per_floor":["M","?","M","?","$","R","M","R","T","R","M","E","M","?","R","B",null,"M","$","?","M","?","R","M","M","T","M","M","M","M","M","R","B",null,"M","M","T","$","$","R","?","?","T","R","$","R","$","M","R","B"],"character_chosen":"THE_SILENT","items_purchased":["Cloak And Dagger","Dash","Choke","GhostInAJar","GamblersBrew"],"campfire_rested":2,"item_purchase_floors":[5,19,38,38,47],"current_hp_per_floor":[59,59,55,55,55,55,54,54,54,54,38,44,39,33,33,33,58,41,41,41,31,31,31,27,15,15,15,24,15,15,7,26,26,70,70,68,68,68,68,68,63,63,63,63,63,63,63,63,80,0],"gold":51,"neow_bonus":"BOSS_RELIC","is_prod":false,"is_daily":false,"chose_seed":false,"campfire_upgraded":8,"win_rate":0,"timestamp":1568828905,"path_taken":["M","?","M","?","$","R","?","R","T","R","M","E","M","?","R","BOSS","M","$","?","M","?","R","?","M","T","M","M","M","M","M","R","BOSS","M","?","?","$","?","R","?","?","T","R","$","R","$","?","R","BOSS"],"build_version":"2019-07-17","purchased_purges":3,"victory":false,"max_hp_per_floor":[66,66,66,66,66,66,66,66,66,66,66,66,66,66,66,66,66,66,66,66,66,66,66,66,66,66,66,66,66,66,66,66,66,80,80,80,80,80,80,80,80,80,80,80,80,80,80,80,80,80],"card_choices":[{"not_picked":["Quick Slash","Eviscerate"],"picked":"Acrobatics","floor":1.0},{"not_picked":["Underhanded Strike","Slice"],"picked":"Cloak And Dagger","floor":3.0},{"not_picked":["Concentrate","Sucker Punch"],"picked":"Catalyst","floor":7.0},{"not_picked":["Deadly Poison","Expertise"],"picked":"Terror","floor":11.0},{"not_picked":["Bane","Blur"],"picked":"Backstab","floor":12.0},{"not_picked":["Outmaneuver","Tactician"],"picked":"Bullet Time","floor":13.0},{"not_picked":["Outmaneuver","Prepared"],"picked":"Footwork","floor":14.0},{"not_picked":["Phantasmal Killer","Bullet Time"],"picked":"Corpse Explosion","floor":16.0},{"not_picked":["Dagger Throw","Reflex+1","Flechettes"],"picked":"SKIP","floor":18.0},{"not_picked":["Dagger Throw","Reflex+1","Flechettes"],"picked":"SKIP","floor":18.0},{"not_picked":["Distraction","Expertise","Finisher"],"picked":"SKIP","floor":21.0},{"not_picked":["Bane","Dodge and Roll"],"picked":"Infinite Blades","floor":24.0},{"not_picked":["Catalyst","Terror+1"],"picked":"Blade Dance","floor":25.0},{"not_picked":["Blade Dance","Flying Knee","Expertise"],"picked":"SKIP","floor":27.0},{"not_picked":["Dodge and Roll","Deflect"],"picked":"Dash+1","floor":28.0},{"not_picked":["Masterful Stab","Finisher"],"picked":"Backflip","floor":29.0},{"not_picked":["Caltrops+1","Underhanded Strike"],"picked":"Blur","floor":30.0},{"not_picked":["Acrobatics","PiercingWail"],"picked":"Blade Dance+1","floor":31.0},{"not_picked":["Skewer","Flechettes+1","Dagger Spray"],"picked":"SKIP","floor":35.0},{"not_picked":["Blade Dance","Dodge and Roll"],"picked":"Acrobatics","floor":36.0},{"not_picked":["Bane+1","PiercingWail","Poisoned Stab","Quick Slash"],"picked":"SKIP","floor":48.0}],"player_experience":1344754,"relics_obtained":[{"floor":9.0,"key":"Centennial Puzzle"},{"floor":12.0,"key":"Calipers"},{"floor":14.0,"key":"Odd Mushroom"},{"floor":26.0,"key":"Omamori"},{"floor":34.0,"key":"MawBank"},{"floor":34.0,"key":"Meat on the Bone"},{"floor":34.0,"key":"Mango"},{"floor":37.0,"key":"Question Card"},{"floor":41.0,"key":"Tingsha"},{"floor":43.0,"key":"Gremlin Horn"}],"event_choices":[{"cards_removed":["Strike_G"],"damage_healed":0.0,"max_hp_gain":0.0,"max_hp_loss":0.0,"gold_gain":0.0,"event_name":"The Cleric","player_choice":"Card Removal","floor":2.0,"gold_loss":75.0,"damage_taken":0.0},{"damage_healed":0.0,"max_hp_gain":0.0,"max_hp_loss":0.0,"gold_gain":0.0,"event_name":"Lab","player_choice":"Got Potions","floor":4.0,"gold_loss":0.0,"damage_taken":0.0},{"damage_healed":0.0,"max_hp_gain":0.0,"max_hp_loss":0.0,"gold_gain":0.0,"event_name":"Mushrooms","player_choice":"Fought Mushrooms","floor":14.0,"gold_loss":0.0,"damage_taken":0.0},{"damage_healed":0.0,"max_hp_gain":0.0,"max_hp_loss":0.0,"gold_gain":0.0,"event_name":"The Mausoleum","player_choice":"Ignored","floor":20.0,"gold_loss":0.0,"damage_taken":0.0},{"damage_healed":0.0,"max_hp_gain":0.0,"max_hp_loss":0.0,"gold_gain":0.0,"cards_transformed":["Strike_G","Defend_G"],"event_name":"Designer","player_choice":"Transformed Cards","floor":22.0,"gold_loss":75.0,"damage_taken":0.0,"cards_obtained":["Tools of the Trade","Predator"]},{"damage_healed":0.0,"max_hp_gain":0.0,"max_hp_loss":0.0,"gold_gain":0.0,"event_name":"MindBloom","player_choice":"Fight","floor":41.0,"gold_loss":0.0,"damage_taken":0.0},{"cards_removed":["Strike_G"],"damage_healed":0.0,"max_hp_gain":0.0,"max_hp_loss":0.0,"gold_gain":0.0,"event_name":"Falling","player_choice":"Removed Attack","floor":42.0,"gold_loss":0.0,"damage_taken":0.0}],"is_beta":false,"boss_relics":[{"not_picked":["Coffee Dripper","Tiny House"],"picked":"Snecko Eye"},{"not_picked":["Runic Dome","Pandora\u0027s Box"],"picked":"Calling Bell"}],"items_purged_floors":[19,38,39],"is_endless":false,"potions_floor_spawned":[7,11,12,25,27,28,33,35,41,48],"killed_by":"Time Eater","ascension_level":20}