{"gold_per_floor":[112,112,131,131,146,146,159,180,180,209,277,277,290,290,290,418,418,431,474,574,590,515,515,515,539,566,566,582,615,615,629,629,629],"floor_reached":33,"playtime":3154,"items_purged":["Strike_B"],"score":267,"play_id":"3e692176-8fef-4823-98e7-3f40842b3e8c","local_time":"20190917233432","is_ascension_mode":false,"campfire_choices":[{"data":"Fission","floor":6,"key":"SMITH"},{"data":"Coolheaded","floor":15,"key":"SMITH"},{"data":"Machine Learning","floor":23,"key":"SMITH"},{"data":"Steam","floor":30,"key":"SMITH"},{"data":"FTL","floor":32,"key":"SMITH"}],"neow_cost":"PERCENT_DAMAGE","seed_source_timestamp":523706003202200,"circlet_count":0,"master_deck":["Strike_B","Strike_B","Strike_B+1","Defend_B","Defend_B","Defend_B","Defend_B+1","Zap+1","Dualcast","Fission+1","Coolheaded+1","Storm","Conserve Battery","Gash","Gash+1","Hello World","FTL+1","Steam+1","Multi-Cast","Skim+1","Ball Lightning+1","Machine Learning+1","Writhe","Compile Driver","Coolheaded+1","Defragment+1"],"relics":["Cracked Core","Golden Idol","Whetstone","Odd Mushroom","Tiny Chest","Sundial","Coffee Dripper","Red Mask","Mercury Hourglass","War Paint","Kunai","Dream Catcher"],"potions_floor_usage":[8,11,19,25,29,29,33],"damage_taken":[{"damage":13,"enemies":"2 Louse","floor":1,"turns":3},{"damage":1,"enemies":"Jaw Worm","floor":3,"turns":5},{"damage":0,"enemies":"Cultist","floor":5,"turns":3},{"damage":0,"enemies":"Looter","floor":7,"turns":3},{"damage":7,"enemies":"2 Fungi Beasts","floor":8,"turns":4},{"damage":2,"enemies":"The Mushroom Lair","floor":10,"turns":3},{"damage":6,"enemies":"3 Sentries","floor":11,"turns":6},{"damage":0,"enemies":"Large Slime","floor":13,"turns":5},{"damage":12,"enemies":"The Guardian","floor":16,"turns":12},{"damage":17,"enemies":"Spheric Guardian","floor":18,"turns":4},{"damage":25,"enemies":"Masked Bandits","floor":19,"turns":4},{"damage":13,"enemies":"3 Byrds","floor":21,"turns":4},{"damage":1,"enemies":"Centurion and Healer","floor":25,"turns":6},{"damage":5,"enemies":"3 Cultists","floor":28,"turns":5},{"damage":8,"enemies":"Book of Stabbing","floor":29,"turns":4},{"damage":0,"enemies":"Chosen and Byrds","floor":31,"turns":5},{"damage":6,"enemies":"Automaton","floor":33,"turns":4}],"seed_played":"34159820265587679","potions_obtained":[{"floor":1,"key":"Block Potion"},{"floor":3,"key":"SkillPotion"},{"floor":8,"key":"PowerPotion"},{"floor":13,"key":"GamblersBrew"},{"floor":18,"key":"Weak Potion"},{"floor":21,"key":"Weak Potion"},{"floor":25,"key":"Ancient Potion"}],"is_trial":false,"path_per_floor":["M","?","M","?","M","R","M","M","T","?","E","?","M","?","R","B",null,"M","?","?","M","$","R","?","M","T","T","M","E","R","M","R","B"],"character_chosen":"DEFECT","items_purchased":[],"campfire_rested":0,"item_purchase_floors":[],"current_hp_per_floor":[41,23,22,22,22,22,22,15,15,13,7,32,32,32,32,20,75,58,33,33,20,20,20,20,19,19,19,14,6,6,6,6,0],"gold":629,"neow_bonus":"THREE_RARE_CARDS","is_prod":false,"is_daily":false,"chose_seed":false,"campfire_upgraded":5,"win_rate":0.0,"timestamp":1568774072,"path_taken":["M","?","M","?","?","R","M","M","T","?","E","?","M","?","R","BOSS","M","?","?","?","$","R","?","M","T","?","M","E","R","M","R","BOSS"],"build_version":"2019-07-17","purchased_purges":1,"victory":false,"max_hp_per_floor":[75,75,75,75,75,75,75,75,75,75,75,75,75,75,75,75,75,75,75,75,75,75,75,75,75,75,75,75,75,75,75,75,75],"card_choices":[{"not_picked":["Thunder Strike","Rainbow"],"picked":"Fission","floor":0},{"not_picked":["Heatsinks","Redo"],"picked":"Coolheaded","floor":1},{"not_picked":["Streamline","Consume"],"picked":"Storm","floor":3},{"not_picked":["Leap","Melter"],"picked":"Conserve Battery","floor":5},{"not_picked":["Genetic Algorithm","Go for the Eyes"],"picked":"Gash","floor":7},{"not_picked":["Storm","Go for the Eyes"],"picked":"Gash","floor":8},{"not_picked":["Go for the Eyes","Glacier"],"picked":"Hello World","floor":10},{"not_picked":["Rip and Tear","Meteor Strike"],"picked":"FTL","floor":11},{"not_picked":["Turbo","Darkness"],"picked":"Steam","floor":13},{"not_picked":["Amplify","Thunder Strike"],"picked":"Multi-Cast","floor":16},{"not_picked":["Beam Cell","Conserve Battery"],"picked":"Skim","floor":18},{"not_picked":["Beam Cell","Hologram"],"picked":"Ball Lightning+1","floor":19},{"not_picked":["Double Energy","Cold Snap"],"picked":"Machine Learning","floor":21},{"not_picked":["Consume","Auto Shields+1","Darkness"],"picked":"SKIP","floor":25},{"not_picked":["Reinforced Body","Redo"],"picked":"Compile Driver","floor":28},{"not_picked":["Sweeping Beam","Steam Power"],"picked":"Coolheaded+1","floor":29},{"not_picked":["Turbo","Double Energy+1"],"picked":"Defragment+1","floor":31}],"player_experience":44961,"relics_obtained":[{"floor":9,"key":"Whetstone"},{"floor":10,"key":"Odd Mushroom"},{"floor":11,"key":"Tiny Chest"},{"floor":19,"key":"Red Mask"},{"floor":26,"key":"War Paint"},{"floor":27,"key":"Kunai"},{"floor":29,"key":"Dream Catcher"}],"event_choices":[{"damage_healed":0,"gold_gain":0,"player_choice":"Take Damage","damage_taken":18,"relics_obtained":["Golden Idol"],"max_hp_gain":0,"max_hp_loss":0,"event_name":"Golden Idol","floor":2,"gold_loss":0},{"damage_healed":0,"gold_gain":0,"player_choice":"Forge","damage_taken":0,"max_hp_gain":0,"max_hp_loss":0,"event_name":"Accursed Blacksmith","floor":4,"gold_loss":0,"cards_upgraded":["Zap"]},{"damage_healed":0,"gold_gain":0,"player_choice":"Fought Mushrooms","damage_taken":0,"max_hp_gain":0,"max_hp_loss":0,"event_name":"Mushrooms","floor":10,"gold_loss":0},{"damage_healed":25,"gold_gain":0,"player_choice":"Banana","damage_taken":0,"max_hp_gain":0,"max_hp_loss":0,"event_name":"Big Fish","floor":12,"gold_loss":0},{"damage_healed":0,"gold_gain":0,"player_choice":"Searched \u00272\u0027 times","damage_taken":0,"relics_obtained":["Sundial"],"max_hp_gain":0,"max_hp_loss":0,"event_name":"Dead Adventurer","floor":14,"gold_loss":0},{"damage_healed":0,"gold_gain":0,"player_choice":"Fought Bandits","damage_taken":0,"max_hp_gain":0,"max_hp_loss":0,"event_name":"Masked Bandits","floor":19,"gold_loss":0},{"damage_healed":0,"gold_gain":100,"player_choice":"Pray","damage_taken":0,"max_hp_gain":0,"max_hp_loss":0,"event_name":"Golden Shrine","floor":20,"gold_loss":0},{"damage_healed":0,"gold_gain":0,"player_choice":"Opened","damage_taken":0,"relics_obtained":["Mercury Hourglass"],"max_hp_gain":0,"max_hp_loss":0,"event_name":"The Mausoleum","floor":24,"gold_loss":0,"cards_obtained":["Writhe"]}],"is_beta":false,"boss_relics":[{"not_picked":["Lizard Tail","Empty Cage"],"picked":"Coffee Dripper"}],"items_purged_floors":[22],"is_endless":false,"potions_floor_spawned":[1,3,8,13,18,21,25],"killed_by":"Automaton","ascension_level":0}