{"gold_per_floor":[119,119,44,44,54,81,73,85,120,132,161,202,214,245,257,346,358,382,284,308,320,351,543,555,584,622,667,679,691,20,20,20,20],"floor_reached":33,"playtime":3295,"items_purged":["Strike_R"],"score":553,"play_id":"99da6599-a864-4ccc-9bea-c6931c5a0402","local_time":"20190919174504","is_ascension_mode":true,"campfire_choices":[{"data":"Armaments","floor":8.0,"key":"SMITH"},{"data":"Whirlwind","floor":10.0,"key":"SMITH"},{"data":"Exhume","floor":13.0,"key":"SMITH"},{"data":"Bash","floor":15.0,"key":"SMITH"},{"floor":24.0,"key":"REST"},{"floor":28.0,"key":"REST"},{"data":"1","floor":32,"key":"LIFT"}],"neow_cost":"NONE","seed_source_timestamp":526441311697000,"circlet_count":0,"master_deck":["AscendersBane","Strike_R","Strike_R","Defend_R","Defend_R+1","Defend_R","Defend_R","Bash+1","Infernal Blade+1","Armaments+1","Whirlwind+1","Exhume+1","Feed","Carnage","Uppercut"],"special_seed":0,"relics":["Burning Blood","MawBank","Smiling Mask","The Courier","Fusion Hammer","Strawberry","Bag of Preparation","Membership Card","Orichalcum","Omamori","Girya","Red Skull","Pear","Vajra"],"potions_floor_usage":[33],"damage_taken":[{"damage":7.0,"enemies":"Small Slimes","floor":1.0,"turns":4.0},{"damage":4.0,"enemies":"Jaw Worm","floor":5.0,"turns":7.0},{"damage":25.0,"enemies":"3 Sentries","floor":6.0,"turns":10.0},{"damage":7.0,"enemies":"2 Louse","floor":11.0,"turns":3.0},{"damage":13.0,"enemies":"Lagavulin","floor":12.0,"turns":4.0},{"damage":1.0,"enemies":"Red Slaver","floor":14.0,"turns":2.0},{"damage":51.0,"enemies":"Slime Boss","floor":16.0,"turns":11.0},{"damage":13.0,"enemies":"Spheric Guardian","floor":18.0,"turns":4.0},{"damage":0.0,"enemies":"3 Byrds","floor":20.0,"turns":2.0},{"damage":18.0,"enemies":"Snecko","floor":22.0,"turns":3.0},{"damage":14.0,"enemies":"Chosen and Byrds","floor":25.0,"turns":6.0},{"damage":60.0,"enemies":"Slavers","floor":27.0,"turns":7.0},{"damage":16.0,"enemies":"Colosseum Slavers","floor":29.0,"turns":4.0},{"damage":53,"enemies":"Automaton","floor":33,"turns":8}],"seed_played":"3425962342177015349","potions_obtained":[{"floor":1.0,"key":"AttackPotion"},{"floor":7.0,"key":"Weak Potion"},{"floor":11.0,"key":"Dexterity Potion"},{"floor":14.0,"key":"EssenceOfSteel"},{"floor":22.0,"key":"SpeedPotion"},{"floor":27.0,"key":"Swift Potion"}],"is_trial":false,"path_per_floor":["M","?","$","?","M","E","?","R","T","R","M","E","R","M","R","B",null,"M","?","M","$","M","?","R","M","T","E","R","?","$","?","R","B"],"character_chosen":"IRONCLAD","items_purchased":["Membership Card","Orichalcum","Omamori","Girya","Red Skull","Pear","Vajra","Fruit Juice"],"campfire_rested":2,"item_purchase_floors":[30,30,30,30,30,30,30,30],"current_hp_per_floor":[67,67,67,72,74,55,55,55,55,55,54,47,47,52,52,7,62,55,55,61,61,52,20,44,36,43,8,35,25,40,40,40,0],"gold":20,"neow_bonus":"REMOVE_CARD","is_prod":false,"is_daily":false,"chose_seed":false,"campfire_upgraded":4,"win_rate":0,"timestamp":1568940304,"path_taken":["M","?","$","?","M","E","?","R","T","R","?","E","R","M","R","BOSS","M","?","M","$","?","?","R","?","T","E","R","?","$","?","R","BOSS"],"build_version":"2019-07-17","purchased_purges":1,"victory":false,"max_hp_per_floor":[75,75,75,80,80,80,80,80,80,80,80,80,80,80,80,80,80,80,80,80,80,83,83,83,83,90,93,93,93,108,108,108,108],"card_choices":[{"not_picked":["Blood for Blood","Body Slam"],"picked":"Infernal Blade","floor":1.0},{"not_picked":["Rampage","Havoc"],"picked":"Armaments","floor":5.0},{"not_picked":["Sword Boomerang","Armaments"],"picked":"Whirlwind","floor":6.0},{"not_picked":["Anger","Sword Boomerang"],"picked":"Exhume","floor":11.0},{"not_picked":["Perfected Strike","True Grit","Dropkick"],"picked":"SKIP","floor":12.0},{"not_picked":["Fire Breathing","Armaments","Clothesline"],"picked":"SKIP","floor":14.0},{"not_picked":["Double Tap","Limit Break"],"picked":"Feed","floor":16.0},{"not_picked":["Shrug It Off+1","Wild Strike","Havoc+1"],"picked":"SKIP","floor":18.0},{"not_picked":["Headbutt","Warcry"],"picked":"Carnage","floor":20.0},{"not_picked":["Bloodletting","Sword Boomerang","Shockwave"],"picked":"SKIP","floor":22.0},{"not_picked":["Warcry","Blood for Blood","Dropkick"],"picked":"SKIP","floor":25.0},{"not_picked":["Shrug It Off","Intimidate"],"picked":"Uppercut","floor":27.0}],"player_experience":678638,"relics_obtained":[{"floor":6.0,"key":"MawBank"},{"floor":9.0,"key":"Smiling Mask"},{"floor":12.0,"key":"The Courier"},{"floor":26.0,"key":"Strawberry"},{"floor":27.0,"key":"Bag of Preparation"}],"event_choices":[{"damage_healed":0.0,"max_hp_gain":0.0,"max_hp_loss":0.0,"gold_gain":0.0,"event_name":"Living Wall","player_choice":"Grow","floor":2.0,"gold_loss":0.0,"damage_taken":0.0,"cards_upgraded":["Infernal Blade"]},{"damage_healed":0.0,"max_hp_gain":5.0,"max_hp_loss":0.0,"gold_gain":0.0,"event_name":"Big Fish","player_choice":"Donut","floor":4.0,"gold_loss":0.0,"damage_taken":0.0},{"damage_healed":0.0,"max_hp_gain":0.0,"max_hp_loss":0.0,"gold_gain":0.0,"event_name":"The Woman in Blue","player_choice":"Bought 1 Potion","floor":7.0,"gold_loss":0.0,"damage_taken":0.0},{"cards_removed":["Strike_R"],"damage_healed":0.0,"max_hp_gain":0.0,"max_hp_loss":0.0,"gold_gain":0.0,"event_name":"Designer","player_choice":"Upgrade and Remove","floor":19.0,"gold_loss":110.0,"damage_taken":0.0,"cards_upgraded":["Defend_R"]},{"damage_healed":0.0,"max_hp_gain":0.0,"max_hp_loss":0.0,"gold_gain":180.0,"event_name":"Knowing Skull","player_choice":"GOLD POTION GOLD ","floor":23.0,"potions_obtained":["FairyPotion"],"gold_loss":0.0,"damage_taken":32.0,"cards_obtained":[]},{"damage_healed":0.0,"max_hp_gain":0.0,"max_hp_loss":0.0,"gold_gain":0.0,"event_name":"Colosseum","player_choice":"Fight","floor":29.0,"gold_loss":0.0,"damage_taken":0.0},{"damage_healed":0.0,"max_hp_gain":0.0,"max_hp_loss":0.0,"gold_gain":0.0,"event_name":"Colosseum","player_choice":"Fled From Nobs","floor":29.0,"gold_loss":0.0,"damage_taken":0.0},{"damage_healed":0,"gold_gain":0,"player_choice":"Ignored","damage_taken":0,"max_hp_gain":0,"max_hp_loss":0,"event_name":"The Mausoleum","floor":31,"gold_loss":0}],"is_beta":false,"boss_relics":[{"not_picked":["Runic Cube","Cursed Key"],"picked":"Fusion Hammer"}],"items_purged_floors":[3],"is_endless":false,"potions_floor_spawned":[1,11,14,22,27],"killed_by":"Automaton","ascension_level":19}