{"path_per_floor":["M","?","M","?","M","E","M","M","T","R","M","?","M","M","R","B",null,"M","$","M","?","$","R","?","R","T","M","R","M","M","M","R"],"character_chosen":"IRONCLAD","items_purchased":["Matryoshka","Metallicize","Armaments"],"gold_per_floor":[112,112,124,199,209,242,260,279,304,304,322,322,332,350,350,454,454,468,34,46,136,136,136,136,136,136,148,148,161,176,187,187],"floor_reached":33,"campfire_rested":5,"playtime":1454,"current_hp_per_floor":[45,38,44,33,39,20,21,23,23,47,40,40,33,31,55,45,80,73,73,62,46,46,70,70,70,70,34,58,57,50,47,71],"items_purged":["Strike_R"],"gold":187,"score":253,"play_id":"032473d8-577d-4a57-9116-6a6640c8c632","local_time":"20180307231459","is_prod":false,"is_daily":false,"is_ascension_mode":false,"campfire_upgraded":1,"timestamp":1520486099,"path_taken":["M","?","M","?","M","E","M","M","T","R","M","?","M","?","R","BOSS","M","$","M","?","?","R","?","R","T","M","R","M","?","M","R","BOSS"],"build_version":"2018-03-01-PROD1","purchased_purges":1,"victory":false,"master_deck":["Strike_R","Strike_R","Defend_R","Defend_R","Defend_R","Bash","Ghostly Armor","Flex","Heavy Blade","Carnage","Rampage","Cleave","Heavy Blade","Shrug It Off","Limit Break","Metallicize","Armaments+1","Dual Wield+1","Inflame","Body Slam","Pommel Strike","Body Slam+1","Rage+1","Heavy Blade"],"max_hp_per_floor":[80,80,80,80,80,80,80,80,80,80,80,80,80,80,80,80,80,80,80,80,80,80,80,80,80,80,80,80,80,80,80,80],"relics":["Burning Blood","Omamori","Happy Flower","Dream Catcher","Velvet Choker","Matryoshka","Toxic Egg 2","Shuriken","Ginger"],"card_choices":[{"not_picked":["Dual Wield","Twin Strike"],"picked":"Ghostly Armor"},{"not_picked":["Havoc","Thunderclap"],"picked":"Flex"},{"not_picked":["True Grit","Headbutt"],"picked":"Heavy Blade"},{"not_picked":["Clothesline","Wild Strike"],"picked":"Carnage"},{"not_picked":["Warcry","Anger"],"picked":"Rampage"},{"not_picked":["Anger","Thunderclap"],"picked":"Cleave"},{"not_picked":["Clash","Infernal Blade"],"picked":"Heavy Blade"},{"not_picked":["Searing Blow","Fire Breathing"],"picked":"Shrug It Off"},{"not_picked":["Juggernaut","Demon Form"],"picked":"Limit Break"},{"not_picked":["Havoc","Warcry"],"picked":"Dual Wield"},{"not_picked":["Entrench","Reckless Charge"],"picked":"Inflame"},{"not_picked":["Armaments","Wild Strike"],"picked":"Body Slam"},{"not_picked":["Armaments","Perfected Strike"],"picked":"Pommel Strike"},{"not_picked":["Flame Barrier","Bludgeon"],"picked":"Body Slam"},{"not_picked":["Thunderclap","Disarm"],"picked":"Rage"},{"not_picked":["Intimidate","Cleave"],"picked":"Heavy Blade"}],"player_experience":38042,"potions_floor_usage":[6,16,16,33,33],"damage_taken":[{"damage":1,"enemies":"2 Louse","floor":1,"turns":3},{"damage":0,"enemies":"Small Slimes","floor":3,"turns":5},{"damage":0,"enemies":"Cultist","floor":5,"turns":4},{"damage":25,"enemies":"Lagavulin","floor":6,"turns":8},{"damage":5,"enemies":"Looter","floor":7,"turns":3},{"damage":4,"enemies":"Blue Slaver","floor":8,"turns":3},{"damage":13,"enemies":"Large Slime","floor":11,"turns":5},{"damage":13,"enemies":"Red Slaver","floor":13,"turns":3},{"damage":8,"enemies":"Lots of Slimes","floor":14,"turns":3},{"damage":16,"enemies":"Slime Boss","floor":16,"turns":10},{"damage":13,"enemies":"Spheric Guardian","floor":18,"turns":4},{"damage":17,"enemies":"3 Byrds","floor":20,"turns":6},{"damage":42,"enemies":"3 Cultists","floor":27,"turns":6},{"damage":7,"enemies":"Snecko","floor":29,"turns":6},{"damage":13,"enemies":"Sentry and Sphere","floor":30,"turns":4},{"damage":9,"enemies":"3 Cultists","floor":31,"turns":6},{"damage":71,"enemies":"Automaton","floor":33,"turns":6}],"event_choices":[{"event_name":"Golden Wing","player_choice":"Card Removal","floor":2,"damage_taken":0},{"event_name":"World of Goop","player_choice":"Gather Gold","floor":4,"damage_taken":0},{"event_name":"Accursed Blacksmith","player_choice":"Rummage","floor":12,"damage_taken":0},{"event_name":"Knowing Skull","player_choice":"GOLD ","floor":21,"damage_taken":0},{"event_name":"The Mausoleum","player_choice":"Yes","floor":24,"damage_taken":0}],"boss_relics":[{"not_picked":["Ectoplasm","White Beast Statue"],"picked":"Velvet Choker"}],"potions_floor_spawned":[1,6,7,14,20,29,30,31],"seed_played":"9081056601398436514","killed_by":"Automaton","ascension_level":0,"is_trial":false}