{"gold_per_floor":[119,119,13,24,36,36,71,71,149,149,183,194,1,16,16,112,112,131,144,0,15,15,15,27,27,50,75,95,95],"floor_reached":29,"playtime":3422,"items_purged":[],"score":255,"play_id":"a3fa4f68-163f-4c10-885e-5108a503f88f","local_time":"20190919132128","is_ascension_mode":false,"campfire_choices":[{"data":"Streamline","floor":6.0,"key":"SMITH"},{"floor":8.0,"key":"REST"},{"floor":15.0,"key":"REST"},{"floor":23,"key":"REST"},{"data":"Fusion","floor":25,"key":"SMITH"}],"neow_cost":"NONE","seed_source_timestamp":0,"circlet_count":0,"master_deck":["Strike_B+1","Strike_B","Strike_B+1","Strike_B","Defend_B","Defend_B","Defend_B","Defend_B","Zap","Dualcast","Stack","FTL","Doom and Gloom","Glacier","Tempest","Streamline+1","Gash+1","All For One","Rebound","Gash","Barrage","Multi-Cast","Genetic Algorithm+1","Darkness+1","Leap+1","Glacier","Fusion+1","Static Discharge","Steam"],"special_seed":0,"relics":["Cracked Core","Lantern","Letter Opener","Orichalcum","Sling","Philosopher\u0027s Stone","Bag of Marbles","Regal Pillow","Mummified Hand"],"potions_floor_usage":[27,27],"damage_taken":[{"damage":0.0,"enemies":"2 Louse","floor":1.0,"turns":3.0},{"damage":8.0,"enemies":"Jaw Worm","floor":4.0,"turns":3.0},{"damage":1.0,"enemies":"Cultist","floor":5.0,"turns":3.0},{"damage":18.0,"enemies":"Lagavulin","floor":7.0,"turns":6.0},{"damage":22.0,"enemies":"3 Sentries","floor":11.0,"turns":5.0},{"damage":5.0,"enemies":"Gremlin Gang","floor":12.0,"turns":3.0},{"damage":0.0,"enemies":"Looter","floor":14.0,"turns":1.0},{"damage":47.0,"enemies":"The Guardian","floor":16.0,"turns":10.0},{"damage":15.0,"enemies":"3 Byrds","floor":18.0,"turns":3.0},{"damage":1.0,"enemies":"Spheric Guardian","floor":19.0,"turns":4.0},{"damage":17.0,"enemies":"3 Cultists","floor":21.0,"turns":5.0},{"damage":14,"enemies":"Snake Plant","floor":24,"turns":4},{"damage":19,"enemies":"Slavers","floor":27,"turns":4},{"damage":24,"enemies":"Sentry and Sphere","floor":28,"turns":3},{"damage":12,"enemies":"Centurion and Healer","floor":29,"turns":1}],"seed_played":"6257311167122018093","potions_obtained":[{"floor":1.0,"key":"Strength Potion"},{"floor":4.0,"key":"Strength Potion"},{"floor":14.0,"key":"Explosive Potion"},{"floor":16.0,"key":"Swift Potion"},{"floor":18.0,"key":"Block Potion"},{"floor":19.0,"key":"Dexterity Potion"},{"floor":24,"key":"Explosive Potion"}],"is_trial":false,"path_per_floor":["M","?","$","M","M","R","E","R","T","?","E","M","$","M","R","B",null,"M","M","$","M","?","R","M","R","T","E","M","M"],"character_chosen":"DEFECT","items_purchased":["Doom and Gloom","Glacier","Sling","Gash","Bag of Marbles"],"campfire_rested":3,"item_purchase_floors":[3,3,13,13,20],"current_hp_per_floor":[75,75,75,67,66,66,48,70,70,55,33,28,28,28,50,3,75,60,59,59,42,42,64,50,50,50,31,7,0],"gold":95,"neow_bonus":"THREE_CARDS","is_prod":false,"is_daily":false,"chose_seed":false,"campfire_upgraded":2,"win_rate":0.0,"timestamp":1568863288,"path_taken":["M","?","$","M","M","R","E","R","T","?","E","M","$","M","R","BOSS","M","M","$","M","?","R","M","R","T","E","?","M"],"build_version":"2019-09-18","purchased_purges":0,"victory":false,"max_hp_per_floor":[75,75,75,75,75,75,75,75,75,75,75,75,75,75,75,75,75,75,75,75,75,75,75,75,75,75,75,75,75],"card_choices":[{"not_picked":["Turbo","Cold Snap"],"picked":"Stack","floor":0.0},{"not_picked":["Coolheaded","Gash"],"picked":"FTL","floor":1.0},{"not_picked":["Gash","Steam"],"picked":"Tempest","floor":4.0},{"not_picked":["Hello World","Ball Lightning"],"picked":"Streamline","floor":5.0},{"not_picked":["Fusion","Consume"],"picked":"Gash","floor":7.0},{"not_picked":["BootSequence","Doom and Gloom"],"picked":"All For One","floor":11.0},{"not_picked":["Doom and Gloom","Compile Driver"],"picked":"Rebound","floor":12.0},{"not_picked":["Storm","Stack"],"picked":"Barrage","floor":14.0},{"not_picked":["Creative AI","Thunder Strike"],"picked":"Multi-Cast","floor":16.0},{"not_picked":["Glacier","Steam Power"],"picked":"Genetic Algorithm+1","floor":18.0},{"not_picked":["Barrage","Sweeping Beam"],"picked":"Darkness+1","floor":19.0},{"not_picked":["Coolheaded","Sweeping Beam"],"picked":"Leap+1","floor":21},{"not_picked":["Rebound","Force Field"],"picked":"Fusion","floor":24},{"not_picked":["Barrage","Gash+1"],"picked":"Static Discharge","floor":27},{"not_picked":["Rip and Tear","Compile Driver+1"],"picked":"Steam","floor":28}],"player_experience":37383,"relics_obtained":[{"floor":7.0,"key":"Lantern"},{"floor":9.0,"key":"Letter Opener"},{"floor":11.0,"key":"Orichalcum"},{"floor":26,"key":"Regal Pillow"},{"floor":27,"key":"Mummified Hand"}],"event_choices":[{"damage_healed":0.0,"max_hp_gain":0.0,"max_hp_loss":0.0,"gold_gain":0.0,"event_name":"Living Wall","player_choice":"Grow","floor":2.0,"gold_loss":0.0,"damage_taken":0.0,"cards_upgraded":["Strike_B"]},{"damage_healed":0.0,"max_hp_gain":0.0,"max_hp_loss":0.0,"gold_gain":0.0,"event_name":"Shining Light","player_choice":"Entered Light","floor":10.0,"gold_loss":0.0,"damage_taken":15.0,"cards_upgraded":["Gash","Strike_B"]},{"damage_healed":0,"gold_gain":0,"player_choice":"Copied","damage_taken":0,"max_hp_gain":0,"max_hp_loss":0,"event_name":"Duplicator","floor":22,"gold_loss":0,"cards_obtained":["Glacier"]}],"is_beta":true,"boss_relics":[{"not_picked":["Busted Crown","Empty Cage"],"picked":"Philosopher\u0027s Stone"}],"items_purged_floors":[],"is_endless":false,"potions_floor_spawned":[1,4,14,16,18,19,24],"killed_by":"Centurion and Healer","ascension_level":0}