{"gold_per_floor":[116,191,171,185,196,227,227,239,239,266,10,21,21,34,34,139,139,153,173,193,193,212,226,226,291,291,291,306,306,318,318,318,416,466,479,237,250,270,345,31,31,50,95,95,5,25,25,7,7,7],"floor_reached":50,"playtime":2175,"items_purged":["Strike_G"],"score":551,"play_id":"506151a3-0a55-4aca-a834-a580a2a800b4","local_time":"20190214180945","is_ascension_mode":false,"campfire_choices":[{"floor":7,"key":"RECALL"},{"floor":13,"key":"REST"},{"floor":15,"key":"REST"},{"floor":24,"key":"REST"},{"floor":27,"key":"REST"},{"floor":29,"key":"REST"},{"data":"Catalyst","floor":32,"key":"SMITH"},{"data":"Catalyst","floor":41,"key":"SMITH"},{"data":"After Image","floor":44,"key":"SMITH"},{"data":"Deadly Poison","floor":47,"key":"SMITH"},{"floor":49,"key":"REST"}],"neow_cost":"NONE","seed_source_timestamp":84222767874804,"circlet_count":0,"master_deck":["Defend_G","Defend_G","Defend_G+1","Defend_G","Defend_G+1","Strike_G","Strike_G","Strike_G","Strike_G","Survivor","Neutralize+1","Poisoned Stab","Deadly Poison+1","Terror","Flying Knee","Catalyst+1","Well Laid Plans","Backstab+1","After Image+1","Slice","Glass Knife+1","Catalyst+1","Glass Knife","Flying Knee+1","Deadly Poison","Backflip","Poisoned Stab","PiercingWail"],"relics":["Ring of the Snake","The Courier","Mercury Hourglass","War Paint","Shuriken","Busted Crown","Tiny Chest","Dodecahedron","Tiny House","Potion Belt","Toy Ornithopter","Whetstone","Regal Pillow"],"potions_floor_usage":[4,6,10,10,18,20,28,33,42,50,50],"damage_taken":[{"damage":0,"enemies":"2 Louse","floor":1,"turns":3},{"damage":0,"enemies":"Small Slimes","floor":4,"turns":4},{"damage":0,"enemies":"Cultist","floor":5,"turns":3},{"damage":22,"enemies":"3 Sentries","floor":6,"turns":7},{"damage":18,"enemies":"Gremlin Gang","floor":8,"turns":6},{"damage":6,"enemies":"Gremlin Nob","floor":10,"turns":3},{"damage":0,"enemies":"3 Louse","floor":12,"turns":3},{"damage":8,"enemies":"Blue Slaver","floor":14,"turns":3},{"damage":28,"enemies":"Slime Boss","floor":16,"turns":11},{"damage":4,"enemies":"2 Thieves","floor":18,"turns":4},{"damage":20,"enemies":"Spheric Guardian","floor":19,"turns":4},{"damage":17,"enemies":"Cultist and Chosen","floor":20,"turns":7},{"damage":9,"enemies":"Centurion and Healer","floor":22,"turns":6},{"damage":2,"enemies":"Snake Plant","floor":23,"turns":3},{"damage":26,"enemies":"Book of Stabbing","floor":25,"turns":5},{"damage":8,"enemies":"Cultist and Chosen","floor":28,"turns":6},{"damage":2,"enemies":"3 Cultists","floor":30,"turns":6},{"damage":0,"enemies":"Collector","floor":33,"turns":2},{"damage":0,"enemies":"3 Shapes","floor":35,"turns":5},{"damage":3,"enemies":"3 Darklings","floor":37,"turns":9},{"damage":0,"enemies":"Transient","floor":38,"turns":5},{"damage":17,"enemies":"Writhing Mass","floor":42,"turns":6},{"damage":15,"enemies":"Sphere and 2 Shapes","floor":46,"turns":5},{"damage":140,"enemies":"Time Eater","floor":50,"turns":11}],"seed_played":"4713788170805856171","potions_obtained":[{"floor":3,"key":"EntropicBrew"},{"floor":8,"key":"AttackPotion"},{"floor":10,"key":"Block Potion"},{"floor":16,"key":"Energy Potion"},{"floor":19,"key":"GamblersBrew"},{"floor":23,"key":"GamblersBrew"},{"floor":28,"key":"SkillPotion"},{"floor":33,"key":"Energy Potion"},{"floor":37,"key":"Poison Potion"},{"floor":46,"key":"Dexterity Potion"}],"is_trial":false,"path_per_floor":["M","?","?","M","M","E","R","M","T","E","$","M","R","M","R","B",null,"M","M","M","?","M","M","R","E","T","R","M","R","M","T","R","B",null,"M","$","M","M","?","$","R","M","T","R","?","M","R","$","R","B"],"character_chosen":"THE_SILENT","items_purchased":["Shuriken","Deadly Poison","Potion Belt","FairyPotion","Toy Ornithopter","Whetstone","Poisoned Stab","PiercingWail"],"campfire_rested":6,"item_purchase_floors":[11,36,36,36,40,40,40,48],"current_hp_per_floor":[77,66,66,66,66,44,44,26,26,20,20,20,43,35,58,30,77,73,53,36,22,13,11,35,9,9,33,25,49,47,47,47,47,87,87,87,84,84,76,76,76,64,64,64,64,49,49,49,84,0],"gold":7,"neow_bonus":"TEN_PERCENT_HP_BONUS","is_prod":false,"is_daily":false,"chose_seed":false,"campfire_upgraded":4,"win_rate":0,"timestamp":1550189385,"path_taken":["M","?","?","M","M","E","R","M","T","E","$","?","R","M","R","BOSS","M","M","?","?","M","M","R","E","T","R","M","R","M","?","R","BOSS","M","$","M","M","?","$","R","?","T","R","?","M","R","?","R","BOSS"],"build_version":"2019-01-23","purchased_purges":1,"victory":false,"max_hp_per_floor":[77,77,77,77,77,77,77,77,77,77,77,77,77,77,77,77,77,77,77,77,82,82,82,82,82,82,82,82,82,82,82,82,82,87,87,87,87,87,87,87,87,87,87,87,84,84,84,84,84,84],"card_choices":[{"not_picked":["Backflip","Riddle With Holes"],"picked":"Poisoned Stab","floor":1},{"not_picked":["Deflect","Eviscerate"],"picked":"Deadly Poison","floor":4},{"not_picked":["Deflect","Distraction","Tactician"],"picked":"SKIP","floor":5},{"not_picked":["Setup","Dodge and Roll"],"picked":"Terror","floor":6},{"not_picked":["Calculated Gamble","Cloak And Dagger"],"picked":"Flying Knee","floor":8},{"not_picked":["Deadly Poison","Deflect"],"picked":"Catalyst","floor":10},{"not_picked":["Infinite Blades","Blade Dance"],"picked":"Well Laid Plans","floor":12},{"not_picked":["Eviscerate","Dodge and Roll"],"picked":"Backstab","floor":14},{"not_picked":["A Thousand Cuts","Night Terror"],"picked":"After Image","floor":16},{"not_picked":["Dagger Spray"],"picked":"SKIP","floor":18},{"not_picked":[],"picked":"Slice","floor":19},{"not_picked":["Quick Slash"],"picked":"SKIP","floor":20},{"not_picked":["Accuracy"],"picked":"SKIP","floor":22},{"not_picked":["Outmaneuver"],"picked":"SKIP","floor":23},{"not_picked":[],"picked":"Glass Knife","floor":25},{"not_picked":["Leg Sweep"],"picked":"SKIP","floor":28},{"not_picked":[],"picked":"Catalyst","floor":30},{"not_picked":[],"picked":"Glass Knife","floor":33},{"not_picked":[],"picked":"Flying Knee","floor":34},{"not_picked":["Accuracy+1"],"picked":"SKIP","floor":35},{"not_picked":[],"picked":"Backflip","floor":37},{"not_picked":["Backflip"],"picked":"SKIP","floor":38},{"not_picked":["Finisher"],"picked":"SKIP","floor":42},{"not_picked":["Prepared"],"picked":"SKIP","floor":46}],"player_experience":301445,"relics_obtained":[{"floor":6,"key":"The Courier"},{"floor":9,"key":"Mercury Hourglass"},{"floor":10,"key":"War Paint"},{"floor":25,"key":"Tiny Chest"},{"floor":31,"key":"Dodecahedron"},{"floor":43,"key":"Regal Pillow"}],"event_choices":[{"damage_healed":0,"gold_gain":75,"player_choice":"Gather Gold","damage_taken":11,"max_hp_gain":0,"max_hp_loss":0,"event_name":"World of Goop","floor":2,"gold_loss":0},{"damage_healed":0,"gold_gain":0,"player_choice":"Bought 1 Potion","damage_taken":0,"max_hp_gain":0,"max_hp_loss":0,"event_name":"The Woman in Blue","floor":3,"gold_loss":0},{"damage_healed":0,"gold_gain":0,"player_choice":"Shed Blood","damage_taken":19,"max_hp_gain":5,"max_hp_loss":0,"event_name":"Forgotten Altar","floor":21,"gold_loss":0},{"damage_healed":0,"gold_gain":75,"player_choice":"Touch","damage_taken":8,"max_hp_gain":0,"max_hp_loss":0,"event_name":"FaceTrader","floor":39,"gold_loss":0},{"cards_removed":["Parasite"],"damage_healed":0,"gold_gain":0,"player_choice":"Upgrade and Remove","damage_taken":0,"max_hp_gain":0,"max_hp_loss":0,"event_name":"Designer","floor":45,"gold_loss":90,"cards_upgraded":["Flying Knee"]}],"is_beta":false,"boss_relics":[{"not_picked":["Black Star","Lizard Tail"],"picked":"Busted Crown"},{"not_picked":["Orrery","HoveringKite"],"picked":"Tiny House"}],"items_purged_floors":[11],"is_endless":false,"potions_floor_spawned":[4,8,10,16,19,23,28,33,35,37,46],"killed_by":"Time Eater","ascension_level":0}