{"gold_per_floor":[119,130,130,97,108,108,136,136,216,3,13,38,38,38,38,136,136,147,49,0,18,117,117,129,129,129,129,129,193,206,206],"floor_reached":31,"playtime":1020,"items_purged":[],"score":311,"play_id":"60fac570-2663-462f-bb41-5806ccadc9dd","local_time":"20190413020406","is_ascension_mode":false,"campfire_choices":[{"data":"Hello World","floor":6,"key":"SMITH"},{"floor":15,"key":"REST"},{"data":"Capacitor","floor":23,"key":"SMITH"},{"data":"Consume","floor":25,"key":"SMITH"},{"data":"Storm","floor":28,"key":"SMITH"}],"neow_cost":"NONE","seed_source_timestamp":423597542952667,"circlet_count":0,"master_deck":["Strike_B","Strike_B","Strike_B","Defend_B","Defend_B","Defend_B","Defend_B","Zap","Dualcast","Consume+1","Hello World+1","Loop+1","Barrage","Gash","Doom and Gloom","Cold Snap","Go for the Eyes","Regret","Core Surge","Capacitor","Ball Lightning","Storm+1","Capacitor+1","Skim+1","Leap+1","Gash","Stack+1"],"relics":["Cracked Core","Ancient Tea Set","PreservedInsect","Bottled Lightning","Happy Flower","Pen Nib","Matryoshka","Sozu","Mercury Hourglass","Toxic Egg 2","Tiny Chest"],"potions_floor_usage":[30,30,31],"damage_taken":[{"damage":3,"enemies":"Small Slimes","floor":1,"turns":3},{"damage":1,"enemies":"Cultist","floor":2,"turns":3},{"damage":8,"enemies":"Jaw Worm","floor":5,"turns":4},{"damage":6,"enemies":"Lagavulin","floor":7,"turns":7},{"damage":25,"enemies":"Exordium Thugs","floor":11,"turns":6},{"damage":16,"enemies":"Gremlin Nob","floor":12,"turns":3},{"damage":2,"enemies":"Slime Boss","floor":16,"turns":7},{"damage":3,"enemies":"Chosen","floor":18,"turns":3},{"damage":18,"enemies":"Spheric Guardian","floor":21,"turns":4},{"damage":21,"enemies":"Cultist and Chosen","floor":24,"turns":6},{"damage":19,"enemies":"Gremlin Leader","floor":29,"turns":5},{"damage":0,"enemies":"Snecko","floor":30,"turns":4},{"damage":18,"enemies":"Snake Plant","floor":31,"turns":2}],"seed_played":"-5880492119992845953","potions_obtained":[{"floor":2,"key":"Weak Potion"},{"floor":5,"key":"SkillPotion"},{"floor":16,"key":"LiquidBronze"}],"is_trial":false,"path_per_floor":["M","M","?","$","M","R","E","?","T","$","M","E","$","?","R","B",null,"M","$","?","M","?","R","M","R","T","?","R","E","M","M"],"character_chosen":"DEFECT","items_purchased":["Loop","Doom and Gloom","Happy Flower","Ball Lightning","Storm"],"campfire_rested":1,"item_purchase_floors":[4,10,10,19,19],"current_hp_per_floor":[72,71,71,71,63,63,57,57,57,57,32,16,16,16,38,36,75,72,72,72,54,54,54,33,33,33,33,33,14,14,0],"gold":206,"neow_bonus":"RANDOM_COMMON_RELIC","is_prod":false,"is_daily":false,"chose_seed":false,"campfire_upgraded":4,"win_rate":0.0,"timestamp":1555139046,"path_taken":["M","M","?","$","?","R","E","?","T","?","?","E","$","?","R","BOSS","M","$","?","M","?","R","M","R","T","?","R","E","?","?"],"build_version":"2019-01-23","purchased_purges":0,"victory":false,"max_hp_per_floor":[75,75,75,75,75,75,75,75,75,75,75,75,75,75,75,75,75,75,75,75,75,75,75,75,75,75,75,75,75,75,75],"card_choices":[{"not_picked":["Steam","Hologram"],"picked":"Consume","floor":1},{"not_picked":["Leap","Sweeping Beam"],"picked":"Hello World","floor":2},{"not_picked":["Streamline","Beam Cell"],"picked":"Barrage","floor":5},{"not_picked":["Streamline","Double Energy"],"picked":"Gash","floor":7},{"not_picked":["Barrage","Sweeping Beam"],"picked":"Cold Snap","floor":11},{"not_picked":["Hologram","Rebound"],"picked":"Go for the Eyes","floor":12},{"not_picked":["Reboot","Fission"],"picked":"Core Surge","floor":16},{"not_picked":["Go for the Eyes+1","Loop"],"picked":"Capacitor","floor":18},{"not_picked":["Cold Snap+1","Conserve Battery"],"picked":"Capacitor","floor":21},{"not_picked":["Beam Cell","Ball Lightning"],"picked":"Skim+1","floor":24},{"not_picked":["Genetic Algorithm+1","Aggregate+1"],"picked":"Gash","floor":29},{"not_picked":["Ball Lightning","Barrage+1"],"picked":"Stack+1","floor":30}],"player_experience":43988,"relics_obtained":[{"floor":7,"key":"PreservedInsect"},{"floor":9,"key":"Bottled Lightning"},{"floor":12,"key":"Pen Nib"},{"floor":26,"key":"Mercury Hourglass"},{"floor":26,"key":"Toxic Egg 2"},{"floor":29,"key":"Tiny Chest"}],"event_choices":[{"cards_removed":["Strike_B"],"damage_healed":0,"gold_gain":0,"player_choice":"Purged","damage_taken":0,"max_hp_gain":0,"max_hp_loss":0,"event_name":"Purifier","floor":3,"gold_loss":0},{"damage_healed":0,"gold_gain":0,"player_choice":"Upgraded","damage_taken":0,"max_hp_gain":0,"max_hp_loss":0,"event_name":"Upgrade Shrine","floor":8,"gold_loss":0,"cards_upgraded":["Loop"]},{"damage_healed":0,"gold_gain":0,"player_choice":"Box","damage_taken":0,"relics_obtained":["Matryoshka"],"max_hp_gain":0,"max_hp_loss":0,"event_name":"Big Fish","floor":14,"gold_loss":0,"cards_obtained":["Regret"]},{"damage_healed":0,"gold_gain":0,"player_choice":"Paid Fearfully","damage_taken":0,"max_hp_gain":0,"max_hp_loss":0,"event_name":"Masked Bandits","floor":20,"gold_loss":49},{"damage_healed":0,"gold_gain":99,"player_choice":"Stole From Cult","damage_taken":0,"max_hp_gain":0,"max_hp_loss":0,"event_name":"Nest","floor":22,"gold_loss":0},{"damage_healed":0,"gold_gain":0,"player_choice":"Read","damage_taken":0,"max_hp_gain":0,"max_hp_loss":0,"event_name":"The Library","floor":27,"gold_loss":0,"cards_obtained":["Leap"]}],"is_beta":false,"boss_relics":[{"not_picked":["Philosopher\u0027s Stone","Calling Bell"],"picked":"Sozu"}],"items_purged_floors":[],"is_endless":false,"potions_floor_spawned":[2,5,16,21,24,29],"killed_by":"Snake Plant","ascension_level":0}