{"gold_per_floor":[113,288,288,62,82,115,126,126,175,186,200,200,210,225,225,330,330,330,330,330,330,330,330,330,34,34,34,34,34,34,34,34,34,34,34,0,0,0,0,0],"floor_reached":40,"playtime":1743,"items_purged":[],"score":456,"play_id":"40c61420-b522-46f9-b226-5853c65a2ed5","local_time":"20190214093715","is_ascension_mode":false,"campfire_choices":[{"floor":8.0,"key":"RECALL"},{"data":"Hello World","floor":12.0,"key":"SMITH"},{"floor":15.0,"key":"REST"},{"data":"Rainbow","floor":24.0,"key":"SMITH"},{"floor":27.0,"key":"REST"},{"data":"Blizzard","floor":29.0,"key":"SMITH"},{"data":"Coolheaded","floor":32.0,"key":"SMITH"}],"neow_cost":"NONE","seed_source_timestamp":0,"circlet_count":0,"master_deck":["Defend_B","Defend_B","Defend_B","Defend_B","Zap","Dualcast","Turbo","Blizzard+1","Coolheaded+1","Redo","Hello World+1","Rebound","Turbo","Chill","Rainbow+1","Chill+1","Redo+1","Bite","Bite","Bite","Bite","Bite","Glacier+1","Blizzard+1","Seek","Coolheaded","Glacier+1"],"special_seed":0,"relics":["Cracked Core","NeowsBlessing","Bronze Scales","Regal Pillow","Ectoplasm","MutagenicStrength","Calipers","Mercury Hourglass","Pear","Runic Dome","Red Mask"],"potions_floor_usage":[33],"damage_taken":[{"damage":0.0,"enemies":"Jaw Worm","floor":1.0,"turns":1.0},{"damage":0.0,"enemies":"Cultist","floor":5.0,"turns":1.0},{"damage":0.0,"enemies":"Gremlin Nob","floor":6.0,"turns":1.0},{"damage":0.0,"enemies":"2 Louse","floor":7.0,"turns":2.0},{"damage":0.0,"enemies":"Blue Slaver","floor":10.0,"turns":3.0},{"damage":12.0,"enemies":"3 Louse","floor":11.0,"turns":3.0},{"damage":14.0,"enemies":"Exordium Thugs","floor":13.0,"turns":3.0},{"damage":14.0,"enemies":"Lots of Slimes","floor":14.0,"turns":2.0},{"damage":29.0,"enemies":"The Guardian","floor":16.0,"turns":12.0},{"damage":23.0,"enemies":"Shell Parasite","floor":18.0,"turns":6.0},{"damage":0.0,"enemies":"3 Byrds","floor":19.0,"turns":4.0},{"damage":11.0,"enemies":"Snake Plant","floor":20.0,"turns":5.0},{"damage":11.0,"enemies":"Chosen and Byrds","floor":21.0,"turns":7.0},{"damage":27.0,"enemies":"Gremlin Leader","floor":30.0,"turns":6.0},{"damage":80,"enemies":"Automaton","floor":33,"turns":11},{"damage":5,"enemies":"3 Shapes","floor":35,"turns":4},{"damage":21,"enemies":"3 Darklings","floor":38,"turns":5},{"damage":126,"enemies":"Giant Head","floor":40,"turns":10}],"seed_played":"5987606312260634777","potions_obtained":[{"floor":5.0,"key":"SkillPotion"},{"floor":10.0,"key":"PowerPotion"},{"floor":11.0,"key":"Ancient Potion"},{"floor":14.0,"key":"SteroidPotion"},{"floor":16.0,"key":"Dexterity Potion"},{"floor":19.0,"key":"FocusPotion"},{"floor":33,"key":"Explosive Potion"},{"floor":38,"key":"LiquidBronze"}],"is_trial":false,"path_per_floor":["M","?","?","$","M","E","M","R","T","M","M","R","M","M","R","B",null,"M","M","M","M","?","?","R","$","T","R","T","R","E","?","R","B",null,"M","?","?","M","?","E"],"character_chosen":"DEFECT","items_purchased":["Bronze Scales","Blizzard","Calipers"],"campfire_rested":2,"item_purchase_floors":[4,4,25],"current_hp_per_floor":[75,75,68,68,68,68,68,68,68,70,60,60,48,36,73,46,75,52,54,45,36,36,36,36,36,36,73,73,73,66,66,66,6,85,80,80,80,67,67,0],"gold":0,"neow_bonus":"THREE_ENEMY_KILL","is_prod":false,"is_daily":false,"chose_seed":false,"campfire_upgraded":4,"win_rate":0,"timestamp":1550158635,"path_taken":["M","?","?","$","M","E","M","R","T","?","M","R","M","M","R","BOSS","M","M","?","M","?","?","R","?","T","R","?","R","E","?","R","BOSS","M","?","?","?","?","E"],"build_version":"2019-01-23","purchased_purges":0,"victory":false,"max_hp_per_floor":[75,75,75,75,75,75,75,75,75,75,75,75,75,75,75,75,75,75,75,75,75,75,75,75,75,75,75,75,75,85,85,85,85,85,85,85,85,85,81,81],"card_choices":[{"not_picked":["Steam","Compile Driver"],"picked":"Turbo","floor":1.0},{"not_picked":["Force Field","Conserve Battery"],"picked":"Coolheaded","floor":5.0},{"not_picked":["Rebound","Steam Power"],"picked":"Redo","floor":6.0},{"not_picked":["Stack","Barrage","Steam"],"picked":"SKIP","floor":7.0},{"not_picked":["Lockon","Biased Cognition"],"picked":"Hello World","floor":10.0},{"not_picked":["Sweeping Beam","Beam Cell"],"picked":"Rebound","floor":11.0},{"not_picked":["Go for the Eyes","Redo"],"picked":"Turbo","floor":13.0},{"not_picked":["Steam","Scrape"],"picked":"Chill","floor":14.0},{"not_picked":["Amplify","Biased Cognition"],"picked":"Rainbow","floor":16.0},{"not_picked":["Steam","Leap"],"picked":"Chill+1","floor":18.0},{"not_picked":["Compile Driver+1","Static Discharge+1","Redo"],"picked":"SKIP","floor":19.0},{"not_picked":["Turbo+1","Leap","Meteor Strike"],"picked":"SKIP","floor":20.0},{"not_picked":["Conserve Battery","Go for the Eyes"],"picked":"Redo+1","floor":21.0},{"not_picked":["Stack","Force Field"],"picked":"Glacier+1","floor":30.0},{"not_picked":["Electrodynamics","Machine Learning"],"picked":"Seek","floor":33},{"not_picked":["Stack+1","Ball Lightning+1"],"picked":"Coolheaded","floor":35},{"not_picked":["Leap+1","Conserve Battery"],"picked":"Glacier+1","floor":38}],"player_experience":299702,"relics_obtained":[{"floor":6.0,"key":"Regal Pillow"},{"floor":9.0,"key":"Blood Vial"},{"floor":28.0,"key":"Mercury Hourglass"},{"floor":30.0,"key":"Pear"}],"event_choices":[{"damage_healed":0.0,"max_hp_gain":0.0,"max_hp_loss":0.0,"gold_gain":175.0,"event_name":"Liars Game","player_choice":"AGREE","floor":2.0,"gold_loss":0.0,"damage_taken":0.0,"cards_obtained":["Doubt"]},{"damage_healed":0.0,"max_hp_gain":0.0,"max_hp_loss":0.0,"gold_gain":0.0,"event_name":"Wheel of Change","player_choice":"Damaged","floor":3.0,"gold_loss":0.0,"damage_taken":7.0},{"damage_healed":0.0,"max_hp_gain":0.0,"max_hp_loss":0.0,"gold_gain":0.0,"event_name":"Vampires","player_choice":"Became a vampire (Vial)","floor":22.0,"relics_lost":["Blood Vial"],"gold_loss":0.0,"damage_taken":0.0,"cards_obtained":["Bite","Bite","Bite","Bite","Bite"]},{"damage_healed":0.0,"max_hp_gain":0.0,"max_hp_loss":0.0,"gold_gain":0.0,"event_name":"Drug Dealer","player_choice":"Inject Mutagens","floor":23.0,"gold_loss":0.0,"damage_taken":0.0,"relics_obtained":["MutagenicStrength"]},{"damage_healed":0.0,"max_hp_gain":0.0,"max_hp_loss":0.0,"gold_gain":0.0,"event_name":"Duplicator","player_choice":"Copied","floor":31.0,"gold_loss":0.0,"damage_taken":0.0,"cards_obtained":["Blizzard"]},{"damage_healed":0,"gold_gain":0,"player_choice":"Paid","damage_taken":0,"relics_obtained":["Red Mask"],"max_hp_gain":0,"max_hp_loss":0,"event_name":"Tomb of Lord Red Mask","floor":36,"gold_loss":34},{"cards_removed":["Doubt"],"damage_healed":0,"gold_gain":0,"player_choice":"Purged","damage_taken":0,"max_hp_gain":0,"max_hp_loss":0,"event_name":"Purifier","floor":37,"gold_loss":0},{"damage_healed":0,"gold_gain":0,"player_choice":"Max HP","damage_taken":0,"max_hp_gain":0,"max_hp_loss":4,"event_name":"Winding Halls","floor":39,"gold_loss":0}],"is_beta":false,"boss_relics":[{"not_picked":["Coffee Dripper","Pandora\u0027s Box"],"picked":"Ectoplasm"},{"not_picked":["Tiny House","Eternal Feather"],"picked":"Runic Dome"}],"items_purged_floors":[],"is_endless":false,"potions_floor_spawned":[5,10,11,14,16,19,33,38],"killed_by":"Giant Head","ascension_level":0}