{"gold_per_floor":[15,15,26,39,56,56,82,93,93,18,50,50,82,102,102,102],"floor_reached":16,"playtime":808,"items_purged":["Defend_B"],"score":128,"play_id":"ae8d9408-4ea2-46ce-94a3-fecdec89f550","local_time":"20190914230525","is_ascension_mode":true,"campfire_choices":[{"data":"Dualcast","floor":6.0,"key":"SMITH"},{"floor":12,"key":"DIG"},{"floor":15,"key":"DIG"}],"neow_cost":"NO_GOLD","seed_source_timestamp":405856279951198,"circlet_count":0,"master_deck":["Strike_B","Strike_B","Strike_B","Strike_B","Defend_B","Defend_B","Zap","Dualcast+1","Hologram","Go for the Eyes","Scrape","Leap","Undo","Gash","Loop","Gash"],"special_seed":0,"relics":["Cracked Core","Torii","Potion Belt","Shovel","Bottled Flame","Mercury Hourglass","Ancient Tea Set"],"potions_floor_usage":[11],"damage_taken":[{"damage":1.0,"enemies":"Cultist","floor":1.0,"turns":3.0},{"damage":2.0,"enemies":"Small Slimes","floor":3.0,"turns":4.0},{"damage":1.0,"enemies":"Jaw Worm","floor":4.0,"turns":3.0},{"damage":1.0,"enemies":"Looter","floor":5.0,"turns":2.0},{"damage":13.0,"enemies":"Gremlin Nob","floor":7.0,"turns":4.0},{"damage":1.0,"enemies":"Blue Slaver","floor":8.0,"turns":3.0},{"damage":15,"enemies":"3 Sentries","floor":11,"turns":6},{"damage":24,"enemies":"Gremlin Nob","floor":13,"turns":4},{"damage":7,"enemies":"3 Louse","floor":14,"turns":2},{"damage":11,"enemies":"Hexaghost","floor":16,"turns":8}],"seed_played":"-3957949700145383110","potions_obtained":[{"floor":1.0,"key":"Energy Potion"},{"floor":3.0,"key":"AttackPotion"},{"floor":7.0,"key":"Strength Potion"},{"floor":14,"key":"LiquidBronze"}],"is_trial":false,"path_per_floor":["M","?","M","M","M","R","E","M","T","$","E","R","E","M","R","B"],"character_chosen":"DEFECT","items_purchased":[],"campfire_rested":0,"item_purchase_floors":[],"current_hp_per_floor":[74,74,72,71,70,70,57,56,56,56,41,41,17,10,10,0],"gold":102,"neow_bonus":"ONE_RARE_RELIC","is_prod":false,"is_daily":false,"chose_seed":false,"campfire_upgraded":1,"win_rate":0,"timestamp":1568520325,"path_taken":["M","?","?","M","M","R","E","M","T","$","E","R","E","M","R","BOSS"],"build_version":"2019-07-17","purchased_purges":1,"victory":false,"max_hp_per_floor":[75,75,75,75,75,75,75,75,75,75,75,75,75,75,75,75],"card_choices":[{"not_picked":["Beam Cell","Force Field"],"picked":"Hologram","floor":1.0},{"not_picked":["Rebound","Chaos"],"picked":"Go for the Eyes","floor":3.0},{"not_picked":["Turbo","Leap"],"picked":"Scrape","floor":4.0},{"not_picked":["Sweeping Beam","Barrage"],"picked":"Leap","floor":5.0},{"not_picked":["Leap","Darkness","Rebound"],"picked":"SKIP","floor":7.0},{"not_picked":["Turbo","Go for the Eyes"],"picked":"Undo","floor":8.0},{"not_picked":["Undo","Leap"],"picked":"Gash","floor":11},{"not_picked":["Buffer","Melter"],"picked":"Loop","floor":13},{"not_picked":["Turbo","Redo"],"picked":"Gash","floor":14}],"player_experience":1262081,"relics_obtained":[{"floor":7.0,"key":"Potion Belt"},{"floor":11,"key":"Shovel"},{"floor":12,"key":"Bottled Flame"},{"floor":13,"key":"Mercury Hourglass"},{"floor":15,"key":"Ancient Tea Set"}],"event_choices":[{"cards_removed":["Defend_B"],"damage_healed":0.0,"max_hp_gain":0.0,"max_hp_loss":0.0,"gold_gain":0.0,"event_name":"Wheel of Change","player_choice":"Card Removal","floor":2.0,"gold_loss":0.0,"damage_taken":0.0}],"is_beta":false,"boss_relics":[],"items_purged_floors":[10],"is_endless":false,"potions_floor_spawned":[1,3,7,14],"killed_by":"Hexaghost","ascension_level":1}