{"gold_per_floor":[110,124,141,141,66,66,97,97,97,114,114,114,135,171,171,171],"floor_reached":16,"playtime":495,"items_purged":["Strike_R"],"score":168,"play_id":"60690515-1915-46ca-8625-33bc0f8f8232","local_time":"20190206082310","is_ascension_mode":true,"campfire_choices":[{"data":"Flex","floor":6,"key":"SMITH"},{"data":"Whirlwind","floor":8,"key":"SMITH"},{"data":"Corruption","floor":11,"key":"SMITH"},{"floor":15,"key":"REST"}],"neow_cost":"NONE","seed_source_timestamp":79176007446036,"circlet_count":0,"master_deck":["Strike_R","Strike_R","Defend_R","Defend_R","Defend_R","Defend_R","Bash","Flex+1","Twin Strike","Whirlwind+1","Corruption+1","Heavy Blade","Brutality"],"relics":["Burning Blood","Bottled Flame","Sundial","Golden Idol","StoneCalendar"],"potions_floor_usage":[16,16,16],"damage_taken":[{"damage":2,"enemies":"2 Louse","floor":1,"turns":3},{"damage":6,"enemies":"Cultist","floor":2,"turns":4},{"damage":6,"enemies":"Jaw Worm","floor":3,"turns":3},{"damage":14,"enemies":"Gremlin Nob","floor":7,"turns":3},{"damage":0,"enemies":"2 Fungi Beasts","floor":10,"turns":1},{"damage":14,"enemies":"Blue Slaver","floor":13,"turns":3},{"damage":21,"enemies":"Lagavulin","floor":14,"turns":6}],"seed_played":"-8520585358288217106","potions_obtained":[{"floor":7,"key":"Block Potion"},{"floor":13,"key":"BloodPotion"},{"floor":14,"key":"GamblersBrew"}],"is_trial":false,"path_per_floor":["M","M","M","?","$","R","E","R","T","M","R","?","M","E","R","B"],"character_chosen":"IRONCLAD","items_purchased":[],"campfire_rested":1,"item_purchase_floors":[],"current_hp_per_floor":[80,80,80,80,80,80,72,72,72,78,78,58,50,35,59,0],"gold":171,"neow_bonus":"REMOVE_CARD","is_prod":false,"is_daily":false,"chose_seed":false,"campfire_upgraded":3,"win_rate":0,"timestamp":1549462990,"path_taken":["M","M","M","?","?","R","E","R","T","M","R","?","M","E","R","BOSS"],"build_version":"2019-01-23","purchased_purges":1,"victory":false,"max_hp_per_floor":[80,80,80,80,80,80,80,80,80,80,80,80,80,80,80,80],"card_choices":[{"not_picked":["Pommel Strike","Sword Boomerang"],"picked":"Flex","floor":1},{"not_picked":["Perfected Strike","Anger"],"picked":"Twin Strike","floor":2},{"not_picked":["Perfected Strike","Thunderclap"],"picked":"Whirlwind","floor":3},{"not_picked":["Combust","Perfected Strike","Clothesline"],"picked":"SKIP","floor":7},{"not_picked":["Feel No Pain","Havoc"],"picked":"Corruption","floor":10},{"not_picked":["Immolate","Clash"],"picked":"Heavy Blade","floor":13},{"not_picked":["Havoc","Shrug It Off"],"picked":"Brutality","floor":14}],"player_experience":283264,"relics_obtained":[{"floor":7,"key":"Bottled Flame"},{"floor":9,"key":"Sundial"},{"floor":14,"key":"StoneCalendar"}],"event_choices":[{"cards_removed":["Strike_R"],"damage_healed":0,"gold_gain":0,"player_choice":"Purged","damage_taken":0,"max_hp_gain":0,"max_hp_loss":0,"event_name":"Purifier","floor":4,"gold_loss":0},{"damage_healed":0,"gold_gain":0,"player_choice":"Take Damage","damage_taken":20,"relics_obtained":["Golden Idol"],"max_hp_gain":0,"max_hp_loss":0,"event_name":"Golden Idol","floor":12,"gold_loss":0}],"is_beta":false,"boss_relics":[],"items_purged_floors":[5],"is_endless":false,"potions_floor_spawned":[7,13,14],"killed_by":"The Guardian","ascension_level":1}