{"gold_per_floor":[115,129,129,149,165,193,193,193,193,193,193,225,240,240,240,338,338,349,364,383,308,318,16,29,128,128,128,158,158,176,186,186,283,283,295,170,180,180,200,225,225,225,225,225,175,221,241,241,241,241],"floor_reached":51,"playtime":5997,"items_purged":["Strike_B","Strike_B","Strike_B+1"],"score":807,"play_id":"983477fc-47e8-48b6-8ca2-22d599bed92a","local_time":"20190918035545","is_ascension_mode":false,"campfire_choices":[{"data":"Defragment","floor":8,"key":"SMITH"},{"data":"Darkness","floor":10,"key":"SMITH"},{"floor":15,"key":"REST"},{"data":"Fission","floor":29,"key":"SMITH"},{"floor":32,"key":"REST"},{"data":"Echo Form","floor":41,"key":"SMITH"},{"data":"Chill","floor":44,"key":"SMITH"},{"floor":49,"key":"REST"}],"neow_cost":"NONE","seed_source_timestamp":536493483441200,"circlet_count":0,"master_deck":["Defend_B+1","Defend_B+1","Defend_B+1","Defend_B+1","Zap+1","Dualcast+1","Darkness+1","Steam+1","Coolheaded+1","Defragment+1","Leap+1","Compile Driver+1","Reboot+1","Conserve Battery+1","Glacier+1","Leap+1","Barrage+1","Hologram+1","Fission+1","Steam+1","Seek+1","Reinforced Body+1","Defragment+1","Barrage+1","Chill+1","Echo Form+1","Secret Technique","Skim+1"],"relics":["Cracked Core","Blood Vial","Juzu Bracelet","Darkstone Periapt","Pocketwatch","Inserter","Calipers","Mercury Hourglass","Smiling Mask","Regal Pillow","Sozu","Mark of the Bloom","Anchor","Pantograph","Torii"],"potions_floor_usage":[6,16,28,46,50,50],"damage_taken":[{"damage":11,"enemies":"Jaw Worm","floor":1,"turns":3},{"damage":7,"enemies":"2 Louse","floor":2,"turns":2},{"damage":0,"enemies":"Small Slimes","floor":4,"turns":3},{"damage":4,"enemies":"3 Louse","floor":5,"turns":3},{"damage":0,"enemies":"Gremlin Nob","floor":6,"turns":3},{"damage":7,"enemies":"3 Sentries","floor":12,"turns":7},{"damage":5,"enemies":"Exordium Wildlife","floor":13,"turns":5},{"damage":0,"enemies":"Slime Boss","floor":16,"turns":7},{"damage":1,"enemies":"Shell Parasite","floor":18,"turns":6},{"damage":20,"enemies":"Spheric Guardian","floor":19,"turns":4},{"damage":9,"enemies":"Snake Plant","floor":20,"turns":6},{"damage":0,"enemies":"Snecko","floor":22,"turns":6},{"damage":3,"enemies":"3 Cultists","floor":24,"turns":7},{"damage":61,"enemies":"Gremlin Leader","floor":28,"turns":9},{"damage":1,"enemies":"Snake Plant","floor":30,"turns":5},{"damage":0,"enemies":"Centurion and Healer","floor":31,"turns":6},{"damage":34,"enemies":"Automaton","floor":33,"turns":15},{"damage":0,"enemies":"Orb Walker","floor":35,"turns":7},{"damage":2,"enemies":"3 Darklings","floor":37,"turns":10},{"damage":0,"enemies":"Maw","floor":39,"turns":7},{"damage":0,"enemies":"Giant Head","floor":40,"turns":10},{"damage":11,"enemies":"2 Orb Walkers","floor":46,"turns":7},{"damage":0,"enemies":"Jaw Worm Horde","floor":47,"turns":6},{"damage":0,"enemies":"Donu and Deca","floor":50,"turns":12}],"seed_played":"5919104496292865564","potions_obtained":[{"floor":4,"key":"Swift Potion"},{"floor":12,"key":"Block Potion"},{"floor":13,"key":"Explosive Potion"},{"floor":16,"key":"Strength Potion"},{"floor":20,"key":"Regen Potion"},{"floor":28,"key":"FocusPotion"}],"is_trial":false,"path_per_floor":["M","M","?","M","M","E","?","R","T","R","?","E","M","?","R","B",null,"M","M","M","$","M","$","M","?","T","?","E","R","M","M","R","B",null,"M","$","M","?","M","E","R","?","T","R","$","?","M","?","R","B",null],"character_chosen":"DEFECT","items_purchased":["Calipers","Defragment"],"campfire_rested":3,"item_purchase_floors":[23,36],"current_hp_per_floor":[64,57,42,42,38,38,43,43,43,43,36,31,28,16,40,42,80,79,60,53,53,55,55,54,54,54,54,10,10,11,13,52,20,80,80,80,78,78,78,78,78,78,78,78,78,67,67,67,67,67],"gold":241,"neow_bonus":"UPGRADE_CARD","is_prod":false,"is_daily":false,"chose_seed":false,"campfire_upgraded":5,"win_rate":0.0,"timestamp":1568789745,"path_taken":["M","M","?","M","M","E","?","R","T","R","?","E","M","?","R","BOSS","M","M","M","$","M","$","M","?","T","?","E","R","M","M","R","BOSS","M","$","M","?","M","E","R","?","T","R","$","?","M","?","R","BOSS"],"build_version":"2019-07-17","purchased_purges":3,"victory":true,"max_hp_per_floor":[75,75,75,75,75,75,80,80,80,80,80,80,80,80,80,80,80,80,80,80,80,80,80,80,80,80,80,80,80,80,80,80,80,80,80,80,80,80,80,80,80,80,80,80,80,80,80,80,80,80],"card_choices":[{"not_picked":["Go for the Eyes","Cold Snap"],"picked":"Rebound","floor":1},{"not_picked":["Scrape","Beam Cell"],"picked":"Darkness","floor":2},{"not_picked":["Rip and Tear","Ball Lightning"],"picked":"Steam","floor":4},{"not_picked":["Static Discharge","Go for the Eyes"],"picked":"Coolheaded","floor":5},{"not_picked":["Amplify","Compile Driver"],"picked":"Defragment","floor":6},{"not_picked":["Cold Snap","Ball Lightning"],"picked":"Leap","floor":12},{"not_picked":["Double Energy","Turbo"],"picked":"Compile Driver","floor":13},{"not_picked":["Hyperbeam","Biased Cognition"],"picked":"Reboot","floor":16},{"not_picked":["Compile Driver","Force Field"],"picked":"Conserve Battery","floor":18},{"not_picked":["Compile Driver+1","Rebound+1"],"picked":"Glacier","floor":19},{"not_picked":["Go for the Eyes","Turbo"],"picked":"Leap","floor":20},{"not_picked":["Sweeping Beam","Loop"],"picked":"Barrage","floor":22},{"not_picked":["Core Surge","Beam Cell"],"picked":"Hologram","floor":24},{"not_picked":["Recycle","Sweeping Beam"],"picked":"Fission","floor":28},{"not_picked":["Gash+1","Lockon","Static Discharge"],"picked":"SKIP","floor":30},{"not_picked":["Go for the Eyes","Rebound+1"],"picked":"Steam","floor":31},{"not_picked":["Creative AI","Reboot"],"picked":"Seek","floor":33},{"not_picked":["Stack","Cold Snap+1"],"picked":"Reinforced Body+1","floor":35},{"not_picked":["Leap","Steam Power"],"picked":"Barrage","floor":37},{"not_picked":["Auto Shields","Rebound+1"],"picked":"Chill","floor":39},{"not_picked":["Sweeping Beam","Barrage"],"picked":"Echo Form","floor":40},{"not_picked":["Impatience","Swift Strike"],"picked":"Secret Technique","floor":42},{"not_picked":["Fusion+1","Redo+1"],"picked":"Skim+1","floor":46},{"not_picked":["Steam Power+1","Gash+1","Steam"],"picked":"SKIP","floor":47}],"player_experience":54312,"relics_obtained":[{"floor":6,"key":"Blood Vial"},{"floor":9,"key":"Juzu Bracelet"},{"floor":12,"key":"Darkstone Periapt"},{"floor":26,"key":"Mercury Hourglass"},{"floor":28,"key":"Regal Pillow"},{"floor":40,"key":"Anchor"},{"floor":43,"key":"Pantograph"},{"floor":46,"key":"Torii"}],"event_choices":[{"damage_healed":0,"gold_gain":0,"player_choice":"Entered Light","damage_taken":15,"max_hp_gain":0,"max_hp_loss":0,"event_name":"Shining Light","floor":3,"gold_loss":0,"cards_upgraded":["Strike_B","Defend_B"]},{"damage_healed":0,"gold_gain":0,"player_choice":"Donut","damage_taken":0,"max_hp_gain":5,"max_hp_loss":0,"event_name":"Big Fish","floor":7,"gold_loss":0},{"cards_removed":["Strike_B"],"damage_healed":0,"gold_gain":0,"player_choice":"Card Removal","damage_taken":7,"max_hp_gain":0,"max_hp_loss":0,"event_name":"Golden Wing","floor":11,"gold_loss":0},{"damage_healed":0,"gold_gain":0,"player_choice":"Success","damage_taken":12,"relics_obtained":["Pocketwatch"],"max_hp_gain":0,"max_hp_loss":0,"event_name":"Scrap Ooze","floor":14,"gold_loss":0},{"damage_healed":0,"gold_gain":99,"player_choice":"Stole From Cult","damage_taken":0,"max_hp_gain":0,"max_hp_loss":0,"event_name":"Nest","floor":25,"gold_loss":0},{"damage_healed":0,"gold_gain":0,"player_choice":"Opened","damage_taken":0,"relics_obtained":["Smiling Mask"],"max_hp_gain":0,"max_hp_loss":0,"event_name":"The Mausoleum","floor":27,"gold_loss":0},{"damage_healed":0,"gold_gain":0,"player_choice":"Upgrade","damage_taken":0,"relics_obtained":["Mark of the Bloom"],"max_hp_gain":0,"max_hp_loss":0,"event_name":"MindBloom","floor":38,"gold_loss":0,"cards_upgraded":["Defend_B","Defend_B","Defend_B","Dualcast","Rebound","Steam","Coolheaded","Leap","Compile Driver","Reboot","Conserve Battery","Glacier","Leap","Barrage","Hologram","Steam","Seek","Defragment","Barrage"]},{"damage_healed":0,"gold_gain":0,"player_choice":"Memory 1","damage_taken":0,"max_hp_gain":0,"max_hp_loss":0,"event_name":"SensoryStone","floor":42,"gold_loss":0},{"damage_healed":0,"gold_gain":0,"player_choice":"Fight","damage_taken":0,"max_hp_gain":0,"max_hp_loss":0,"event_name":"Mysterious Sphere","floor":46,"gold_loss":0},{"cards_removed":["Rebound"],"damage_healed":0,"gold_gain":0,"player_choice":"Removed Attack","damage_taken":0,"max_hp_gain":0,"max_hp_loss":0,"event_name":"Falling","floor":48,"gold_loss":0}],"is_beta":false,"boss_relics":[{"not_picked":["FrozenCore","Velvet Choker"],"picked":"Inserter"},{"not_picked":["White Beast Statue","Runic Dome"],"picked":"Sozu"}],"items_purged_floors":[21,36,45],"is_endless":false,"potions_floor_spawned":[4,12,13,16,20,28,31,33,39,46],"ascension_level":0}