{"gold_per_floor":[109,41,61,71,83,117,217,231,231,231,244,244,319,0,0,78,78,97,117,135,235,235],"floor_reached":22,"playtime":1076,"items_purged":[],"score":320,"play_id":"1522bf86-1aa5-4d66-a7f9-c194b5a9f474","local_time":"20190823013627","is_ascension_mode":true,"campfire_choices":[{"data":"Sunder","floor":12.0,"key":"SMITH"},{"floor":15.0,"key":"REST"}],"neow_cost":"NONE","seed_source_timestamp":836591309429246,"circlet_count":0,"master_deck":["AscendersBane","Strike_B","Strike_B","Strike_B","Strike_B","Defend_B","Defend_B","Defend_B","Defend_B","Zap","Dualcast","Streamline","Sunder+1","Consume","Auto Shields","Echo Form","Meteor Strike","Genetic Algorithm+1","Streamline"],"special_seed":0,"relics":["Snecko Eye","Bottled Lightning","Shuriken","Pantograph","Inserter"],"potions_floor_usage":[],"damage_taken":[{"damage":2.0,"enemies":"Jaw Worm","floor":1.0,"turns":3.0},{"damage":0.0,"enemies":"Cultist","floor":3.0,"turns":3.0},{"damage":0.0,"enemies":"Small Slimes","floor":4.0,"turns":2.0},{"damage":16.0,"enemies":"3 Louse","floor":5.0,"turns":2.0},{"damage":25.0,"enemies":"Lagavulin","floor":6.0,"turns":7.0},{"damage":3.0,"enemies":"Red Slaver","floor":8.0,"turns":4.0},{"damage":0.0,"enemies":"Large Slime","floor":11.0,"turns":4.0},{"damage":22.0,"enemies":"Hexaghost","floor":16.0,"turns":6.0},{"damage":1.0,"enemies":"Chosen","floor":18.0,"turns":4.0},{"damage":14.0,"enemies":"Shell Parasite","floor":19.0,"turns":3.0},{"damage":31.0,"enemies":"Centurion and Healer","floor":20.0,"turns":4.0},{"damage":16,"enemies":"Shelled Parasite and Fungi","floor":22,"turns":2}],"seed_played":"-1047247858807665713","potions_obtained":[{"floor":3.0,"key":"SteroidPotion"},{"floor":6.0,"key":"Dexterity Potion"},{"floor":20.0,"key":"Dexterity Potion"}],"is_trial":false,"path_per_floor":["M","$","M","M","M","E","?","M","T","?","M","R","?","$","R","B",null,"M","M","M","?","M"],"character_chosen":"DEFECT","items_purchased":["Sunder","Pantograph","Echo Form"],"campfire_rested":1,"item_purchase_floors":[2,14,14],"current_hp_per_floor":[62,62,62,62,46,21,21,18,18,18,18,18,7,7,28,31,61,60,46,15,15,0],"gold":235,"neow_bonus":"BOSS_RELIC","is_prod":false,"is_daily":false,"chose_seed":false,"campfire_upgraded":1,"win_rate":0,"timestamp":1566542187,"path_taken":["M","$","M","M","M","E","?","?","T","?","M","R","?","$","R","BOSS","M","M","M","?","M"],"build_version":"2019-07-17","purchased_purges":0,"victory":false,"max_hp_per_floor":[71,71,71,71,71,71,71,71,71,71,71,71,71,71,71,71,71,71,71,71,71,71],"card_choices":[{"not_picked":["Conserve Battery","Redo"],"picked":"Streamline","floor":1.0},{"not_picked":["Reinforced Body","Barrage","Conserve Battery"],"picked":"SKIP","floor":3.0},{"not_picked":["Reinforced Body","Heatsinks"],"picked":"Consume","floor":4.0},{"not_picked":["Sweeping Beam","Ball Lightning","Blizzard"],"picked":"SKIP","floor":5.0},{"not_picked":["Compile Driver","Tempest"],"picked":"Auto Shields","floor":6.0},{"not_picked":["Stack","Turbo","FTL"],"picked":"SKIP","floor":8.0},{"not_picked":["Gash","Conserve Battery","Beam Cell"],"picked":"SKIP","floor":11.0},{"not_picked":["All For One","Thunder Strike"],"picked":"Meteor Strike","floor":16.0},{"not_picked":["Stack","Gash"],"picked":"Genetic Algorithm+1","floor":18.0},{"not_picked":["Compile Driver","Gash","Conserve Battery"],"picked":"SKIP","floor":19.0},{"not_picked":["Rip and Tear","Hologram"],"picked":"Streamline","floor":20.0}],"player_experience":785778,"relics_obtained":[{"floor":6.0,"key":"Bottled Lightning"},{"floor":9.0,"key":"Shuriken"}],"event_choices":[{"damage_healed":0.0,"max_hp_gain":0.0,"max_hp_loss":0.0,"gold_gain":100.0,"event_name":"Golden Shrine","player_choice":"Pray","floor":7.0,"gold_loss":0.0,"damage_taken":0.0},{"damage_healed":0.0,"max_hp_gain":0.0,"max_hp_loss":0.0,"gold_gain":0.0,"event_name":"Scrap Ooze","player_choice":"Fled","floor":10.0,"gold_loss":0.0,"damage_taken":0.0},{"damage_healed":0.0,"max_hp_gain":0.0,"max_hp_loss":0.0,"gold_gain":75.0,"event_name":"World of Goop","player_choice":"Gather Gold","floor":13.0,"gold_loss":0.0,"damage_taken":11.0},{"damage_healed":0.0,"max_hp_gain":0.0,"max_hp_loss":0.0,"gold_gain":100.0,"event_name":"Golden Shrine","player_choice":"Pray","floor":21.0,"gold_loss":0.0,"damage_taken":0.0}],"is_beta":false,"boss_relics":[{"not_picked":["Orrery","Calling Bell"],"picked":"Inserter"}],"items_purged_floors":[],"is_endless":false,"potions_floor_spawned":[3,6,20],"killed_by":"Shelled Parasite and Fungi","ascension_level":14}