{"gold_per_floor":[112,112,112,112,128,172,197,230,230,230,245,258,282,282,282,403,403,419,54,67,67,0,0,16,29,29,29],"floor_reached":27,"playtime":1009,"items_purged":["Strike_B"],"score":263,"play_id":"0124c0ad-4a79-451e-a1d3-141f78796925","local_time":"20190225092323","is_ascension_mode":true,"campfire_choices":[{"data":"Consume","floor":10,"key":"SMITH"},{"floor":15,"key":"REST"},{"data":"Seek","floor":23,"key":"SMITH"}],"neow_cost":"NONE","seed_source_timestamp":833722431832224,"circlet_count":0,"master_deck":["Strike_B","Strike_B","Strike_B","Defend_B","Defend_B","Zap","Dualcast","Consume+1","Chill","Conserve Battery","Cold Snap","Defragment","Cold Snap","Beam Cell","Seek+1","Coolheaded","Coolheaded+1","Coolheaded","Stack+1"],"relics":["Cracked Core","NeowsBlessing","Matryoshka","Golden Idol","Bag of Preparation","Strawberry","Smiling Mask","Dead Branch","Philosopher\u0027s Stone","Torii","Boot","Unceasing Top"],"potions_floor_usage":[8,8,16,16,18,27],"damage_taken":[{"damage":0,"enemies":"Cultist","floor":1,"turns":1},{"damage":0,"enemies":"Small Slimes","floor":5,"turns":1},{"damage":0,"enemies":"Gremlin Nob","floor":6,"turns":1},{"damage":1,"enemies":"2 Louse","floor":7,"turns":3},{"damage":14,"enemies":"Lagavulin","floor":8,"turns":7},{"damage":9,"enemies":"Large Slime","floor":11,"turns":7},{"damage":6,"enemies":"Blue Slaver","floor":12,"turns":4},{"damage":0,"enemies":"Red Slaver","floor":13,"turns":3},{"damage":18,"enemies":"Slime Boss","floor":16,"turns":6},{"damage":17,"enemies":"2 Thieves","floor":18,"turns":5},{"damage":5,"enemies":"3 Byrds","floor":20,"turns":8},{"damage":0,"enemies":"3 Cultists","floor":24,"turns":7},{"damage":17,"enemies":"Snake Plant","floor":25,"turns":5},{"damage":48,"enemies":"Gremlin Leader","floor":27,"turns":6}],"seed_played":"3165121458464923281","potions_obtained":[{"floor":1,"key":"Poison Potion"},{"floor":5,"key":"Strength Potion"},{"floor":7,"key":"EssenceOfSteel"},{"floor":12,"key":"Strength Potion"},{"floor":13,"key":"Swift Potion"},{"floor":16,"key":"FearPotion"},{"floor":24,"key":"Poison Potion"}],"is_trial":false,"path_per_floor":["M","T","$","?","M","E","M","E","T","R","M","M","M","?","R","B",null,"M","$","M","?","?","R","M","M","T","E"],"character_chosen":"DEFECT","items_purchased":["Torii"],"campfire_rested":1,"item_purchase_floors":[19],"current_hp_per_floor":[75,75,75,57,57,57,56,49,49,49,40,34,34,27,51,33,82,65,65,60,60,60,60,60,43,43,0],"gold":29,"neow_bonus":"THREE_ENEMY_KILL","is_prod":false,"is_daily":false,"chose_seed":false,"campfire_upgraded":2,"win_rate":0,"timestamp":1551108203,"path_taken":["M","?","$","?","M","E","M","E","T","R","M","M","M","?","R","BOSS","M","$","M","?","?","R","M","M","T","E"],"build_version":"2019-01-23","purchased_purges":1,"victory":false,"max_hp_per_floor":[75,75,75,75,75,75,75,82,82,82,82,82,82,82,82,82,82,82,82,82,82,82,82,82,82,82,82],"card_choices":[{"not_picked":["Streamline","Force Field"],"picked":"Consume","floor":1},{"not_picked":["Stack","Fusion","Tempest"],"picked":"SKIP","floor":5},{"not_picked":["Sunder","Force Field"],"picked":"Chill","floor":6},{"not_picked":["Barrage","Rebound"],"picked":"Conserve Battery","floor":7},{"not_picked":["Conserve Battery","Beam Cell"],"picked":"Cold Snap","floor":8},{"not_picked":["Conserve Battery","Barrage"],"picked":"Defragment","floor":11},{"not_picked":["Capacitor","Hologram"],"picked":"Cold Snap","floor":12},{"not_picked":["Tempest","Barrage"],"picked":"Beam Cell","floor":13},{"not_picked":["Meteor Strike","Core Surge"],"picked":"Seek","floor":16},{"not_picked":["Beam Cell","White Noise"],"picked":"Coolheaded","floor":18},{"not_picked":["Darkness","Fusion+1"],"picked":"Coolheaded+1","floor":20},{"not_picked":["Gash","Stack"],"picked":"Coolheaded","floor":24},{"not_picked":["Barrage","Go for the Eyes"],"picked":"Stack+1","floor":25}],"player_experience":322962,"relics_obtained":[{"floor":2,"key":"Matryoshka"},{"floor":6,"key":"Bag of Preparation"},{"floor":8,"key":"Strawberry"},{"floor":9,"key":"Smiling Mask"},{"floor":9,"key":"Dead Branch"},{"floor":26,"key":"Boot"},{"floor":26,"key":"Unceasing Top"}],"event_choices":[{"damage_healed":0,"gold_gain":0,"player_choice":"Take Damage","damage_taken":18,"relics_obtained":["Golden Idol"],"max_hp_gain":0,"max_hp_loss":0,"event_name":"Golden Idol","floor":4,"gold_loss":0},{"cards_removed":["Defend_B"],"damage_healed":0,"gold_gain":0,"player_choice":"Card Removal","damage_taken":7,"max_hp_gain":0,"max_hp_loss":0,"event_name":"Golden Wing","floor":14,"gold_loss":0},{"cards_removed":["Defend_B"],"damage_healed":0,"gold_gain":0,"player_choice":"Elegance","damage_taken":0,"max_hp_gain":0,"max_hp_loss":0,"event_name":"Back to Basics","floor":21,"gold_loss":0},{"damage_healed":0,"gold_gain":0,"player_choice":"Paid Fearfully","damage_taken":0,"max_hp_gain":0,"max_hp_loss":0,"event_name":"Masked Bandits","floor":22,"gold_loss":67}],"is_beta":false,"boss_relics":[{"not_picked":["Coffee Dripper","Pandora\u0027s Box"],"picked":"Philosopher\u0027s Stone"}],"items_purged_floors":[19],"is_endless":false,"potions_floor_spawned":[1,5,7,12,13,16,24],"killed_by":"Gremlin Leader","ascension_level":1}