{"gold_per_floor":[118,133,133,133,151,151,175,175,175,199,213,213,244,259,259,383,383,383,255,180,28,28,28,28,28,28,28,28,28,28,28,28,28,28,28,28,28,28,2,2,2,2,2,2,2,2,2,2,2,2,2,2,2,2,2],"floor_reached":55,"playtime":4276,"items_purged":["Defend_G"],"score":737,"play_id":"de1aa161-8b8e-47b4-bf64-085f043f775a","local_time":"20190913152110","is_ascension_mode":false,"campfire_choices":[{"data":"Backflip","floor":6.0,"key":"SMITH"},{"data":"Catalyst","floor":8.0,"key":"SMITH"},{"data":"Noxious Fumes","floor":15.0,"key":"SMITH"},{"floor":23.0,"key":"RECALL"},{"data":"Catalyst","floor":25.0,"key":"SMITH"},{"floor":30.0,"key":"REST"},{"data":"Backflip","floor":32.0,"key":"SMITH"},{"data":"Night Terror","floor":40.0,"key":"SMITH"},{"data":"Tools of the Trade","floor":42.0,"key":"SMITH"},{"data":"Backflip","floor":46.0,"key":"SMITH"},{"data":"Burst","floor":49.0,"key":"SMITH"},{"data":"Deadly Poison","floor":52.0,"key":"SMITH"}],"neow_cost":"NONE","seed_source_timestamp":367119225180796,"circlet_count":0,"master_deck":["Strike_G+1","Strike_G+1","Defend_G+1","Defend_G+1","Defend_G+1","Survivor","Neutralize+1","Backflip+1","Deflect","Catalyst+1","Deadly Poison+1","Envenom","Noxious Fumes+1","Burst+1","Catalyst+1","Catalyst+1","Deadly Poison+1","Noxious Fumes+1","Backflip+1","Night Terror+1","Bane+1","Backflip+1","Tools of the Trade+1","Poisoned Stab+1","Escape Plan+1"],"special_seed":0,"relics":["Ring of the Snake","Vajra","Golden Idol","Dodecahedron","Ectoplasm","Pantograph","Whetstone","Bottled Lightning","Tiny Chest","Empty Cage","Happy Flower","Nunchaku","Frozen Egg 2","Kunai"],"potions_floor_usage":[55,55],"damage_taken":[{"damage":0.0,"enemies":"2 Louse","floor":1.0,"turns":2.0},{"damage":0.0,"enemies":"Small Slimes","floor":2.0,"turns":5.0},{"damage":1.0,"enemies":"Cultist","floor":5.0,"turns":4.0},{"damage":5.0,"enemies":"Exordium Thugs","floor":7.0,"turns":5.0},{"damage":0.0,"enemies":"Blue Slaver","floor":10.0,"turns":3.0},{"damage":0.0,"enemies":"Large Slime","floor":11.0,"turns":7.0},{"damage":13.0,"enemies":"Gremlin Nob","floor":13.0,"turns":4.0},{"damage":0.0,"enemies":"Looter","floor":14.0,"turns":3.0},{"damage":3.0,"enemies":"Hexaghost","floor":16.0,"turns":7.0},{"damage":2.0,"enemies":"Chosen","floor":18.0,"turns":4.0},{"damage":18.0,"enemies":"2 Thieves","floor":20.0,"turns":5.0},{"damage":10.0,"enemies":"Slavers","floor":24.0,"turns":6.0},{"damage":0.0,"enemies":"Cultist and Chosen","floor":27.0,"turns":4.0},{"damage":6.0,"enemies":"Gremlin Leader","floor":28.0,"turns":4.0},{"damage":21.0,"enemies":"Snake Plant","floor":29.0,"turns":2.0},{"damage":18.0,"enemies":"Champ","floor":33.0,"turns":4.0},{"damage":0.0,"enemies":"3 Darklings","floor":35.0,"turns":4.0},{"damage":0.0,"enemies":"Orb Walker","floor":37.0,"turns":1.0},{"damage":0.0,"enemies":"4 Shapes","floor":38.0,"turns":4.0},{"damage":0.0,"enemies":"Maw","floor":41.0,"turns":3.0},{"damage":0.0,"enemies":"Sphere and 2 Shapes","floor":44.0,"turns":3.0},{"damage":0.0,"enemies":"Mind Bloom Boss Battle","floor":47.0,"turns":2.0},{"damage":0.0,"enemies":"Reptomancer","floor":48.0,"turns":1.0},{"damage":10.0,"enemies":"Donu and Deca","floor":50.0,"turns":4.0},{"damage":37.0,"enemies":"Shield and Spear","floor":54.0,"turns":4.0},{"damage":58,"enemies":"The Heart","floor":55,"turns":3}],"seed_played":"-6846012494427441174","potions_obtained":[{"floor":2.0,"key":"Explosive Potion"},{"floor":11.0,"key":"Weak Potion"},{"floor":13.0,"key":"EssenceOfSteel"},{"floor":14.0,"key":"EssenceOfSteel"},{"floor":16.0,"key":"AttackPotion"},{"floor":18.0,"key":"GhostInAJar"},{"floor":27.0,"key":"Fire Potion"},{"floor":33.0,"key":"Energy Potion"},{"floor":54.0,"key":"Strength Potion"}],"is_trial":false,"path_per_floor":["M","M","?","?","M","R","M","R","T","M","M","?","E","M","R","B",null,"M","?","M","$","?","R","E","R","T","M","E","M","R","$","R","B",null,"M","?","M","M","$","R","M","R","T","M","$","R","?","E","R","B",null,"R","$","E","B"],"character_chosen":"THE_SILENT","items_purchased":["Catalyst","Backflip"],"campfire_rested":1,"item_purchase_floors":[21,39],"current_hp_per_floor":[70,70,63,46,45,45,40,40,40,40,40,40,27,27,27,24,70,68,68,50,50,50,50,40,40,40,40,34,13,34,34,34,41,70,70,70,70,70,70,70,70,70,70,70,70,70,70,70,70,60,70,70,70,33,0],"gold":2,"neow_bonus":"RANDOM_COMMON_RELIC","is_prod":false,"is_daily":false,"chose_seed":false,"campfire_upgraded":10,"win_rate":0,"timestamp":1568406070,"path_taken":["M","M","?","?","M","R","M","R","T","M","M","?","E","M","R","BOSS","M","?","?","$","?","R","E","R","T","M","E","M","R","$","R","BOSS","M","?","M","M","?","R","M","R","T","M","$","R","?","E","R","BOSS","R","$","E","BOSS"],"build_version":"2019-07-17","purchased_purges":1,"victory":false,"max_hp_per_floor":[70,70,70,70,70,70,70,70,70,70,70,70,70,70,70,70,70,70,70,70,70,70,70,70,70,70,70,70,70,70,70,70,70,70,70,70,70,70,70,70,70,70,70,70,70,70,70,70,70,70,70,70,70,70,70],"card_choices":[{"not_picked":["Endless Agony","Dagger Throw"],"picked":"Backflip","floor":1.0},{"not_picked":["Quick Slash","Dodge and Roll"],"picked":"Deflect","floor":2.0},{"not_picked":["Poisoned Stab","Cloak And Dagger"],"picked":"Catalyst","floor":5.0},{"not_picked":["Acrobatics","Distraction"],"picked":"Deadly Poison","floor":7.0},{"not_picked":["Escape Plan","Deflect"],"picked":"Envenom","floor":10.0},{"not_picked":["Prepared","Setup","Sucker Punch"],"picked":"SKIP","floor":11.0},{"not_picked":["Acrobatics","Cloak And Dagger"],"picked":"Noxious Fumes","floor":13.0},{"not_picked":["Sucker Punch","Flechettes","Heel Hook"],"picked":"SKIP","floor":14.0},{"not_picked":["Venomology","Corpse Explosion"],"picked":"Burst","floor":16.0},{"not_picked":["Noxious Fumes","Escape Plan"],"picked":"Catalyst","floor":18.0},{"not_picked":["Tactician","Dodge and Roll","Underhanded Strike"],"picked":"SKIP","floor":20.0},{"not_picked":["Dodge and Roll","Finisher+1"],"picked":"Deadly Poison+1","floor":24.0},{"not_picked":["Endless Agony+1","Prepared"],"picked":"Noxious Fumes+1","floor":27.0},{"not_picked":["Prepared+1","Poisoned Stab","Sucker Punch"],"picked":"SKIP","floor":28.0},{"not_picked":["Blade Dance","Crippling Poison"],"picked":"Backflip","floor":29.0},{"not_picked":["Wraith Form v2","Corpse Explosion"],"picked":"Night Terror","floor":33.0},{"not_picked":["Underhanded Strike","All Out Attack"],"picked":"Bane+1","floor":35.0},{"not_picked":["Concentrate+1","Riddle With Holes","Sucker Punch"],"picked":"SKIP","floor":37.0},{"not_picked":["Deflect","Flying Knee+1","Dagger Spray"],"picked":"SKIP","floor":38.0},{"not_picked":["Tactician","Quick Slash"],"picked":"Tools of the Trade","floor":41.0},{"not_picked":["Deadly Poison","Prepared+1","Dagger Throw"],"picked":"SKIP","floor":44.0},{"not_picked":["Heel Hook","Dodge and Roll+1"],"picked":"Poisoned Stab+1","floor":47.0},{"not_picked":["Poisoned Stab","Finisher","Noxious Fumes"],"picked":"SKIP","floor":48.0},{"not_picked":["Prepared+1","Blade Dance"],"picked":"Escape Plan+1","floor":54.0}],"player_experience":1247676,"relics_obtained":[{"floor":13.0,"key":"Dodecahedron"},{"floor":24.0,"key":"Whetstone"},{"floor":26.0,"key":"Bottled Lightning"},{"floor":28.0,"key":"Tiny Chest"},{"floor":43.0,"key":"Happy Flower"},{"floor":47.0,"key":"Nunchaku"},{"floor":48.0,"key":"Frozen Egg 2"},{"floor":54.0,"key":"Kunai"}],"event_choices":[{"cards_removed":["Defend_G"],"damage_healed":0.0,"max_hp_gain":0.0,"max_hp_loss":0.0,"gold_gain":0.0,"event_name":"Golden Wing","player_choice":"Card Removal","floor":3.0,"gold_loss":0.0,"damage_taken":7.0},{"damage_healed":0.0,"max_hp_gain":0.0,"max_hp_loss":0.0,"gold_gain":0.0,"event_name":"Golden Idol","player_choice":"Take Damage","floor":4.0,"gold_loss":0.0,"damage_taken":17.0,"relics_obtained":["Golden Idol"]},{"cards_removed":["Strike_G"],"damage_healed":0.0,"max_hp_gain":0.0,"max_hp_loss":0.0,"gold_gain":0.0,"event_name":"Living Wall","player_choice":"Forget","floor":12.0,"gold_loss":0.0,"damage_taken":0.0},{"damage_healed":0.0,"max_hp_gain":0.0,"max_hp_loss":0.0,"gold_gain":0.0,"event_name":"WeMeetAgain","player_choice":"Paid Gold","floor":19.0,"gold_loss":128.0,"damage_taken":0.0,"relics_obtained":["Pantograph"]},{"damage_healed":0.0,"max_hp_gain":0.0,"max_hp_loss":0.0,"gold_gain":0.0,"event_name":"Back to Basics","player_choice":"Simplicity","floor":22.0,"gold_loss":0.0,"damage_taken":0.0,"cards_upgraded":["Strike_G","Strike_G","Strike_G","Strike_G","Defend_G","Defend_G","Defend_G"]},{"damage_healed":0.0,"max_hp_gain":0.0,"max_hp_loss":0.0,"gold_gain":0.0,"event_name":"Upgrade Shrine","player_choice":"Upgraded","floor":36.0,"gold_loss":0.0,"damage_taken":0.0,"cards_upgraded":["Catalyst"]},{"damage_healed":0.0,"max_hp_gain":0.0,"max_hp_loss":0.0,"gold_gain":0.0,"event_name":"MindBloom","player_choice":"Fight","floor":47.0,"gold_loss":0.0,"damage_taken":0.0}],"is_beta":false,"boss_relics":[{"not_picked":["Eternal Feather","HoveringKite"],"picked":"Ectoplasm"},{"not_picked":["Black Star","Fusion Hammer"],"picked":"Empty Cage"}],"items_purged_floors":[21],"is_endless":false,"potions_floor_spawned":[2,11,13,14,16,18,27,33,37,44,54],"killed_by":"The Heart","ascension_level":0}