{"gold_per_floor":[215,87,104,4,15,15,15,15,65,65,83,97,126,138,138,138],"floor_reached":16,"playtime":568,"items_purged":["Defend_B","Strike_B"],"score":199,"play_id":"3f8436b9-fda3-44fe-8925-d427b5ec0c5a","local_time":"20190905102206","is_ascension_mode":true,"campfire_choices":[{"data":"Conserve Battery","floor":6.0,"key":"SMITH"},{"data":"Conserve Battery","floor":8.0,"key":"SMITH"},{"data":"Dualcast","floor":10.0,"key":"SMITH"},{"floor":15,"key":"REST"}],"neow_cost":"NONE","seed_source_timestamp":34717207948779,"circlet_count":0,"master_deck":["AscendersBane","Strike_B","Strike_B","Strike_B","Defend_B","Defend_B","Defend_B","Zap","Dualcast+1","Conserve Battery+1","Gash","Conserve Battery+1","Cold Snap","Rainbow","Hologram","Fission"],"special_seed":0,"relics":["Cracked Core","Orichalcum","Blood Vial"],"potions_floor_usage":[13],"damage_taken":[{"damage":1.0,"enemies":"2 Louse","floor":1.0,"turns":3.0},{"damage":2.0,"enemies":"Jaw Worm","floor":3.0,"turns":4.0},{"damage":0.0,"enemies":"Cultist","floor":5.0,"turns":3.0},{"damage":0.0,"enemies":"Gremlin Gang","floor":11.0,"turns":6.0},{"damage":1.0,"enemies":"Red Slaver","floor":12.0,"turns":3.0},{"damage":39,"enemies":"Gremlin Nob","floor":13,"turns":4},{"damage":0,"enemies":"Looter","floor":14,"turns":3},{"damage":0,"enemies":"Hexaghost","floor":16,"turns":1}],"seed_played":"5488329722178792957","potions_obtained":[{"floor":3.0,"key":"GamblersBrew"},{"floor":5.0,"key":"SkillPotion"}],"is_trial":false,"path_per_floor":["M","$","M","$","M","R","?","R","T","R","M","M","E","M","R","B"],"character_chosen":"DEFECT","items_purchased":["Gash"],"campfire_rested":1,"item_purchase_floors":[2],"current_hp_per_floor":[63,63,61,61,61,61,66,66,66,66,66,65,26,28,50,52],"gold":138,"neow_bonus":"HUNDRED_GOLD","is_prod":false,"is_daily":false,"chose_seed":false,"campfire_upgraded":3,"win_rate":0,"timestamp":1567696926,"path_taken":["M","$","M","$","M","R","?","R","T","R","M","M","E","M","R","BOSS"],"build_version":"2019-07-17","purchased_purges":2,"victory":false,"max_hp_per_floor":[71,71,71,71,71,71,76,76,76,76,76,76,76,76,76,76],"card_choices":[{"not_picked":["Steam","Consume"],"picked":"Conserve Battery","floor":1.0},{"not_picked":["Hello World","Skim"],"picked":"Conserve Battery","floor":3.0},{"not_picked":["Stack","Blizzard"],"picked":"Cold Snap","floor":5.0},{"not_picked":["Sweeping Beam","Streamline"],"picked":"Rainbow","floor":11.0},{"not_picked":["Leap","Barrage"],"picked":"Hologram","floor":12.0},{"not_picked":["Compile Driver","Leap"],"picked":"Fission","floor":13},{"not_picked":["Beam Cell","Barrage","Conserve Battery"],"picked":"SKIP","floor":14}],"player_experience":1098967,"relics_obtained":[{"floor":9.0,"key":"Orichalcum"},{"floor":13,"key":"Blood Vial"}],"event_choices":[{"damage_healed":0.0,"max_hp_gain":5.0,"max_hp_loss":0.0,"gold_gain":0.0,"event_name":"Big Fish","player_choice":"Donut","floor":7.0,"gold_loss":0.0,"damage_taken":0.0}],"is_beta":false,"boss_relics":[],"items_purged_floors":[2,4],"is_endless":false,"potions_floor_spawned":[3,5],"killed_by":"Hexaghost","ascension_level":19}