{"gold_per_floor":[111,129,148,148,148,182,182,182],"floor_reached":8,"playtime":437,"items_purged":[],"score":81,"play_id":"ca1d9d55-9cbf-466e-9406-950f97a647c9","local_time":"20190915114327","is_ascension_mode":false,"campfire_choices":[],"neow_cost":"NONE","seed_source_timestamp":568915201461824,"circlet_count":0,"master_deck":["Strike_R","Strike_R","Strike_R","Strike_R","Defend_R","Defend_R","Defend_R","Bash","Whirlwind","Second Wind"],"relics":["Burning Blood","Strawberry","Omamori"],"potions_floor_usage":[6],"damage_taken":[{"damage":0,"enemies":"Small Slimes","floor":1,"turns":4},{"damage":6,"enemies":"Jaw Worm","floor":2,"turns":3},{"damage":7,"enemies":"2 Louse","floor":3,"turns":3},{"damage":27,"enemies":"Gremlin Nob","floor":6,"turns":4}],"seed_played":"1604211864201598605","potions_obtained":[{"floor":1,"key":"SkillPotion"},{"floor":2,"key":"AttackPotion"},{"floor":6,"key":"Strength Potion"}],"is_trial":false,"path_per_floor":["M","M","M","?","?","E","?","?"],"character_chosen":"IRONCLAD","items_purchased":[],"campfire_rested":0,"item_purchase_floors":[],"current_hp_per_floor":[88,88,87,87,80,66,59,59],"gold":182,"neow_bonus":"TEN_PERCENT_HP_BONUS","is_prod":false,"is_daily":false,"chose_seed":false,"campfire_upgraded":0,"win_rate":0,"timestamp":1568562207,"path_taken":["M","M","M","?","?","E","?","?"],"build_version":"2019-07-17","purchased_purges":0,"victory":false,"max_hp_per_floor":[88,88,88,88,88,95,95,95],"card_choices":[{"not_picked":["Disarm","Armaments"],"picked":"Whirlwind","floor":1},{"not_picked":["True Grit","Anger","Flame Barrier"],"picked":"SKIP","floor":2},{"not_picked":["Cleave","Wild Strike","Flex"],"picked":"SKIP","floor":3},{"not_picked":["Second Wind","Flex","Thunderclap"],"picked":"SKIP","floor":6}],"player_experience":115580,"relics_obtained":[{"floor":6,"key":"Strawberry"}],"event_choices":[{"damage_healed":0,"gold_gain":0,"player_choice":"Ignored","damage_taken":0,"max_hp_gain":0,"max_hp_loss":0,"event_name":"Liars Game","floor":4,"gold_loss":0},{"cards_removed":["Strike_R"],"damage_healed":0,"gold_gain":0,"player_choice":"Card Removal","damage_taken":7,"max_hp_gain":0,"max_hp_loss":0,"event_name":"Golden Wing","floor":5,"gold_loss":0},{"damage_healed":0,"gold_gain":0,"player_choice":"Success","damage_taken":7,"relics_obtained":["Omamori"],"max_hp_gain":0,"max_hp_loss":0,"event_name":"Scrap Ooze","floor":7,"gold_loss":0},{"damage_healed":0,"gold_gain":0,"cards_transformed":["Defend_R"],"player_choice":"Change","damage_taken":0,"max_hp_gain":0,"max_hp_loss":0,"event_name":"Living Wall","floor":8,"gold_loss":0,"cards_obtained":["Second Wind"]}],"is_beta":false,"boss_relics":[],"items_purged_floors":[],"is_endless":false,"potions_floor_spawned":[1,2,6],"ascension_level":0}