{"gold_per_floor":[115,129,143,162,162,194,207,207],"floor_reached":8,"playtime":1216,"items_purged":[],"score":63,"play_id":"2c88c7de-c0f7-4dcb-8f01-d40a0653e495","local_time":"20190918212806","is_ascension_mode":true,"campfire_choices":[],"neow_cost":"NONE","seed_source_timestamp":862421130344113,"circlet_count":0,"master_deck":["Strike_B","Strike_B","Strike_B","Strike_B","Defend_B","Defend_B","Defend_B","Defend_B","Zap","Dualcast","Loop","Coolheaded","Cold Snap","Go for the Eyes"],"relics":["Cracked Core","Strawberry","Bottled Tornado"],"potions_floor_usage":[7,7],"damage_taken":[{"damage":5,"enemies":"Small Slimes","floor":1,"turns":3},{"damage":1,"enemies":"Cultist","floor":2,"turns":4},{"damage":0,"enemies":"2 Louse","floor":3,"turns":3},{"damage":17,"enemies":"Gremlin Gang","floor":4,"turns":7},{"damage":25,"enemies":"3 Sentries","floor":6,"turns":9},{"damage":0,"enemies":"3 Louse","floor":7,"turns":4},{"damage":38,"enemies":"Gremlin Nob","floor":8,"turns":4}],"seed_played":"-2928804955021005976","potions_obtained":[{"floor":3,"key":"SpeedPotion"},{"floor":6,"key":"Fire Potion"}],"is_trial":false,"path_per_floor":["M","M","M","M","?","E","M","E"],"character_chosen":"DEFECT","items_purchased":[],"campfire_rested":0,"item_purchase_floors":[],"current_hp_per_floor":[77,76,76,59,54,29,29,0],"gold":207,"neow_bonus":"TEN_PERCENT_HP_BONUS","is_prod":false,"is_daily":false,"chose_seed":false,"campfire_upgraded":0,"win_rate":0,"timestamp":1568856486,"path_taken":["M","M","M","M","?","E","M","E"],"build_version":"2019-07-17","purchased_purges":0,"victory":false,"max_hp_per_floor":[82,82,82,82,89,89,89,89],"card_choices":[{"not_picked":["Leap","Tempest","Rebound"],"picked":"SKIP","floor":1},{"not_picked":["Sweeping Beam","Leap"],"picked":"Loop","floor":2},{"not_picked":["Melter","Gash"],"picked":"Coolheaded","floor":3},{"not_picked":["Double Energy","Gash"],"picked":"Cold Snap","floor":4},{"not_picked":["Undo","Darkness","Reprogram"],"picked":"SKIP","floor":6},{"not_picked":["Reinforced Body","Compile Driver"],"picked":"Go for the Eyes","floor":7}],"player_experience":221728,"relics_obtained":[{"floor":6,"key":"Bottled Tornado"}],"event_choices":[{"damage_healed":0,"gold_gain":0,"player_choice":"Success","damage_taken":12,"relics_obtained":["Strawberry"],"max_hp_gain":0,"max_hp_loss":0,"event_name":"Scrap Ooze","floor":5,"gold_loss":0}],"is_beta":false,"boss_relics":[],"items_purged_floors":[],"is_endless":false,"potions_floor_spawned":[3,6],"killed_by":"Gremlin Nob","ascension_level":1}