{"gold_per_floor":[113,132,232,242,67,132,132,161,161,215,282,318,318,378,378,508,508,521,521,558,578,159,159,213,213,239,164,164,174,174,200,200,304,304,319,319,419,419,419,419,419],"floor_reached":41,"playtime":1766,"items_purged":[],"score":492,"play_id":"6e9be639-2c23-446a-ae4b-a87ee49477ce","local_time":"20190224234855","is_ascension_mode":true,"campfire_choices":[{"data":"HandOfGreed","floor":7.0,"key":"SMITH"},{"data":"Chill","floor":13.0,"key":"SMITH"},{"data":"Cold Snap","floor":15.0,"key":"SMITH"},{"data":"Creative AI","floor":23,"key":"SMITH"},{"floor":25,"key":"REST"},{"floor":28,"key":"REST"},{"data":"Buffer","floor":32,"key":"SMITH"},{"data":"Cold Snap","floor":40,"key":"SMITH"}],"neow_cost":"NONE","seed_source_timestamp":0,"circlet_count":0,"master_deck":["Strike_B+1","Strike_B+1","Strike_B+1","Strike_B+1","Defend_B+1","Defend_B+1","Defend_B+1","Zap+1","Dualcast","Buffer+1","Self Repair","BootSequence","Cold Snap+1","HandOfGreed+1","Coolheaded","Chill+1","Cold Snap+1","Creative AI+1","Blizzard+1","Mayhem+1","Echo Form"],"special_seed":0,"relics":["FrozenCore","Bag of Preparation","WingedGreaves","Bottled Flame","Bird Faced Urn","Runic Dome","Pantograph","Mercury Hourglass","War Paint","Centennial Puzzle","Unceasing Top"],"potions_floor_usage":[16,21,24,24,33],"damage_taken":[{"damage":3.0,"enemies":"Jaw Worm","floor":1.0,"turns":4.0},{"damage":1.0,"enemies":"Cultist","floor":2.0,"turns":4.0},{"damage":2.0,"enemies":"Small Slimes","floor":4.0,"turns":4.0},{"damage":17.0,"enemies":"3 Sentries","floor":6.0,"turns":11.0},{"damage":29.0,"enemies":"Lagavulin","floor":8.0,"turns":7.0},{"damage":14.0,"enemies":"3 Sentries","floor":10.0,"turns":10.0},{"damage":6.0,"enemies":"Looter","floor":12.0,"turns":3.0},{"damage":0.0,"enemies":"Exordium Wildlife","floor":14.0,"turns":4.0},{"damage":31,"enemies":"The Guardian","floor":16,"turns":14},{"damage":0,"enemies":"Chosen","floor":18,"turns":6},{"damage":7,"enemies":"2 Thieves","floor":20,"turns":4},{"damage":50,"enemies":"3 Cultists","floor":21,"turns":8},{"damage":53,"enemies":"Gremlin Leader","floor":24,"turns":7},{"damage":5,"enemies":"Snecko","floor":29,"turns":5},{"damage":7,"enemies":"Book of Stabbing","floor":31,"turns":7},{"damage":3,"enemies":"Champ","floor":33,"turns":10},{"damage":0,"enemies":"3 Shapes","floor":35,"turns":4},{"damage":34,"enemies":"Mind Bloom Boss Battle","floor":37,"turns":7},{"damage":76,"enemies":"Reptomancer","floor":41,"turns":2}],"seed_played":"5730432537972473307","potions_obtained":[{"floor":1.0,"key":"LiquidBronze"},{"floor":10.0,"key":"Regen Potion"},{"floor":14.0,"key":"Weak Potion"},{"floor":16,"key":"AttackPotion"},{"floor":31,"key":"Strength Potion"},{"floor":35,"key":"Ancient Potion"}],"is_trial":false,"path_per_floor":["M","M","?","M","$","E","R","E","T","E","?","M","R","M","R","B",null,"M","?","M","M","$","R","E","R","T","?","R","M","?","E","R","B",null,"M","?","?","?","?","R","E"],"character_chosen":"DEFECT","items_purchased":["HandOfGreed","Mayhem","Pantograph"],"campfire_rested":2,"item_purchase_floors":[5,22,22],"current_hp_per_floor":[72,71,71,75,75,65,65,43,43,36,36,39,39,50,50,30,75,75,75,75,42,42,42,15,37,37,37,59,69,69,75,75,75,75,75,75,75,75,75,75,0],"gold":419,"neow_bonus":"ONE_RANDOM_RARE_CARD","is_prod":false,"is_daily":false,"chose_seed":false,"campfire_upgraded":6,"win_rate":0,"timestamp":1551073735,"path_taken":["M","M","?","M","?","E","R","E","T","E","?","M","R","M","R","BOSS","M","?","M","M","$","R","E","R","T","?","R","?","?","E","R","BOSS","M","?","?","?","?","R","E"],"build_version":"2019-01-23","purchased_purges":0,"victory":false,"max_hp_per_floor":[75,75,75,75,75,75,75,75,75,75,75,75,75,75,75,75,75,75,75,75,75,75,75,75,75,75,75,75,75,75,75,75,75,75,75,75,75,75,75,75,75],"card_choices":[{"not_picked":["Blizzard","Sweeping Beam"],"picked":"Self Repair","floor":1.0},{"not_picked":["Reprogram","Double Energy"],"picked":"BootSequence","floor":2.0},{"not_picked":["Defragment","Rebound"],"picked":"Cold Snap","floor":4.0},{"not_picked":["Aggregate","Recycle","Compile Driver"],"picked":"SKIP","floor":6.0},{"not_picked":["Static Discharge","Sweeping Beam"],"picked":"Coolheaded","floor":8.0},{"not_picked":["Sunder","Beam Cell"],"picked":"FTL","floor":10.0},{"not_picked":["All For One","Hello World"],"picked":"Chill","floor":12.0},{"not_picked":["Conserve Battery","Coolheaded"],"picked":"Cold Snap","floor":14.0},{"not_picked":["Thunder Strike","Echo Form"],"picked":"Creative AI","floor":16},{"not_picked":["Loop","Undo","BootSequence"],"picked":"SKIP","floor":18},{"not_picked":["Redo+1","Glacier","Darkness+1"],"picked":"SKIP","floor":20},{"not_picked":["Glacier","Static Discharge"],"picked":"Blizzard+1","floor":21},{"not_picked":["Hologram","Doom and Gloom","Ball Lightning+1"],"picked":"SKIP","floor":24},{"not_picked":["Stack+1","Redo","Coolheaded"],"picked":"SKIP","floor":29},{"not_picked":["Darkness","Scrape","Doom and Gloom+1"],"picked":"SKIP","floor":31},{"not_picked":["Seek","Creative AI"],"picked":"Echo Form","floor":33},{"not_picked":["Rebound","Conserve Battery+1","Redo"],"picked":"SKIP","floor":35}],"player_experience":321196,"relics_obtained":[{"floor":6.0,"key":"Bag of Preparation"},{"floor":8.0,"key":"WingedGreaves"},{"floor":9.0,"key":"Bottled Flame"},{"floor":10.0,"key":"Bird Faced Urn"},{"floor":24,"key":"Mercury Hourglass"},{"floor":26,"key":"War Paint"},{"floor":31,"key":"Centennial Puzzle"},{"floor":37,"key":"Unceasing Top"}],"event_choices":[{"damage_healed":0.0,"max_hp_gain":0.0,"max_hp_loss":0.0,"gold_gain":100.0,"event_name":"Wheel of Change","player_choice":"Gold","floor":3.0,"gold_loss":0.0,"damage_taken":0.0},{"damage_healed":0.0,"max_hp_gain":0.0,"max_hp_loss":0.0,"gold_gain":67.0,"event_name":"Golden Wing","player_choice":"Gained Gold","floor":11.0,"gold_loss":0.0,"damage_taken":0.0},{"damage_healed":0,"gold_gain":0,"player_choice":"Ignored","damage_taken":0,"max_hp_gain":0,"max_hp_loss":0,"event_name":"Ghosts","floor":19,"gold_loss":0},{"cards_removed":["Defend_B"],"damage_healed":0,"gold_gain":0,"player_choice":"Gave Gold","damage_taken":0,"max_hp_gain":0,"max_hp_loss":0,"event_name":"Beggar","floor":27,"gold_loss":75},{"damage_healed":0,"gold_gain":0,"player_choice":"Simplicity","damage_taken":0,"max_hp_gain":0,"max_hp_loss":0,"event_name":"Back to Basics","floor":30,"gold_loss":0,"cards_upgraded":["Strike_B","Strike_B","Strike_B","Strike_B","Defend_B","Defend_B"]},{"damage_healed":0,"gold_gain":0,"player_choice":"Ignored","damage_taken":0,"max_hp_gain":0,"max_hp_loss":0,"event_name":"Tomb of Lord Red Mask","floor":36,"gold_loss":0},{"damage_healed":0,"gold_gain":0,"player_choice":"Fight","damage_taken":0,"max_hp_gain":0,"max_hp_loss":0,"event_name":"MindBloom","floor":37,"gold_loss":0},{"cards_removed":["FTL"],"damage_healed":0,"gold_gain":0,"player_choice":"Removed Attack","damage_taken":0,"max_hp_gain":0,"max_hp_loss":0,"event_name":"Falling","floor":38,"gold_loss":0},{"damage_healed":0,"gold_gain":0,"player_choice":"Forge","damage_taken":0,"max_hp_gain":0,"max_hp_loss":0,"event_name":"Accursed Blacksmith","floor":39,"gold_loss":0,"cards_upgraded":["Mayhem"]}],"is_beta":false,"boss_relics":[{"not_picked":["Nuclear Battery","Calling Bell"],"picked":"Runic Dome"},{"not_picked":["Busted Crown","Lizard Tail"],"picked":"FrozenCore"}],"items_purged_floors":[],"is_endless":false,"potions_floor_spawned":[1,10,14,16,31,35],"killed_by":"Reptomancer","ascension_level":1}