{"gold_per_floor":[117,137,137,137,148,179,179,210,210,210,210,228,228,239,239,239],"floor_reached":16,"playtime":522,"items_purged":[],"score":127,"play_id":"664ebe67-13eb-464d-91f0-aaaf5592b87f","local_time":"20190502130817","is_ascension_mode":true,"campfire_choices":[{"data":"Whirlwind","floor":7,"key":"SMITH"},{"floor":11,"key":"REST"},{"floor":15,"key":"REST"}],"neow_cost":"NONE","seed_source_timestamp":25210758557943,"circlet_count":0,"master_deck":["Strike_R","Strike_R","Strike_R","Strike_R+1","Defend_R","Defend_R","Defend_R","Defend_R","Bash","Pommel Strike","Whirlwind+1","Shrug It Off","Cleave","Limit Break","Flex","Disarm"],"relics":["Burning Blood","NeowsBlessing","Pocketwatch","The Courier","Bottled Lightning"],"potions_floor_usage":[8,16,16],"damage_taken":[{"damage":0,"enemies":"Small Slimes","floor":1,"turns":1},{"damage":0,"enemies":"2 Louse","floor":2,"turns":1},{"damage":0,"enemies":"Cultist","floor":5,"turns":1},{"damage":47,"enemies":"3 Sentries","floor":6,"turns":8},{"damage":23,"enemies":"Gremlin Nob","floor":8,"turns":4},{"damage":18,"enemies":"Large Slime","floor":12,"turns":3},{"damage":3,"enemies":"Gremlin Gang","floor":14,"turns":2},{"damage":53,"enemies":"Hexaghost","floor":16,"turns":13}],"seed_played":"7372140295763072909","potions_obtained":[{"floor":2,"key":"PowerPotion"},{"floor":5,"key":"Swift Potion"},{"floor":6,"key":"Explosive Potion"}],"is_trial":false,"path_per_floor":["M","M","?","$","M","E","R","E","T","?","R","M","?","M","R","B"],"character_chosen":"IRONCLAD","items_purchased":[],"campfire_rested":2,"item_purchase_floors":[],"current_hp_per_floor":[80,80,64,64,70,29,29,12,12,12,36,24,24,27,51,0],"gold":239,"neow_bonus":"THREE_ENEMY_KILL","is_prod":false,"is_daily":false,"chose_seed":false,"campfire_upgraded":1,"win_rate":0,"timestamp":1556820497,"path_taken":["M","M","?","$","M","E","R","E","T","?","R","?","?","M","R","BOSS"],"build_version":"2019-01-23","purchased_purges":0,"victory":false,"max_hp_per_floor":[80,80,80,80,80,80,80,80,80,80,80,80,80,80,80,80],"card_choices":[{"not_picked":["Burning Pact","Carnage"],"picked":"Pommel Strike","floor":1},{"not_picked":["Pommel Strike","Shrug It Off"],"picked":"Whirlwind","floor":2},{"not_picked":["Perfected Strike","Heavy Blade"],"picked":"Shrug It Off","floor":5},{"not_picked":["Anger","Rage"],"picked":"Cleave","floor":6},{"not_picked":["Searing Blow","Spot Weakness"],"picked":"Limit Break","floor":8},{"not_picked":["Flame Barrier","Perfected Strike"],"picked":"Flex","floor":12},{"not_picked":["Havoc","Headbutt","Infernal Blade"],"picked":"SKIP","floor":14}],"player_experience":116357,"relics_obtained":[{"floor":6,"key":"Pocketwatch"},{"floor":8,"key":"The Courier"},{"floor":9,"key":"Bottled Lightning"}],"event_choices":[{"damage_healed":0,"gold_gain":0,"player_choice":"Entered Light","damage_taken":16,"max_hp_gain":0,"max_hp_loss":0,"event_name":"Shining Light","floor":3,"gold_loss":0,"cards_upgraded":["Strike_R","Strike_R"]},{"damage_healed":0,"gold_gain":0,"player_choice":"Bought 0 Potions","damage_taken":0,"max_hp_gain":0,"max_hp_loss":0,"event_name":"The Woman in Blue","floor":10,"gold_loss":0},{"damage_healed":0,"gold_gain":0,"cards_transformed":["Strike_R"],"player_choice":"Transformed","damage_taken":0,"max_hp_gain":0,"max_hp_loss":0,"event_name":"Transmorgrifier","floor":13,"gold_loss":0,"cards_obtained":["Disarm"]}],"is_beta":false,"boss_relics":[],"items_purged_floors":[],"is_endless":false,"potions_floor_spawned":[2,5,6],"killed_by":"Hexaghost","ascension_level":3}