{"gold_per_floor":[16,16,31,41,61,61,72,106,106,106,122,47,47,47,47,177,177,190,190,208,208,243,243,243,243,243,257,382,16,16,29,29,149,149,174,190,47,47,172,210,85,421,421,445,445,486,501,545,545,545,545,545,53,88,88],"floor_reached":55,"playtime":5484,"items_purged":["Strike_B","Strike_B","Strike_B"],"score":971,"play_id":"e7a8cac8-cbdf-45ef-9d92-72839199147f","local_time":"20190915133322","is_ascension_mode":true,"campfire_choices":[{"data":"1","floor":6.0,"key":"LIFT"},{"data":"2","floor":10.0,"key":"LIFT"},{"data":"3","floor":13.0,"key":"LIFT"},{"data":"Zap","floor":15.0,"key":"SMITH"},{"data":"Coolheaded","floor":23.0,"key":"SMITH"},{"floor":25.0,"key":"RECALL"},{"data":"Glacier","floor":30.0,"key":"SMITH"},{"floor":32.0,"key":"REST"},{"data":"Defragment","floor":45.0,"key":"SMITH"},{"floor":49.0,"key":"REST"},{"data":"Defragment","floor":52.0,"key":"SMITH"}],"neow_cost":"NO_GOLD","seed_source_timestamp":423331171898260,"circlet_count":0,"master_deck":["Strike_B","Defend_B","Defend_B","Zap+1","Dualcast","Go for the Eyes","Defragment+1","Coolheaded+1","Beam Cell","Gash","All For One","FTL","Injury","Core Surge","Undo","Steam+1","Redo+1","FTL","Go for the Eyes","BootSequence","Glacier+1","Defragment+1","Core Surge","Decay","Pain","Parasite","Beam Cell","Parasite","Capacitor+1","Finesse"],"special_seed":0,"relics":["Cracked Core","Girya","Du-Vu Doll","Golden Idol","Sozu","Nilry\u0027s Codex","Sundial","Red Mask","Blue Candle","Torii","Ornamental Fan","Medical Kit","Calling Bell","Blood Vial","Matryoshka","FossilizedHelix","PreservedInsect","Bird Faced Urn","Strawberry","Old Coin","Ancient Tea Set","StoneCalendar","Oddly Smooth Stone","Happy Flower","Bag of Marbles","Bottled Lightning","Pen Nib"],"potions_floor_usage":[],"damage_taken":[{"damage":2.0,"enemies":"2 Louse","floor":1.0,"turns":2.0},{"damage":5.0,"enemies":"Small Slimes","floor":3.0,"turns":4.0},{"damage":9.0,"enemies":"Jaw Worm","floor":4.0,"turns":4.0},{"damage":4.0,"enemies":"2 Fungi Beasts","floor":5.0,"turns":3.0},{"damage":5.0,"enemies":"Looter","floor":7.0,"turns":4.0},{"damage":14.0,"enemies":"Lagavulin","floor":8.0,"turns":6.0},{"damage":3.0,"enemies":"Large Slime","floor":11.0,"turns":5.0},{"damage":5.0,"enemies":"Hexaghost","floor":16.0,"turns":5.0},{"damage":6.0,"enemies":"3 Byrds","floor":18.0,"turns":3.0},{"damage":2.0,"enemies":"Chosen","floor":20.0,"turns":4.0},{"damage":8.0,"enemies":"Masked Bandits","floor":22.0,"turns":3.0},{"damage":2.0,"enemies":"Centurion and Healer","floor":27.0,"turns":3.0},{"damage":12.0,"enemies":"Colosseum Slavers","floor":28.0,"turns":3.0},{"damage":10.0,"enemies":"Colosseum Nobs","floor":28.0,"turns":3.0},{"damage":1.0,"enemies":"Chosen and Byrds","floor":31.0,"turns":3.0},{"damage":11.0,"enemies":"Collector","floor":33.0,"turns":11.0},{"damage":5.0,"enemies":"3 Shapes","floor":35.0,"turns":3.0},{"damage":1.0,"enemies":"Orb Walker","floor":36.0,"turns":3.0},{"damage":9.0,"enemies":"Mind Bloom Boss Battle","floor":39.0,"turns":4.0},{"damage":17.0,"enemies":"Giant Head","floor":40.0,"turns":5.0},{"damage":6.0,"enemies":"Reptomancer","floor":42.0,"turns":5.0},{"damage":5.0,"enemies":"Writhing Mass","floor":44.0,"turns":6.0},{"damage":22.0,"enemies":"Nemesis","floor":46.0,"turns":5.0},{"damage":1.0,"enemies":"3 Darklings","floor":47.0,"turns":3.0},{"damage":4.0,"enemies":"Giant Head","floor":48.0,"turns":4.0},{"damage":56.0,"enemies":"Time Eater","floor":50.0,"turns":11.0},{"damage":36,"enemies":"Shield and Spear","floor":54,"turns":7},{"damage":58,"enemies":"The Heart","floor":55,"turns":3}],"seed_played":"3694001229337187885","potions_obtained":[{"floor":1.0,"key":"GamblersBrew"},{"floor":4.0,"key":"Swift Potion"},{"floor":8.0,"key":"Regen Potion"},{"floor":11.0,"key":"SmokeBomb"}],"is_trial":false,"path_per_floor":["M","?","M","M","M","R","M","E","T","R","M","$","R","?","R","B",null,"M","?","M","T","?","R","?","R","T","M","?","$","R","M","R","B",null,"M","M","$","?","?","E","$","E","T","M","R","E","M","E","R","B",null,"R","$","E","B"],"character_chosen":"DEFECT","items_purchased":["Glacier","Medical Kit","PreservedInsect","Bag of Marbles","Bottled Lightning","Finesse"],"campfire_rested":2,"item_purchase_floors":[29,29,37,53,53,53],"current_hp_per_floor":[73,73,68,59,55,55,50,36,36,36,33,33,33,33,33,28,75,69,53,63,63,55,55,55,55,55,53,31,31,31,30,52,41,75,70,71,71,71,64,60,60,60,60,61,61,47,52,52,76,28,82,82,82,52,0],"gold":88,"neow_bonus":"ONE_RARE_RELIC","is_prod":false,"is_daily":false,"chose_seed":false,"campfire_upgraded":5,"win_rate":0,"timestamp":1568572402,"path_taken":["M","?","M","M","M","R","M","E","T","R","M","$","R","?","R","BOSS","M","?","M","?","?","R","?","R","T","M","?","$","R","M","R","BOSS","M","M","$","?","?","E","$","E","T","M","R","E","M","E","R","BOSS","R","$","E","BOSS"],"build_version":"2019-07-17","purchased_purges":3,"victory":false,"max_hp_per_floor":[75,75,75,75,75,75,75,75,75,75,75,75,75,75,75,75,75,75,75,75,75,75,75,75,75,75,75,75,75,75,75,75,75,75,75,75,75,75,75,82,82,82,82,82,82,82,82,82,82,82,82,82,82,82,82],"card_choices":[{"not_picked":["Darkness","Hologram"],"picked":"Go for the Eyes","floor":1.0},{"not_picked":["Recycle","Leap"],"picked":"Coolheaded","floor":3.0},{"not_picked":["Stack","Hello World","Turbo"],"picked":"SKIP","floor":4.0},{"not_picked":["Hologram","Coolheaded"],"picked":"Beam Cell","floor":5.0},{"not_picked":["Hologram","Chaos"],"picked":"Gash","floor":7.0},{"not_picked":["Blizzard","Conserve Battery"],"picked":"All For One","floor":8.0},{"not_picked":["Go for the Eyes","Cold Snap"],"picked":"FTL","floor":11.0},{"not_picked":["Meteor Strike","Rainbow"],"picked":"Core Surge","floor":16.0},{"not_picked":["Aggregate","Turbo"],"picked":"Undo","floor":18.0},{"not_picked":["Force Field","Sweeping Beam"],"picked":"Steam+1","floor":20.0},{"not_picked":["Cold Snap+1","Rip and Tear"],"picked":"Redo+1","floor":22.0},{"not_picked":["Sweeping Beam","Storm+1"],"picked":"Go for the Eyes","floor":27.0},{"not_picked":["Compile Driver","Genetic Algorithm"],"picked":"BootSequence","floor":28.0},{"not_picked":["Self Repair","Ball Lightning"],"picked":"Defragment","floor":31.0},{"not_picked":["Meteor Strike","Thunder Strike"],"picked":"Core Surge","floor":33.0},{"not_picked":["Stack","Coolheaded"],"picked":"Beam Cell","floor":35.0},{"not_picked":["Force Field","Genetic Algorithm+1","Glacier"],"picked":"SKIP","floor":36.0},{"not_picked":["Recycle+1","Amplify","Loop"],"picked":"SKIP","floor":40.0},{"not_picked":["Fusion+1","Static Discharge","Cold Snap"],"picked":"SKIP","floor":42.0},{"not_picked":["Redo+1","Aggregate+1","Rebound"],"picked":"SKIP","floor":44.0},{"not_picked":["Barrage+1","Turbo","Hologram"],"picked":"SKIP","floor":46.0},{"not_picked":["Sweeping Beam","Rainbow","Stack"],"picked":"SKIP","floor":47.0},{"not_picked":["Compile Driver","Streamline+1"],"picked":"Capacitor+1","floor":48.0},{"not_picked":["Loop","Core Surge","Reinforced Body+1"],"picked":"SKIP","floor":54}],"player_experience":1268716,"relics_obtained":[{"floor":8.0,"key":"Du-Vu Doll"},{"floor":19.0,"key":"Nilry\u0027s Codex"},{"floor":21.0,"key":"Sundial"},{"floor":22.0,"key":"Red Mask"},{"floor":26.0,"key":"Blue Candle"},{"floor":28.0,"key":"Torii"},{"floor":28.0,"key":"Ornamental Fan"},{"floor":34.0,"key":"Blood Vial"},{"floor":34.0,"key":"Matryoshka"},{"floor":34.0,"key":"FossilizedHelix"},{"floor":39.0,"key":"Bird Faced Urn"},{"floor":40.0,"key":"Strawberry"},{"floor":42.0,"key":"Old Coin"},{"floor":43.0,"key":"Ancient Tea Set"},{"floor":43.0,"key":"StoneCalendar"},{"floor":46.0,"key":"Oddly Smooth Stone"},{"floor":48.0,"key":"Happy Flower"},{"floor":54,"key":"Pen Nib"}],"event_choices":[{"damage_healed":0.0,"max_hp_gain":0.0,"max_hp_loss":0.0,"gold_gain":0.0,"cards_transformed":["Defend_B"],"event_name":"Living Wall","player_choice":"Change","floor":2.0,"gold_loss":0.0,"damage_taken":0.0,"cards_obtained":["Defragment"]},{"damage_healed":0.0,"max_hp_gain":0.0,"max_hp_loss":0.0,"gold_gain":0.0,"event_name":"Golden Idol","player_choice":"Take Wound","floor":14.0,"gold_loss":0.0,"damage_taken":0.0,"relics_obtained":["Golden Idol"],"cards_obtained":["Injury"]},{"damage_healed":0.0,"max_hp_gain":0.0,"max_hp_loss":0.0,"gold_gain":0.0,"event_name":"Cursed Tome","player_choice":"Obtained Book","floor":19.0,"gold_loss":0.0,"damage_taken":16.0},{"damage_healed":0.0,"max_hp_gain":0.0,"max_hp_loss":0.0,"gold_gain":0.0,"event_name":"Masked Bandits","player_choice":"Fought Bandits","floor":22.0,"gold_loss":0.0,"damage_taken":0.0},{"damage_healed":0.0,"max_hp_gain":0.0,"max_hp_loss":0.0,"gold_gain":0.0,"event_name":"The Library","player_choice":"Read","floor":24.0,"gold_loss":0.0,"damage_taken":0.0,"cards_obtained":["FTL"]},{"damage_healed":0.0,"max_hp_gain":0.0,"max_hp_loss":0.0,"gold_gain":0.0,"event_name":"Colosseum","player_choice":"Fight","floor":28.0,"gold_loss":0.0,"damage_taken":0.0},{"damage_healed":0.0,"max_hp_gain":0.0,"max_hp_loss":0.0,"gold_gain":0.0,"event_name":"Colosseum","player_choice":"Fought Nobs","floor":28.0,"gold_loss":0.0,"damage_taken":0.0},{"cards_removed":["Defend_B"],"damage_healed":0.0,"max_hp_gain":0.0,"max_hp_loss":0.0,"gold_gain":0.0,"event_name":"Falling","player_choice":"Removed Skill","floor":38.0,"gold_loss":0.0,"damage_taken":0.0},{"damage_healed":0.0,"max_hp_gain":0.0,"max_hp_loss":0.0,"gold_gain":0.0,"event_name":"MindBloom","player_choice":"Fight","floor":39.0,"gold_loss":0.0,"damage_taken":0.0}],"is_beta":false,"boss_relics":[{"not_picked":["Inserter","Velvet Choker"],"picked":"Sozu"},{"not_picked":["Busted Crown","Empty Cage"],"picked":"Calling Bell"}],"items_purged_floors":[12,29,41],"is_endless":false,"potions_floor_spawned":[1,4,8,11,22,28,31,40,42,44,46,54],"killed_by":"The Heart","ascension_level":1}