{"gold_per_floor":[116,116,116,41,53,53,86,97,121,121,135,55,55,71,71,146,146,164,164,183,218,237,267,267,267,267,79,79,112,112,140,140,213,213,226,326,344,371,371,371,381,412,438,456,456,507,522,26,26,26],"floor_reached":51,"playtime":3348,"items_purged":["Defend_B","Strike_B"],"score":1548,"play_id":"00eebb30-8465-4bcf-8f18-728cfd65d599","local_time":"20190907064952","is_ascension_mode":true,"campfire_choices":[{"data":"Defragment","floor":6.0,"key":"SMITH"},{"data":"Glacier","floor":13.0,"key":"SMITH"},{"floor":15.0,"key":"REST"},{"floor":25.0,"key":"REST"},{"data":"Defragment","floor":28.0,"key":"SMITH"},{"data":"Go for the Eyes","floor":30.0,"key":"SMITH"},{"floor":32.0,"key":"REST"},{"data":"Fission","floor":40.0,"key":"SMITH"},{"data":"Hologram","floor":45.0,"key":"SMITH"},{"data":"Fission","floor":49.0,"key":"SMITH"}],"neow_cost":"NONE","seed_source_timestamp":93461490860088,"circlet_count":0,"master_deck":["AscendersBane","Defend_B+1","Defend_B","Defend_B+1","Zap","Dualcast","Gash","Defragment+1","Coolheaded","Gash","White Noise","Glacier+1","Hologram+1","Hyperbeam","Streamline+1","Electrodynamics+1","Lockon+1","Genetic Algorithm","Undo","Self Repair","Creative AI","Defragment+1","Glacier","Go for the Eyes+1","Seek","Ball Lightning+1","Fission+1","All For One","Pain","Coolheaded+1","Clumsy","Hologram+1","Thunder Strike","Fission+1"],"special_seed":0,"relics":["Cracked Core","NeowsBlessing","DataDisk","Lantern","Bag of Preparation","Nloth\u0027s Gift","Red Mask","Bird Faced Urn","Emotion Chip","Thread and Needle","Dream Catcher","Cursed Key","Nunchaku","Bag of Marbles","Ornamental Fan","Blood Vial","Pocketwatch","Bottled Tornado"],"potions_floor_usage":[50],"damage_taken":[{"damage":0.0,"enemies":"2 Louse","floor":1.0,"turns":1.0},{"damage":0.0,"enemies":"Small Slimes","floor":5.0,"turns":1.0},{"damage":0.0,"enemies":"Lagavulin","floor":7.0,"turns":1.0},{"damage":1.0,"enemies":"Cultist","floor":8.0,"turns":3.0},{"damage":0.0,"enemies":"Looter","floor":11.0,"turns":2.0},{"damage":7.0,"enemies":"Large Slime","floor":14.0,"turns":6.0},{"damage":0.0,"enemies":"The Guardian","floor":16.0,"turns":10.0},{"damage":8.0,"enemies":"2 Thieves","floor":18.0,"turns":3.0},{"damage":21.0,"enemies":"Shell Parasite","floor":20.0,"turns":3.0},{"damage":0.0,"enemies":"Masked Bandits","floor":21.0,"turns":2.0},{"damage":20.0,"enemies":"Shelled Parasite and Fungi","floor":22.0,"turns":4.0},{"damage":11.0,"enemies":"Slavers","floor":23.0,"turns":3.0},{"damage":10.0,"enemies":"Gremlin Leader","floor":29.0,"turns":4.0},{"damage":27.0,"enemies":"Book of Stabbing","floor":31.0,"turns":8.0},{"damage":2.0,"enemies":"Champ","floor":33.0,"turns":11.0},{"damage":4.0,"enemies":"3 Darklings","floor":35.0,"turns":3.0},{"damage":0.0,"enemies":"Mind Bloom Boss Battle","floor":36.0,"turns":7.0},{"damage":0.0,"enemies":"Orb Walker","floor":37.0,"turns":3.0},{"damage":9.0,"enemies":"Maw","floor":41.0,"turns":7.0},{"damage":12.0,"enemies":"Nemesis","floor":42.0,"turns":7.0},{"damage":8.0,"enemies":"Writhing Mass","floor":44.0,"turns":4.0},{"damage":26.0,"enemies":"2 Orb Walkers","floor":46.0,"turns":6.0},{"damage":4.0,"enemies":"Transient","floor":47.0,"turns":6.0},{"damage":24,"enemies":"Donu and Deca","floor":50,"turns":9}],"seed_played":"-1871896713669392728","potions_obtained":[{"floor":3.0,"key":"SneckoOil"},{"floor":3.0,"key":"Fruit Juice"},{"floor":5.0,"key":"Dexterity Potion"},{"floor":14.0,"key":"Ancient Potion"},{"floor":16.0,"key":"Explosive Potion"},{"floor":23.0,"key":"SkillPotion"},{"floor":33.0,"key":"EssenceOfSteel"},{"floor":35.0,"key":"Explosive Potion"},{"floor":41.0,"key":"LiquidBronze"}],"is_trial":false,"path_per_floor":["M","?","?","$","M","R","E","M","T","?","M","$","R","M","R","B",null,"M","?","M","?","M","E","?","R","T","$","R","E","R","E","R","B",null,"M","?","M","T","?","R","M","E","T","M","R","?","M","$","R","B",null],"character_chosen":"DEFECT","items_purchased":["Glacier","Glacier","Bottled Tornado","Thunder Strike","Fission"],"campfire_rested":3,"item_purchase_floors":[12,27,48,48,48],"current_hp_per_floor":[64,43,48,48,48,48,48,47,47,29,29,29,29,22,44,44,68,60,60,39,39,19,15,15,37,37,37,37,35,35,16,38,63,73,76,76,76,76,72,72,72,72,72,72,72,61,72,72,72,59],"gold":26,"neow_bonus":"THREE_ENEMY_KILL","is_prod":false,"is_daily":false,"chose_seed":false,"campfire_upgraded":7,"win_rate":0,"timestamp":1567856992,"path_taken":["M","?","?","$","M","R","E","?","T","?","M","$","R","M","R","BOSS","M","?","?","?","M","E","?","R","T","$","R","E","R","E","R","BOSS","M","?","M","?","?","R","M","E","T","M","R","?","M","$","R","BOSS"],"build_version":"2019-07-17","purchased_purges":2,"victory":true,"max_hp_per_floor":[71,71,76,76,76,76,76,76,76,76,76,76,76,76,76,76,76,76,76,76,76,76,76,76,76,76,76,76,76,76,76,76,76,76,76,76,76,76,72,72,72,72,72,72,72,72,72,72,72,72],"card_choices":[{"not_picked":["Coolheaded","Barrage"],"picked":"Gash","floor":1.0},{"not_picked":["Steam","Tempest"],"picked":"Defragment","floor":5.0},{"not_picked":["FTL","Rebound"],"picked":"Coolheaded","floor":7.0},{"not_picked":["Lockon","Go for the Eyes"],"picked":"Gash","floor":8.0},{"not_picked":["Doom and Gloom","Stack"],"picked":"White Noise","floor":11.0},{"not_picked":["Leap","Redo"],"picked":"Hologram","floor":14.0},{"not_picked":["Buffer","Meteor Strike"],"picked":"Hyperbeam","floor":16.0},{"not_picked":["Steam","Auto Shields"],"picked":"Genetic Algorithm","floor":18.0},{"not_picked":["Hologram","Steam","Streamline"],"picked":"SKIP","floor":20.0},{"not_picked":["Cold Snap","Conserve Battery"],"picked":"Undo","floor":21.0},{"not_picked":["Rebound","Barrage"],"picked":"Self Repair","floor":22.0},{"not_picked":["Beam Cell","Steam Power"],"picked":"Creative AI","floor":23.0},{"not_picked":["Hologram","Sunder"],"picked":"Go for the Eyes","floor":29.0},{"not_picked":["Hello World+1","Redo"],"picked":"Seek","floor":31.0},{"not_picked":["Hologram","Streamline"],"picked":"Ball Lightning+1","floor":32.0},{"not_picked":["Thunder Strike","Machine Learning"],"picked":"Fission","floor":33.0},{"not_picked":["Recycle","Ball Lightning","Consume+1"],"picked":"SKIP","floor":35.0},{"not_picked":["Melter","Steam"],"picked":"All For One","floor":37.0},{"not_picked":["Reinforced Body+1","FTL"],"picked":"Coolheaded+1","floor":41.0},{"not_picked":["Machine Learning","Chill","Doom and Gloom+1"],"picked":"SKIP","floor":42.0},{"not_picked":["Beam Cell","Glacier"],"picked":"Hologram+1","floor":44.0},{"not_picked":["Darkness+1","Turbo","Cold Snap"],"picked":"SKIP","floor":47.0}],"player_experience":1117782,"relics_obtained":[{"floor":7.0,"key":"DataDisk"},{"floor":9.0,"key":"Lantern"},{"floor":21.0,"key":"Red Mask"},{"floor":23.0,"key":"Bird Faced Urn"},{"floor":26.0,"key":"Emotion Chip"},{"floor":29.0,"key":"Thread and Needle"},{"floor":31.0,"key":"Dream Catcher"},{"floor":36.0,"key":"Nunchaku"},{"floor":38.0,"key":"Bag of Marbles"},{"floor":42.0,"key":"Ornamental Fan"},{"floor":43.0,"key":"Blood Vial"},{"floor":46.0,"key":"Pocketwatch"}],"event_choices":[{"damage_healed":0.0,"max_hp_gain":0.0,"max_hp_loss":0.0,"gold_gain":0.0,"event_name":"Shining Light","player_choice":"Entered Light","floor":2.0,"gold_loss":0.0,"damage_taken":21.0,"cards_upgraded":["Defend_B","Defend_B"]},{"damage_healed":0.0,"max_hp_gain":0.0,"max_hp_loss":0.0,"gold_gain":0.0,"event_name":"Lab","player_choice":"Got Potions","floor":3.0,"gold_loss":0.0,"damage_taken":0.0},{"damage_healed":0.0,"max_hp_gain":0.0,"max_hp_loss":0.0,"gold_gain":0.0,"event_name":"Scrap Ooze","player_choice":"Success","floor":10.0,"gold_loss":0.0,"damage_taken":18.0,"relics_obtained":["Bag of Preparation"]},{"damage_healed":0.0,"max_hp_gain":0.0,"max_hp_loss":0.0,"gold_gain":0.0,"event_name":"N\u0027loth","player_choice":"Traded Relic","floor":19.0,"relics_lost":["Astrolabe"],"gold_loss":0.0,"damage_taken":0.0,"relics_obtained":["Nloth\u0027s Gift"]},{"damage_healed":0.0,"max_hp_gain":0.0,"max_hp_loss":0.0,"gold_gain":0.0,"event_name":"Masked Bandits","player_choice":"Fought Bandits","floor":21.0,"gold_loss":0.0,"damage_taken":0.0},{"damage_healed":0.0,"max_hp_gain":0.0,"max_hp_loss":0.0,"gold_gain":0.0,"event_name":"The Library","player_choice":"Read","floor":24.0,"gold_loss":0.0,"damage_taken":0.0,"cards_obtained":["Defragment"]},{"damage_healed":0.0,"max_hp_gain":0.0,"max_hp_loss":0.0,"gold_gain":0.0,"event_name":"MindBloom","player_choice":"Fight","floor":36.0,"gold_loss":0.0,"damage_taken":0.0},{"damage_healed":0.0,"max_hp_gain":0.0,"max_hp_loss":4.0,"gold_gain":0.0,"event_name":"Winding Halls","player_choice":"Max HP","floor":39.0,"gold_loss":0.0,"damage_taken":0.0},{"damage_healed":0.0,"max_hp_gain":0.0,"max_hp_loss":0.0,"gold_gain":0.0,"event_name":"Mysterious Sphere","player_choice":"Fight","floor":46.0,"gold_loss":0.0,"damage_taken":0.0}],"is_beta":false,"boss_relics":[{"not_picked":["Empty Cage","Sozu"],"picked":"Astrolabe"},{"not_picked":["Pandora\u0027s Box","Busted Crown"],"picked":"Cursed Key"}],"items_purged_floors":[4,27],"is_endless":false,"potions_floor_spawned":[5,14,16,21,23,33,35,37,41],"ascension_level":19}