{"gold_per_floor":[111,186,204,219,219,247,46,74,74,74,39,39,49,109,109,214,214,228,255,255,156,172,172,105,132,158,158,158,188,188,23,23,122,122,137,151,151,151,63,63,94,94,121,121,133,133,133,161,161,161],"floor_reached":50,"playtime":1617,"items_purged":["Strike_G"],"score":741,"play_id":"01f28091-1008-4f08-982b-719a5dc3f647","local_time":"20190306232256","is_ascension_mode":true,"campfire_choices":[{"floor":10,"key":"REST"},{"data":"Noxious Fumes","floor":12,"key":"SMITH"},{"floor":15,"key":"REST"},{"data":"Backflip","floor":23,"key":"SMITH"},{"data":"Glass Knife","floor":27,"key":"SMITH"},{"data":"Infinite Blades","floor":28,"key":"SMITH"},{"data":"Backflip","floor":30,"key":"SMITH"},{"floor":32,"key":"REST"},{"data":"Adrenaline","floor":40,"key":"SMITH"},{"floor":46,"key":"REST"},{"floor":49,"key":"REST"}],"neow_cost":"NONE","seed_source_timestamp":691982493898210,"circlet_count":0,"master_deck":["Defend_G","Defend_G","Defend_G+1","Defend_G","Defend_G","Strike_G","Strike_G","Survivor","Neutralize","Crippling Poison","Flying Knee","Poisoned Stab","Poisoned Stab","PiercingWail+1","Noxious Fumes+1","Backstab","Glass Knife+1","Writhe","Shame","Cloak And Dagger+1","PiercingWail","Infinite Blades+1","Backflip+1","Infinite Blades","Backflip+1","Catalyst+1","Good Instincts","Deadly Poison+1","Adrenaline+1","Infinite Blades+1","Good Instincts","Well Laid Plans+1","Shame"],"relics":["Ring of the Snake","NeowsBlessing","Bird Faced Urn","TwistedFunnel","Du-Vu Doll","Tough Bandages","Tiny Chest","Calling Bell","PreservedInsect","Blue Candle","Ice Cream","Bronze Scales","WingedGreaves","Dream Catcher","Lantern","Busted Crown","Oddly Smooth Stone","War Paint","Anchor","Pen Nib"],"potions_floor_usage":[8,8,8,14,48,50,50],"damage_taken":[{"damage":0,"enemies":"2 Louse","floor":1,"turns":1},{"damage":0,"enemies":"Cultist","floor":3,"turns":1},{"damage":0,"enemies":"Jaw Worm","floor":4,"turns":1},{"damage":39,"enemies":"Lagavulin","floor":6,"turns":8},{"damage":0,"enemies":"3 Sentries","floor":8,"turns":4},{"damage":25,"enemies":"Exordium Thugs","floor":13,"turns":4},{"damage":17,"enemies":"Gremlin Nob","floor":14,"turns":4},{"damage":23,"enemies":"The Guardian","floor":16,"turns":10},{"damage":7,"enemies":"Shell Parasite","floor":18,"turns":4},{"damage":10,"enemies":"Spheric Guardian","floor":22,"turns":4},{"damage":6,"enemies":"Slavers","floor":25,"turns":3},{"damage":4,"enemies":"Book of Stabbing","floor":29,"turns":3},{"damage":47,"enemies":"Champ","floor":33,"turns":8},{"damage":16,"enemies":"3 Darklings","floor":35,"turns":3},{"damage":1,"enemies":"3 Shapes","floor":36,"turns":3},{"damage":27,"enemies":"Nemesis","floor":41,"turns":5},{"damage":2,"enemies":"Maw","floor":45,"turns":6},{"damage":19,"enemies":"Reptomancer","floor":48,"turns":4},{"damage":74,"enemies":"Donu and Deca","floor":50,"turns":7}],"seed_played":"7951348903753493994","potions_obtained":[{"floor":3,"key":"Fire Potion"},{"floor":4,"key":"LiquidBronze"},{"floor":6,"key":"Explosive Potion"},{"floor":13,"key":"Swift Potion"},{"floor":18,"key":"Fire Potion"},{"floor":33,"key":"LiquidBronze"},{"floor":36,"key":"Swift Potion"},{"floor":41,"key":"AttackPotion"},{"floor":44,"key":"Dexterity Potion"},{"floor":44,"key":"Dexterity Potion"}],"is_trial":false,"path_per_floor":["M","?","M","M","?","E","$","E","T","R","$","R","M","E","R","B",null,"M","T","?","$","M","R","$","E","T","R","R","E","R","$","R","B",null,"M","M","?","T","$","R","E","?","T","?","M","R","?","E","R","B"],"character_chosen":"THE_SILENT","items_purchased":["TwistedFunnel","Noxious Fumes","PiercingWail","Infinite Blades","Infinite Blades","Good Instincts","Good Instincts"],"campfire_rested":5,"item_purchase_floors":[7,11,21,21,24,31,39],"current_hp_per_floor":[70,63,63,63,63,24,24,24,24,45,45,45,22,7,28,7,54,49,49,49,49,41,41,41,35,35,35,35,35,35,35,56,15,56,46,49,49,49,49,49,30,30,30,30,38,59,59,48,69,0],"gold":161,"neow_bonus":"THREE_ENEMY_KILL","is_prod":false,"is_daily":false,"chose_seed":false,"campfire_upgraded":6,"win_rate":0,"timestamp":1551936176,"path_taken":["M","?","?","M","?","E","?","E","T","R","$","R","?","E","R","BOSS","M","?","?","$","M","R","$","E","T","R","R","E","R","?","R","BOSS","M","?","?","?","$","R","E","?","T","?","?","R","?","E","R","BOSS"],"build_version":"2019-01-23","purchased_purges":1,"victory":false,"max_hp_per_floor":[70,70,70,70,70,70,70,70,70,70,70,70,70,70,70,70,70,70,70,70,70,70,70,70,70,70,70,70,70,70,70,70,70,70,70,70,70,70,70,70,70,70,70,70,70,70,70,70,70,70],"card_choices":[{"not_picked":["Outmaneuver","Tactician"],"picked":"Crippling Poison","floor":1},{"not_picked":["All Out Attack","Accuracy"],"picked":"Flying Knee","floor":3},{"not_picked":["Terror","Bane"],"picked":"Poisoned Stab","floor":4},{"not_picked":["PiercingWail","Prepared"],"picked":"Poisoned Stab","floor":6},{"not_picked":["Flying Knee","Riddle With Holes"],"picked":"PiercingWail","floor":8},{"not_picked":["All Out Attack","Outmaneuver","Choke"],"picked":"SKIP","floor":13},{"not_picked":["Night Terror","Slice"],"picked":"Backstab","floor":14},{"not_picked":["Grand Finale","Malaise"],"picked":"Glass Knife","floor":16},{"not_picked":["Dagger Spray","Tactician"],"picked":"Cloak And Dagger+1","floor":18},{"not_picked":["Dagger Throw+1","Expertise+1"],"picked":"Backflip","floor":22},{"not_picked":["Outmaneuver","Prepared"],"picked":"Backflip","floor":25},{"not_picked":["Crippling Poison","Flechettes"],"picked":"Catalyst+1","floor":29},{"not_picked":["Outmaneuver","Terror"],"picked":"Deadly Poison+1","floor":32},{"not_picked":["Burst","Malaise"],"picked":"Adrenaline","floor":33},{"not_picked":[],"picked":"Infinite Blades+1","floor":35},{"not_picked":["Heel Hook+1"],"picked":"SKIP","floor":36},{"not_picked":[],"picked":"Well Laid Plans+1","floor":41},{"not_picked":["Predator"],"picked":"SKIP","floor":45},{"not_picked":["Dagger Spray+1"],"picked":"SKIP","floor":48}],"player_experience":333407,"relics_obtained":[{"floor":6,"key":"Bird Faced Urn"},{"floor":8,"key":"Du-Vu Doll"},{"floor":9,"key":"Tough Bandages"},{"floor":14,"key":"Tiny Chest"},{"floor":17,"key":"PreservedInsect"},{"floor":17,"key":"Blue Candle"},{"floor":17,"key":"Ice Cream"},{"floor":19,"key":"Bronze Scales"},{"floor":25,"key":"WingedGreaves"},{"floor":26,"key":"Dream Catcher"},{"floor":29,"key":"Lantern"},{"floor":38,"key":"Oddly Smooth Stone"},{"floor":41,"key":"War Paint"},{"floor":43,"key":"Anchor"},{"floor":48,"key":"Pen Nib"}],"event_choices":[{"damage_healed":0,"gold_gain":75,"player_choice":"Touch","damage_taken":7,"max_hp_gain":0,"max_hp_loss":0,"event_name":"FaceTrader","floor":2,"gold_loss":0},{"cards_removed":["Strike_G"],"damage_healed":0,"gold_gain":0,"player_choice":"Purged","damage_taken":0,"max_hp_gain":0,"max_hp_loss":0,"event_name":"Purifier","floor":5,"gold_loss":0},{"damage_healed":0,"gold_gain":0,"player_choice":"Ignored","damage_taken":0,"max_hp_gain":0,"max_hp_loss":0,"event_name":"Ghosts","floor":20,"gold_loss":0},{"damage_healed":0,"gold_gain":0,"player_choice":"Memory 1","damage_taken":0,"max_hp_gain":0,"max_hp_loss":0,"event_name":"SensoryStone","floor":37,"gold_loss":0},{"cards_removed":["Strike_G"],"damage_healed":0,"gold_gain":0,"player_choice":"Removed Attack","damage_taken":0,"max_hp_gain":0,"max_hp_loss":0,"event_name":"Falling","floor":42,"gold_loss":0},{"damage_healed":0,"gold_gain":0,"player_choice":"Got Potions","damage_taken":0,"max_hp_gain":0,"max_hp_loss":0,"event_name":"Lab","floor":44,"gold_loss":0},{"damage_healed":0,"gold_gain":0,"cards_transformed":["Pain"],"player_choice":"Transformed","damage_taken":0,"max_hp_gain":0,"max_hp_loss":0,"event_name":"Transmorgrifier","floor":47,"gold_loss":0,"cards_obtained":["Shame"]}],"is_beta":false,"boss_relics":[{"not_picked":["Snecko Eye","Lizard Tail"],"picked":"Calling Bell"},{"not_picked":["Sozu","Pandora\u0027s Box"],"picked":"Busted Crown"}],"items_purged_floors":[31],"is_endless":false,"potions_floor_spawned":[3,4,6,13,18,33,36,41],"killed_by":"Donu and Deca","ascension_level":5}