{"gold_per_floor":[116,116,131,131,150,150,150,150,200,200,200,15,35,35,35,35],"floor_reached":16,"playtime":242,"items_purged":[],"score":172,"play_id":"a6952609-9d0f-47de-ad97-ea5e1ab3ed2d","local_time":"20190905103021","is_ascension_mode":true,"campfire_choices":[{"data":"Hologram","floor":6.0,"key":"SMITH"},{"floor":8.0,"key":"REST"},{"data":"Apotheosis","floor":15,"key":"SMITH"}],"neow_cost":"PERCENT_DAMAGE","seed_source_timestamp":35409355716842,"circlet_count":0,"master_deck":["AscendersBane","Strike_B","Strike_B","Strike_B","Strike_B","Defend_B","Defend_B+1","Defend_B","Defend_B+1","Zap","Dualcast","Fission","Hologram+1","Auto Shields","Coolheaded","Parasite","Apotheosis+1"],"special_seed":0,"relics":["Cracked Core","Omamori","Symbiotic Virus"],"potions_floor_usage":[],"damage_taken":[{"damage":6.0,"enemies":"2 Louse","floor":1.0,"turns":3.0},{"damage":0.0,"enemies":"Small Slimes","floor":3.0,"turns":4.0},{"damage":0.0,"enemies":"Cultist","floor":5.0,"turns":3.0},{"damage":12,"enemies":"2 Fungi Beasts","floor":13,"turns":3},{"damage":0,"enemies":"Slime Boss","floor":16,"turns":1}],"seed_played":"-2023859075390847264","potions_obtained":[{"floor":1.0,"key":"SpeedPotion"},{"floor":3.0,"key":"Fruit Juice"}],"is_trial":false,"path_per_floor":["M","?","M","?","M","R","?","R","T","?","T","$","M","$","R","B"],"character_chosen":"DEFECT","items_purchased":["Apotheosis"],"campfire_rested":1,"item_purchase_floors":[12],"current_hp_per_floor":[40,19,24,24,24,24,43,65,65,65,65,65,53,53,53,53],"gold":35,"neow_bonus":"THREE_RARE_CARDS","is_prod":false,"is_daily":false,"chose_seed":false,"campfire_upgraded":2,"win_rate":0,"timestamp":1567697421,"path_taken":["M","?","M","?","M","R","?","R","T","?","?","$","M","$","R","BOSS"],"build_version":"2019-07-17","purchased_purges":0,"victory":false,"max_hp_per_floor":[71,71,76,76,76,76,76,76,76,76,76,76,76,76,76,76],"card_choices":[{"not_picked":["Rainbow","Reboot"],"picked":"Fission","floor":0.0},{"not_picked":["Heatsinks","Recycle"],"picked":"Hologram","floor":1.0},{"not_picked":["Steam","Streamline"],"picked":"Auto Shields","floor":3.0},{"not_picked":["Doom and Gloom","Aggregate"],"picked":"Coolheaded","floor":5.0},{"not_picked":["Hello World","Sweeping Beam","Compile Driver"],"picked":"SKIP","floor":13}],"player_experience":1099535,"relics_obtained":[{"floor":9.0,"key":"Omamori"},{"floor":11,"key":"Symbiotic Virus"}],"event_choices":[{"damage_healed":0.0,"max_hp_gain":0.0,"max_hp_loss":0.0,"gold_gain":0.0,"event_name":"Shining Light","player_choice":"Entered Light","floor":2.0,"gold_loss":0.0,"damage_taken":21.0,"cards_upgraded":["Defend_B","Defend_B"]},{"damage_healed":0.0,"max_hp_gain":0.0,"max_hp_loss":0.0,"gold_gain":0.0,"event_name":"Liars Game","player_choice":"Ignored","floor":4.0,"gold_loss":0.0,"damage_taken":0.0},{"damage_healed":19.0,"max_hp_gain":0.0,"max_hp_loss":0.0,"gold_gain":0.0,"event_name":"Mushrooms","player_choice":"Healed and dodged fight","floor":7.0,"gold_loss":0.0,"damage_taken":0.0,"cards_obtained":["Parasite"]},{"damage_healed":0,"gold_gain":0,"player_choice":"Searched \u00270\u0027 times","damage_taken":0,"max_hp_gain":0,"max_hp_loss":0,"event_name":"Dead Adventurer","floor":10,"gold_loss":0}],"is_beta":false,"boss_relics":[],"items_purged_floors":[],"is_endless":false,"potions_floor_spawned":[1,3],"killed_by":"Slime Boss","ascension_level":19}