{"gold_per_floor":[14,24,42,54,54,54,70,84,84,102,113,113,125,139,139,238,238,228,16,32,32],"floor_reached":21,"playtime":1441,"items_purged":["Scrape"],"score":279,"play_id":"1e2364a7-8500-4dbf-b757-706277c6a85d","local_time":"20181105202418","is_ascension_mode":false,"campfire_choices":[{"data":"Beam Cell","floor":6,"key":"SMITH"},{"data":"Buffer","floor":15,"key":"SMITH"}],"neow_cost":"NO_GOLD","seed_source_timestamp":0,"circlet_count":0,"master_deck":["Strike_B","Strike_B","Strike_B","Strike_B","Defend_B","Defend_B","Defend_B","Defend_B","Zap","Dualcast","Conserve Battery","Beam Cell+1","Auto Shields","Ball Lightning","Turbo","Steam","Turbo","Pain","Buffer+1","Sweeping Beam","Fission","Redo","Skim","Sunder"],"special_seed":0,"relics":["Cracked Core","Letter Opener","WarpedTongs","Nuclear Battery"],"potions_floor_usage":[5,16,16,16],"damage_taken":[{"damage":0,"enemies":"2 Louse","floor":1,"turns":2},{"damage":1,"enemies":"Cultist","floor":2,"turns":3},{"damage":0,"enemies":"Small Slimes","floor":3,"turns":4},{"damage":8,"enemies":"Exordium Wildlife","floor":4,"turns":5},{"damage":3,"enemies":"2 Fungi Beasts","floor":7,"turns":4},{"damage":6,"enemies":"Gremlin Gang","floor":8,"turns":5},{"damage":2,"enemies":"Exordium Thugs","floor":10,"turns":3},{"damage":0,"enemies":"Blue Slaver","floor":11,"turns":3},{"damage":12,"enemies":"3 Louse","floor":13,"turns":3},{"damage":7,"enemies":"2 Fungi Beasts","floor":14,"turns":2},{"damage":35,"enemies":"The Guardian","floor":16,"turns":10},{"damage":12,"enemies":"2 Thieves","floor":18,"turns":4},{"damage":80,"enemies":"Chosen","floor":20,"turns":8},{"damage":12,"enemies":"3 Cultists","floor":21,"turns":2}],"seed_played":"-7679383704870269598","potions_obtained":[{"floor":3,"key":"GamblersBrew"},{"floor":5,"key":"Swift Potion"},{"floor":5,"key":"Fruit Juice"},{"floor":5,"key":"LiquidBronze"},{"floor":16,"key":"Dexterity Potion"},{"floor":20,"key":"SpeedPotion"}],"is_trial":false,"path_per_floor":["M","M","M","M","?","R","M","M","T","M","M","?","M","M","R","B",null,"M","$","M","M"],"character_chosen":"DEFECT","items_purchased":["Skim","FairyPotion"],"campfire_rested":0,"item_purchase_floors":[19,19],"current_hp_per_floor":[75,74,74,66,71,71,68,62,62,60,60,60,48,41,41,6,80,68,68,8,0],"gold":32,"neow_bonus":"THREE_RARE_CARDS","is_prod":false,"is_daily":false,"chose_seed":false,"campfire_upgraded":2,"win_rate":0.0,"timestamp":1541471058,"path_taken":["M","M","M","M","?","R","M","M","T","?","M","?","M","M","R","BOSS","M","$","M","M"],"build_version":"2018-11-01","purchased_purges":1,"victory":false,"max_hp_per_floor":[75,75,75,75,80,80,80,80,80,80,80,80,80,80,80,80,80,80,80,80,80],"card_choices":[{"not_picked":["Electrodynamics","Meteor Strike"],"picked":"Machine Learning","floor":0.0},{"not_picked":["Conserve Battery","Barrage"],"picked":"Scrape","floor":1},{"not_picked":["White Noise","Steam"],"picked":"Conserve Battery","floor":2},{"not_picked":["Multi-Cast","Heatsinks"],"picked":"Beam Cell","floor":3},{"not_picked":["Reprogram","Undo"],"picked":"Auto Shields","floor":4},{"not_picked":["Sweeping Beam","Capacitor"],"picked":"Ball Lightning","floor":7},{"not_picked":["Compile Driver","Sweeping Beam"],"picked":"Turbo","floor":8},{"not_picked":["Consume","Blizzard"],"picked":"Steam","floor":10},{"not_picked":["Ball Lightning","Gash"],"picked":"Turbo","floor":11},{"not_picked":["Coolheaded","Heatsinks"],"picked":"Buffer","floor":13},{"not_picked":["Barrage","Beam Cell"],"picked":"Sweeping Beam","floor":14},{"not_picked":["Thunder Strike","Buffer"],"picked":"Fission","floor":16},{"not_picked":["Blizzard","Conserve Battery"],"picked":"Redo","floor":18},{"not_picked":["Redo","BootSequence"],"picked":"Sunder","floor":20}],"player_experience":16952,"relics_obtained":[{"floor":9,"key":"Letter Opener"}],"event_choices":[{"damage_healed":0,"gold_gain":0,"player_choice":"Got Potions","damage_taken":0,"max_hp_gain":0,"max_hp_loss":0,"event_name":"Lab","floor":5,"gold_loss":0},{"damage_healed":0,"gold_gain":0,"player_choice":"Rummage","damage_taken":0,"relics_obtained":["WarpedTongs"],"max_hp_gain":0,"max_hp_loss":0,"event_name":"Accursed Blacksmith","floor":12,"gold_loss":0,"cards_obtained":["Pain"]}],"is_beta":false,"boss_relics":[{"not_picked":["Busted Crown","Astrolabe"],"picked":"Nuclear Battery"}],"items_purged_floors":[19],"is_endless":false,"potions_floor_spawned":[3,8,11,14,16,20],"killed_by":"3 Cultists","ascension_level":0}