{"gold_per_floor":[114,129,429,263,278,278,278,278,278,293,368,368,120,135,135,135],"floor_reached":16,"playtime":483,"items_purged":["Regret"],"score":90,"play_id":"fa95df66-ff7d-46af-bff4-e8d27a56e5aa","local_time":"20190414033618","daily_mods":["Heirloom","Blue Cards","Binary"],"is_ascension_mode":false,"campfire_choices":[{"data":"Seeing Red","floor":6,"key":"SMITH"},{"data":"1","floor":8,"key":"LIFT"},{"data":"2","floor":15,"key":"LIFT"}],"neow_cost":"","seed_source_timestamp":0,"circlet_count":0,"master_deck":["Strike_R","Strike_R","Strike_R","Strike_R","Strike_R","Defend_R","Defend_R","Defend_R","Defend_R","Bash","Shrug It Off","Seeing Red","Shrug It Off","Seeing Red+1","Feel No Pain","Iron Wave","Static Discharge","Self Repair","Gash"],"special_seed":18000,"relics":["Burning Blood","Charon\u0027s Ashes","Old Coin","Girya","The Courier","Du-Vu Doll","ClockworkSouvenir"],"potions_floor_usage":[16],"damage_taken":[{"damage":15,"enemies":"Jaw Worm","floor":1,"turns":5},{"damage":12,"enemies":"Small Slimes","floor":2,"turns":4},{"damage":8,"enemies":"2 Louse","floor":5,"turns":4},{"damage":4,"enemies":"Large Slime","floor":10,"turns":7},{"damage":13,"enemies":"Lots of Slimes","floor":14,"turns":3},{"damage":55,"enemies":"The Guardian","floor":16,"turns":9}],"seed_played":"-6873937662443283493","potions_obtained":[{"floor":5,"key":"Explosive Potion"}],"is_trial":false,"path_per_floor":["M","M","?","$","M","R","T","R","T","M","?","T","$","M","R","B"],"character_chosen":"IRONCLAD","items_purchased":["Shrug It Off","Seeing Red","Static Discharge","Self Repair","ClockworkSouvenir"],"campfire_rested":0,"item_purchase_floors":[4,4,13,13,13],"current_hp_per_floor":[71,65,65,65,63,63,63,63,63,65,54,54,54,54,54,0],"gold":135,"neow_bonus":"","is_prod":false,"is_daily":true,"chose_seed":false,"campfire_upgraded":1,"win_rate":0,"timestamp":1555230978,"path_taken":["M","M","?","$","M","R","?","R","T","M","?","?","?","?","R","BOSS"],"build_version":"2019-01-23","purchased_purges":1,"victory":false,"max_hp_per_floor":[80,80,80,80,80,80,80,80,80,80,80,80,80,80,80,80],"card_choices":[{"not_picked":["Warcry"],"picked":"Shrug It Off","floor":1},{"not_picked":["Sword Boomerang"],"picked":"Seeing Red","floor":2},{"not_picked":["Infernal Blade"],"picked":"Feel No Pain","floor":5},{"not_picked":["Headbutt"],"picked":"Iron Wave","floor":10},{"not_picked":["Buffer"],"picked":"Gash","floor":14}],"player_experience":52823,"relics_obtained":[{"floor":7,"key":"Girya"},{"floor":9,"key":"The Courier"},{"floor":12,"key":"Du-Vu Doll"}],"event_choices":[{"damage_healed":0,"gold_gain":0,"player_choice":"Box","damage_taken":0,"relics_obtained":["Old Coin"],"max_hp_gain":0,"max_hp_loss":0,"event_name":"Big Fish","floor":3,"gold_loss":0,"cards_obtained":["Regret"]},{"damage_healed":0,"gold_gain":75,"player_choice":"Gather Gold","damage_taken":11,"max_hp_gain":0,"max_hp_loss":0,"event_name":"World of Goop","floor":11,"gold_loss":0}],"is_beta":false,"boss_relics":[],"items_purged_floors":[4],"is_endless":false,"potions_floor_spawned":[5],"killed_by":"The Guardian","ascension_level":0}