{"gold_per_floor":[119,134,134,144,35,64,76,106,406,419,419,445,445,480,480,480],"floor_reached":16,"playtime":2824,"items_purged":[],"score":120,"play_id":"196084da-f2b3-465f-83db-fc3f0007342d","local_time":"20190913171209","is_ascension_mode":false,"campfire_choices":[{"data":"Entrench","floor":13,"key":"SMITH"},{"data":"Bloodletting","floor":15,"key":"SMITH"}],"neow_cost":"NONE","seed_source_timestamp":413449114957091,"circlet_count":0,"master_deck":["Strike_R","Strike_R","Strike_R","Strike_R","Defend_R","Defend_R","Defend_R","Defend_R","Bash","Headbutt+1","Shockwave","Flex","Dramatic Entrance","Warcry","Flex","Entrench+1","True Grit","Bloodletting+1","Battle Trance"],"relics":["Burning Blood","Pantograph","Peace Pipe","Old Coin","Frozen Egg 2","Pocketwatch"],"potions_floor_usage":[12,12,14,14,16],"damage_taken":[{"damage":2,"enemies":"2 Louse","floor":1,"turns":4},{"damage":6,"enemies":"Cultist","floor":2,"turns":3},{"damage":6,"enemies":"Small Slimes","floor":4,"turns":3},{"damage":26,"enemies":"Gremlin Nob","floor":6,"turns":5},{"damage":9,"enemies":"Red Slaver","floor":7,"turns":3},{"damage":30,"enemies":"Exordium Thugs","floor":10,"turns":6},{"damage":18,"enemies":"3 Sentries","floor":12,"turns":6},{"damage":11,"enemies":"Gremlin Nob","floor":14,"turns":5},{"damage":53,"enemies":"The Guardian","floor":16,"turns":17}],"seed_played":"-8173329686095102767","potions_obtained":[{"floor":10,"key":"EntropicBrew"},{"floor":14,"key":"Weak Potion"}],"is_trial":false,"path_per_floor":["M","M","?","M","$","E","M","?","T","M","?","E","R","E","R","B"],"character_chosen":"IRONCLAD","items_purchased":["Dramatic Entrance","Warcry"],"campfire_rested":0,"item_purchase_floors":[5,5],"current_hp_per_floor":[88,88,88,88,88,68,65,65,65,41,41,29,29,24,24,0],"gold":480,"neow_bonus":"TEN_PERCENT_HP_BONUS","is_prod":false,"is_daily":false,"chose_seed":false,"campfire_upgraded":2,"win_rate":0.0,"timestamp":1568409129,"path_taken":["M","M","?","M","?","E","M","?","T","M","?","E","R","E","R","BOSS"],"build_version":"2019-07-17","purchased_purges":0,"victory":false,"max_hp_per_floor":[88,88,88,88,88,88,88,88,88,88,88,88,88,88,88,88],"card_choices":[{"not_picked":["Heavy Blade","Iron Wave"],"picked":"Headbutt","floor":1},{"not_picked":["Warcry","Flex"],"picked":"Shockwave","floor":2},{"not_picked":["Rupture","Limit Break"],"picked":"Flex","floor":4},{"not_picked":["Perfected Strike","Rage"],"picked":"Flex","floor":6},{"not_picked":["Cleave","Rampage"],"picked":"Entrench","floor":7},{"not_picked":["Entrench","True Grit","Anger"],"picked":"SKIP","floor":10},{"not_picked":["Spot Weakness","Body Slam"],"picked":"Bloodletting","floor":12},{"not_picked":["Carnage","Perfected Strike"],"picked":"Battle Trance","floor":14}],"player_experience":34700,"relics_obtained":[{"floor":6,"key":"Pantograph"},{"floor":9,"key":"Old Coin"},{"floor":12,"key":"Frozen Egg 2"},{"floor":14,"key":"Pocketwatch"}],"event_choices":[{"damage_healed":0,"gold_gain":0,"player_choice":"Upgraded","damage_taken":0,"max_hp_gain":0,"max_hp_loss":0,"event_name":"Upgrade Shrine","floor":3,"gold_loss":0,"cards_upgraded":["Headbutt"]},{"damage_healed":0,"gold_gain":30,"player_choice":"Searched \u00272\u0027 times","damage_taken":0,"relics_obtained":["Peace Pipe"],"max_hp_gain":0,"max_hp_loss":0,"event_name":"Dead Adventurer","floor":8,"gold_loss":0},{"damage_healed":0,"gold_gain":0,"cards_transformed":["Strike_R"],"player_choice":"Transformed","damage_taken":0,"max_hp_gain":0,"max_hp_loss":0,"event_name":"Transmorgrifier","floor":11,"gold_loss":0,"cards_obtained":["True Grit"]}],"is_beta":false,"boss_relics":[],"items_purged_floors":[],"is_endless":false,"potions_floor_spawned":[10,14],"killed_by":"The Guardian","ascension_level":0}