{"gold_per_floor":[114,129,144,71,86,86,101,131,156,171,171,201,216,231,231,331,331,346,346,346,361,161,161,161,436,436,436,466,481,481,511,511,511],"floor_reached":33,"playtime":1289,"items_purged":[],"score":322,"play_id":"06c58f51-a63b-4699-9c04-fd39c810a595","local_time":"20190713014557","daily_mods":["Cursed Run","Green Cards","Elite Swarm"],"is_ascension_mode":false,"campfire_choices":[{"data":"Flex","floor":6.0,"key":"SMITH"},{"floor":15.0,"key":"REST"},{"floor":23.0,"key":"REST"},{"floor":27.0,"key":"REST"},{"floor":32.0,"key":"REST"}],"neow_cost":"","seed_source_timestamp":0,"circlet_count":0,"master_deck":["Strike_R","Strike_R","Defend_R","Defend_R","Defend_R","Bash","Crippling Poison","Backflip","Flex+1","Footwork","Outmaneuver","Dash","Corpse Explosion","Injury","Seeing Red","Deflect","Deadly Poison","Demon Form","Corpse Explosion+1","Seeing Red+1","Bane+1","Backflip","Decay","Demon Form","Flex+1","After Image"],"special_seed":18087,"relics":["Cursed Key","Darkstone Periapt","Du-Vu Doll","Gambling Chip","Centennial Puzzle","Omamori","Astrolabe","Sling","Question Card","Bottled Flame","Red Mask","Anchor"],"potions_floor_usage":[],"damage_taken":[{"damage":0.0,"enemies":"Cultist","floor":1.0,"turns":4.0},{"damage":0.0,"enemies":"Small Slimes","floor":2.0,"turns":3.0},{"damage":1.0,"enemies":"Jaw Worm","floor":3.0,"turns":4.0},{"damage":4.0,"enemies":"Lots of Slimes","floor":5.0,"turns":3.0},{"damage":7.0,"enemies":"3 Louse","floor":7.0,"turns":3.0},{"damage":14.0,"enemies":"Lagavulin","floor":8.0,"turns":6.0},{"damage":3.0,"enemies":"Looter","floor":10.0,"turns":3.0},{"damage":27.0,"enemies":"Gremlin Nob","floor":12.0,"turns":4.0},{"damage":0.0,"enemies":"Exordium Wildlife","floor":13.0,"turns":1.0},{"damage":0.0,"enemies":"Lots of Slimes","floor":14.0,"turns":1.0},{"damage":54.0,"enemies":"Slime Boss","floor":16.0,"turns":11.0},{"damage":30.0,"enemies":"3 Byrds","floor":18.0,"turns":3.0},{"damage":27.0,"enemies":"Spheric Guardian","floor":21.0,"turns":4.0},{"damage":24.0,"enemies":"Book of Stabbing","floor":28.0,"turns":4.0},{"damage":4.0,"enemies":"Centurion and Healer","floor":29.0,"turns":2.0},{"damage":33.0,"enemies":"Masked Bandits","floor":30.0,"turns":5.0},{"damage":15.0,"enemies":"Gremlin Leader","floor":31.0,"turns":5.0},{"damage":41,"enemies":"Champ","floor":33,"turns":7}],"seed_played":"5181335540580506732","potions_obtained":[{"floor":2.0,"key":"Weak Potion"},{"floor":8.0,"key":"PowerPotion"},{"floor":13.0,"key":"Block Potion"},{"floor":14.0,"key":"PowerPotion"},{"floor":18.0,"key":"FearPotion"},{"floor":29.0,"key":"PowerPotion"},{"floor":31.0,"key":"SteroidPotion"}],"is_trial":false,"path_per_floor":["M","M","M","$","M","R","M","E","T","M","?","E","M","M","R","B",null,"M","?","?","M","$","R","$","?","T","R","E","M","?","E","R","B"],"character_chosen":"IRONCLAD","items_purchased":["Footwork","Sling"],"campfire_rested":4,"item_purchase_floors":[4,22],"current_hp_per_floor":[80,80,79,79,75,75,68,54,60,57,57,30,30,30,55,1,86,56,56,56,29,29,54,54,54,60,87,63,59,26,11,38,0],"gold":511,"neow_bonus":"","is_prod":false,"is_daily":true,"chose_seed":false,"campfire_upgraded":1,"win_rate":0,"timestamp":1563000357,"path_taken":["M","M","M","$","M","R","M","E","T","M","?","E","?","M","R","BOSS","M","?","?","M","$","R","$","?","T","R","E","?","?","E","R","BOSS"],"build_version":"2019-07-05","purchased_purges":0,"victory":false,"max_hp_per_floor":[80,80,80,80,80,80,80,80,86,86,86,86,86,86,86,86,86,86,86,86,86,86,86,86,86,92,92,92,92,92,92,92,92],"card_choices":[{"not_picked":["Underhanded Strike","Rupture"],"picked":"Crippling Poison","floor":1.0},{"not_picked":["Shrug It Off","True Grit"],"picked":"Backflip","floor":2.0},{"not_picked":["Wraith Form v2","Armaments"],"picked":"Flex","floor":3.0},{"not_picked":["Infernal Blade","Prepared"],"picked":"Outmaneuver","floor":5.0},{"not_picked":["Intimidate","Skewer"],"picked":"Dash","floor":7.0},{"not_picked":["Berserk","Dark Embrace"],"picked":"Corpse Explosion","floor":8.0},{"not_picked":["Armaments","Intimidate"],"picked":"Seeing Red","floor":10.0},{"not_picked":["Wraith Form v2","Immolate","Offering"],"picked":"SKIP","floor":12.0},{"not_picked":["Expertise","Dash"],"picked":"Deflect","floor":13.0},{"not_picked":["Anger","Disarm"],"picked":"Deadly Poison","floor":14.0},{"not_picked":["Envenom","Barricade"],"picked":"Demon Form","floor":16.0},{"not_picked":["Disarm","Intimidate"],"picked":"Bane+1","floor":18.0},{"not_picked":["Concentrate","Outmaneuver"],"picked":"Backflip","floor":21.0},{"not_picked":["Double Tap","Barricade","Bullet Time"],"picked":"Demon Form","floor":28.0},{"not_picked":["Endless Agony+1","Pummel","Blade Dance"],"picked":"Flex+1","floor":29.0},{"not_picked":["Bludgeon","Night Terror","Tools of the Trade"],"picked":"After Image","floor":31.0}],"player_experience":129525,"relics_obtained":[{"floor":8.0,"key":"Gambling Chip"},{"floor":9.0,"key":"Centennial Puzzle"},{"floor":12.0,"key":"Omamori"},{"floor":26.0,"key":"Question Card"},{"floor":28.0,"key":"Bottled Flame"},{"floor":30.0,"key":"Red Mask"},{"floor":31.0,"key":"Anchor"}],"event_choices":[{"cards_removed":["Strike_R"],"damage_healed":0.0,"max_hp_gain":0.0,"max_hp_loss":0.0,"gold_gain":0.0,"event_name":"Purifier","player_choice":"Purged","floor":11.0,"gold_loss":0.0,"damage_taken":0.0},{"damage_healed":0.0,"max_hp_gain":0.0,"max_hp_loss":0.0,"gold_gain":0.0,"event_name":"Vampires","player_choice":"Ignored","floor":19.0,"gold_loss":0.0,"damage_taken":0.0},{"cards_removed":["Clash"],"damage_healed":0.0,"max_hp_gain":0.0,"max_hp_loss":0.0,"gold_gain":0.0,"event_name":"Back to Basics","player_choice":"Elegance","floor":20.0,"gold_loss":0.0,"damage_taken":0.0},{"damage_healed":0.0,"max_hp_gain":0.0,"max_hp_loss":0.0,"gold_gain":275.0,"event_name":"Golden Shrine","player_choice":"Desecrate","floor":25.0,"gold_loss":0.0,"damage_taken":0.0,"cards_obtained":["Regret"]},{"damage_healed":0.0,"max_hp_gain":0.0,"max_hp_loss":0.0,"gold_gain":0.0,"event_name":"Masked Bandits","player_choice":"Fought Bandits","floor":30.0,"gold_loss":0.0,"damage_taken":0.0}],"is_beta":false,"boss_relics":[{"not_picked":["Black Star","Busted Crown"],"picked":"Astrolabe"}],"items_purged_floors":[],"is_endless":false,"potions_floor_spawned":[2,8,13,14,18,29,30,31],"killed_by":"Champ","ascension_level":0}