{"path_per_floor":["M","M","M","M","M","E","?","M","T","R","?","E","M","M","R","B",null,"M","?","M","$","?","E","M","R","T","M","R","$","R","M","R","B",null,"M","M","?","M","M","R","M","?","T","M","M","M","$","M","R"],"character_chosen":"THE_SILENT","items_purchased":["Bottled Lightning","Anchor","Sadistic Nature","Pear","Noxious Fumes"],"gold_per_floor":[118,134,149,169,184,216,216,234,279,279,279,317,340,360,360,486,486,510,510,530,67,67,102,115,115,115,134,134,34,34,52,52,178,178,198,223,223,237,257,257,278,611,611,626,646,666,8,19,19,19],"floor_reached":50,"campfire_rested":6,"playtime":2180,"current_hp_per_floor":[70,68,68,61,57,48,31,27,27,48,36,20,20,18,39,22,70,57,57,47,47,47,30,15,36,36,34,34,34,34,34,55,15,70,65,52,52,34,27,48,46,46,46,31,21,11,21,9,33,0],"items_purged":["Writhe","Strike_G","Defend_G"],"gold":19,"score":509,"play_id":"50e35a72-47e8-4521-8754-abba7a782161","local_time":"20180416100535","is_prod":false,"is_daily":false,"chose_seed":false,"is_ascension_mode":false,"campfire_upgraded":2,"timestamp":1523891135,"path_taken":["M","M","M","M","M","E","?","M","T","R","?","E","M","M","R","BOSS","M","?","?","$","?","E","M","R","T","M","R","?","R","M","R","BOSS","M","M","?","M","M","R","M","?","T","?","?","M","$","M","R","BOSS"],"build_version":"2018-04-12","seed_source_timestamp":1983356489893202,"purchased_purges":3,"victory":false,"master_deck":["Defend_G","Defend_G","Defend_G","Defend_G","Strike_G","Strike_G+1","Strike_G+1","Survivor","Neutralize","Flying Knee","Poisoned Stab","Deadly Poison","Backflip","Sucker Punch","Noxious Fumes","Adrenaline+1","Corpse Explosion+1","Flying Knee","Sucker Punch","Neutralize","Backflip+1","Footwork","Deadly Poison+1","PiercingWail+1","Escape Plan+1","Bane+1","Malaise+1","Sadistic Nature","Noxious Fumes","Footwork"],"max_hp_per_floor":[70,70,70,70,70,70,70,70,70,70,70,70,70,70,70,70,70,70,70,70,70,70,70,70,70,70,70,70,70,70,70,70,70,70,70,70,70,70,70,70,70,70,70,70,70,70,80,80,80,80],"relics":["Ring of the Snake","Toolbox","Prayer Wheel","Snake Skull","Whetstone","Lizard Tail","Shuriken","Bottled Lightning","Anchor","Blue Candle","Bottled Tornado","Velvet Choker","Orichalcum","Pear"],"card_choices":[{"not_picked":["Deadly Poison","Bouncing Flask"],"picked":"Flying Knee","floor":1},{"not_picked":["Bane","Underhanded Strike"],"picked":"Poisoned Stab","floor":2},{"not_picked":["Terror","Predator"],"picked":"Deadly Poison","floor":4},{"not_picked":["Poisoned Stab","All Out Attack"],"picked":"Backflip","floor":5},{"not_picked":["Well Laid Plans","Dodge and Roll"],"picked":"Sucker Punch","floor":6},{"not_picked":["Catalyst","Bane"],"picked":"Noxious Fumes","floor":8},{"not_picked":["Riddle With Holes","Well Laid Plans"],"picked":"Adrenaline","floor":13},{"not_picked":["Tools of the Trade","Die Die Die"],"picked":"Corpse Explosion","floor":16},{"not_picked":["Finisher","Sucker Punch"],"picked":"Flying Knee","floor":20},{"not_picked":["Crippling Poison","Poisoned Stab"],"picked":"Backflip","floor":23},{"not_picked":["Accuracy","Flying Knee"],"picked":"Footwork","floor":24},{"not_picked":["Outmaneuver","Dagger Throw"],"picked":"Deadly Poison","floor":26},{"not_picked":["Dagger Spray","Flying Knee"],"picked":"PiercingWail","floor":35},{"not_picked":["Phantasmal Killer","Deadly Poison"],"picked":"Escape Plan","floor":38},{"not_picked":["Doppelganger","Dagger Throw"],"picked":"Bane","floor":41},{"not_picked":["Prepared","Accuracy"],"picked":"Malaise","floor":44},{"not_picked":["Skewer","Accuracy"],"picked":"Footwork","floor":48}],"player_experience":198039,"potions_floor_usage":[6,12,23,24,33,33,44,46,50,50],"damage_taken":[{"damage":0,"enemies":"Jaw Worm","floor":1,"turns":7},{"damage":2,"enemies":"Small Slimes","floor":2,"turns":3},{"damage":0,"enemies":"2 Louse","floor":3,"turns":3},{"damage":7,"enemies":"Large Slime","floor":4,"turns":8},{"damage":4,"enemies":"Looter","floor":5,"turns":3},{"damage":9,"enemies":"3 Sentries","floor":6,"turns":9},{"damage":4,"enemies":"Blue Slaver","floor":8,"turns":4},{"damage":16,"enemies":"Gremlin Nob","floor":12,"turns":4},{"damage":0,"enemies":"Large Slime","floor":13,"turns":4},{"damage":2,"enemies":"Looter","floor":14,"turns":3},{"damage":21,"enemies":"The Guardian","floor":16,"turns":9},{"damage":13,"enemies":"Shell Parasite","floor":18,"turns":6},{"damage":10,"enemies":"Chosen","floor":20,"turns":4},{"damage":17,"enemies":"Book of Stabbing","floor":23,"turns":4},{"damage":15,"enemies":"Snake Plant","floor":24,"turns":4},{"damage":2,"enemies":"Centurion and Healer","floor":27,"turns":4},{"damage":0,"enemies":"Chosen and Byrds","floor":31,"turns":4},{"damage":82,"enemies":"Collector","floor":33,"turns":8},{"damage":5,"enemies":"3 Shapes","floor":35,"turns":4},{"damage":13,"enemies":"Orb Walker","floor":36,"turns":4},{"damage":18,"enemies":"Maw","floor":38,"turns":7},{"damage":7,"enemies":"Sphere and 2 Shapes","floor":39,"turns":6},{"damage":2,"enemies":"4 Shapes","floor":41,"turns":6},{"damage":21,"enemies":"3 Darklings","floor":44,"turns":4},{"damage":10,"enemies":"Maw","floor":45,"turns":8},{"damage":10,"enemies":"Sphere and 2 Shapes","floor":46,"turns":6},{"damage":12,"enemies":"4 Shapes","floor":48,"turns":5},{"damage":44,"enemies":"Donu and Deca","floor":50,"turns":7}],"event_choices":[{"event_name":"Golden Idol","player_choice":"Take Damage","floor":7,"damage_taken":0},{"event_name":"Scrap Ooze","player_choice":"success","floor":11,"damage_taken":12},{"event_name":"The Mausoleum","player_choice":"Yes","floor":19,"damage_taken":0},{"event_name":"Match and Keep!","player_choice":"2 cards matched","floor":22,"damage_taken":0},{"event_name":"Mysterious Sphere","player_choice":"Ignore","floor":37,"damage_taken":0},{"event_name":"The Moai Head","player_choice":"Gave Idol","floor":42,"damage_taken":0}],"boss_relics":[{"not_picked":["Philosopher\u0027s Stone","Runic Dome"],"picked":"Lizard Tail"},{"not_picked":["Pandora\u0027s Box","Astrolabe"],"picked":"Velvet Choker"}],"potions_floor_spawned":[2,4,5,12,13,16,24,27,31,33,36,41,45,46],"seed_played":"9104917226692346570","killed_by":"Donu and Deca","ascension_level":0,"is_trial":false}