{"gold_per_floor":[116,191,191,191,210,210,229,229,279,297,310,326,79,93,93,93],"floor_reached":16,"playtime":497,"items_purged":["Strike_R"],"score":188,"play_id":"eeceaf3a-7eed-4418-8327-0ad3e20ef6f4","local_time":"20190918090535","is_ascension_mode":true,"campfire_choices":[{"data":"Dark Embrace","floor":6.0,"key":"SMITH"},{"floor":8.0,"key":"REST"},{"data":"Pommel Strike","floor":15.0,"key":"SMITH"}],"neow_cost":"TEN_PERCENT_HP_LOSS","seed_source_timestamp":0,"circlet_count":0,"master_deck":["AscendersBane","Strike_R","Strike_R","Strike_R","Strike_R","Defend_R","Defend_R","Defend_R","Defend_R","Bash","Dark Embrace+1","Shockwave+1","Corruption","Pommel Strike+1"],"special_seed":0,"relics":["Burning Blood","Toxic Egg 2","Blood Vial","Orichalcum","Lantern"],"potions_floor_usage":[16,16],"damage_taken":[{"damage":7.0,"enemies":"Cultist","floor":1.0,"turns":4.0},{"damage":14.0,"enemies":"Jaw Worm","floor":5.0,"turns":4.0},{"damage":10.0,"enemies":"2 Louse","floor":7.0,"turns":3.0},{"damage":13.0,"enemies":"Blue Slaver","floor":10.0,"turns":5.0},{"damage":6.0,"enemies":"Looter","floor":11.0,"turns":4.0},{"damage":7.0,"enemies":"2 Fungi Beasts","floor":12.0,"turns":4.0},{"damage":0.0,"enemies":"Gremlin Gang","floor":14.0,"turns":3.0},{"damage":77,"enemies":"Slime Boss","floor":16,"turns":9}],"seed_played":"-1784570640906174747","potions_obtained":[{"floor":1.0,"key":"Explosive Potion"},{"floor":11.0,"key":"PowerPotion"},{"floor":12.0,"key":"Dexterity Potion"},{"floor":14.0,"key":"GamblersBrew"}],"is_trial":false,"path_per_floor":["M","?","?","T","M","R","M","R","T","M","M","M","$","M","R","B"],"character_chosen":"IRONCLAD","items_purchased":["Lantern"],"campfire_rested":1,"item_purchase_floors":[13],"current_hp_per_floor":[67,56,45,45,39,39,37,57,57,52,54,55,55,63,63,0],"gold":93,"neow_bonus":"THREE_RARE_CARDS","is_prod":false,"is_daily":false,"chose_seed":false,"campfire_upgraded":2,"win_rate":0,"timestamp":1568815535,"path_taken":["M","?","?","?","M","R","M","R","T","M","M","?","$","M","R","BOSS"],"build_version":"2019-07-17","purchased_purges":1,"victory":false,"max_hp_per_floor":[68,68,68,68,68,68,68,68,68,68,68,68,68,68,68,68],"card_choices":[{"not_picked":["Berserk","Barricade"],"picked":"Dark Embrace","floor":0.0},{"not_picked":["Evolve","Perfected Strike","Warcry"],"picked":"SKIP","floor":1.0},{"not_picked":["Power Through+1","Sever Soul","Pummel"],"picked":"SKIP","floor":5.0},{"not_picked":["Inflame","Twin Strike"],"picked":"Shockwave+1","floor":7.0},{"not_picked":["Clash","Perfected Strike","Havoc+1"],"picked":"SKIP","floor":10.0},{"not_picked":["Warcry+1","Seeing Red+1"],"picked":"Corruption","floor":11.0},{"not_picked":["Whirlwind","Corruption"],"picked":"Pommel Strike","floor":12.0},{"not_picked":["Blood for Blood","Sword Boomerang","Havoc+1"],"picked":"SKIP","floor":14.0}],"player_experience":1344246,"relics_obtained":[{"floor":4.0,"key":"Blood Vial"},{"floor":9.0,"key":"Orichalcum"}],"event_choices":[{"damage_healed":0.0,"max_hp_gain":0.0,"max_hp_loss":0.0,"gold_gain":75.0,"event_name":"World of Goop","player_choice":"Gather Gold","floor":2.0,"gold_loss":0.0,"damage_taken":11.0},{"damage_healed":0.0,"max_hp_gain":0.0,"max_hp_loss":0.0,"gold_gain":0.0,"event_name":"Scrap Ooze","player_choice":"Success","floor":3.0,"gold_loss":0.0,"damage_taken":11.0,"relics_obtained":["Toxic Egg 2"]}],"is_beta":false,"boss_relics":[],"items_purged_floors":[13],"is_endless":false,"potions_floor_spawned":[1,11,12,14],"killed_by":"Slime Boss","ascension_level":20}