{"gold_per_floor":[119,119,139,58,68,103,103,137,137,152,152,152,168,168,168,267,267,286,286,95,111,111,111,111],"floor_reached":24,"playtime":1016,"items_purged":["Strike_G"],"score":298,"play_id":"c166773f-01c9-4bfe-96d0-fca868a97073","local_time":"20190331192844","is_ascension_mode":true,"campfire_choices":[{"data":"Bullet Time","floor":7,"key":"SMITH"},{"floor":12,"key":"REST"},{"data":"Choke","floor":15,"key":"SMITH"}],"neow_cost":"NONE","seed_source_timestamp":185323590107906,"circlet_count":0,"master_deck":["Defend_G","Defend_G","Defend_G","Defend_G","Defend_G","Strike_G","Strike_G","Strike_G","Strike_G","Survivor","Neutralize","Bullet Time+1","Backflip","Choke+1","Well Laid Plans","Dash+1","Dagger Spray","Leg Sweep","Footwork","Venomology","Acrobatics","Crippling Poison","The Bomb"],"relics":["Ring of the Snake","Mercury Hourglass","Shuriken","The Courier","White Beast Statue"],"potions_floor_usage":[16,16,22,24,24,24],"damage_taken":[{"damage":0,"enemies":"Cultist","floor":1,"turns":5},{"damage":2,"enemies":"Jaw Worm","floor":3,"turns":7},{"damage":6,"enemies":"2 Louse","floor":5,"turns":3},{"damage":24,"enemies":"Gremlin Nob","floor":6,"turns":4},{"damage":0,"enemies":"3 Sentries","floor":8,"turns":6},{"damage":8,"enemies":"Blue Slaver","floor":10,"turns":3},{"damage":0,"enemies":"3 Louse","floor":13,"turns":3},{"damage":5,"enemies":"The Guardian","floor":16,"turns":11},{"damage":26,"enemies":"Spheric Guardian","floor":18,"turns":6},{"damage":8,"enemies":"Shell Parasite","floor":21,"turns":3},{"damage":28,"enemies":"Colosseum Slavers","floor":22,"turns":7},{"damage":9,"enemies":"Book of Stabbing","floor":24,"turns":7}],"seed_played":"-1965245718234186160","potions_obtained":[{"floor":6,"key":"Energy Potion"},{"floor":8,"key":"SkillPotion"},{"floor":10,"key":"FairyPotion"},{"floor":18,"key":"FearPotion"},{"floor":21,"key":"Poison Potion"}],"is_trial":false,"path_per_floor":["M","$","M","$","M","E","R","E","T","M","?","R","M","?","R","B",null,"M","?","$","M","?","?","E"],"character_chosen":"THE_SILENT","items_purchased":["Well Laid Plans","The Bomb"],"campfire_rested":1,"item_purchase_floors":[4,20],"current_hp_per_floor":[63,63,61,61,55,31,31,31,31,23,23,44,44,49,49,44,67,41,41,41,33,5,5,0],"gold":111,"neow_bonus":"ONE_RANDOM_RARE_CARD","is_prod":false,"is_daily":false,"chose_seed":false,"campfire_upgraded":2,"win_rate":0,"timestamp":1554031724,"path_taken":["M","$","M","$","M","E","R","E","T","?","?","R","M","?","R","BOSS","M","?","$","M","?","?","E"],"build_version":"2019-01-23","purchased_purges":1,"victory":false,"max_hp_per_floor":[70,70,70,70,70,70,70,70,70,70,70,70,70,75,75,75,75,75,75,75,75,75,75,75],"card_choices":[{"not_picked":["Cloak And Dagger","Reflex"],"picked":"Backflip","floor":1},{"not_picked":["Masterful Stab","Predator"],"picked":"Choke","floor":3},{"not_picked":["Heel Hook","Blade Dance","Endless Agony"],"picked":"SKIP","floor":5},{"not_picked":["Quick Slash","Dodge and Roll"],"picked":"Dash","floor":6},{"not_picked":["Bane","Skewer"],"picked":"Dagger Spray","floor":8},{"not_picked":["Prepared","PiercingWail"],"picked":"Leg Sweep","floor":10},{"not_picked":["Dagger Throw","Slice"],"picked":"Footwork","floor":13},{"not_picked":["Glass Knife","Unload"],"picked":"Venomology","floor":16},{"not_picked":["Blade Dance+1","Outmaneuver"],"picked":"Acrobatics","floor":18},{"not_picked":["Backflip","Blade Dance","Bane"],"picked":"SKIP","floor":21}],"player_experience":712624,"relics_obtained":[{"floor":6,"key":"Mercury Hourglass"},{"floor":8,"key":"Shuriken"},{"floor":9,"key":"The Courier"}],"event_choices":[{"damage_healed":0,"gold_gain":0,"player_choice":"Ignored","damage_taken":0,"max_hp_gain":0,"max_hp_loss":0,"event_name":"Shining Light","floor":11,"gold_loss":0},{"damage_healed":0,"gold_gain":0,"player_choice":"Donut","damage_taken":0,"max_hp_gain":5,"max_hp_loss":0,"event_name":"Big Fish","floor":14,"gold_loss":0},{"damage_healed":0,"gold_gain":0,"player_choice":"Read","damage_taken":0,"max_hp_gain":0,"max_hp_loss":0,"event_name":"The Library","floor":19,"gold_loss":0,"cards_obtained":["Crippling Poison"]},{"damage_healed":0,"gold_gain":0,"player_choice":"Fight","damage_taken":0,"max_hp_gain":0,"max_hp_loss":0,"event_name":"Colosseum","floor":22,"gold_loss":0},{"damage_healed":0,"gold_gain":0,"player_choice":"Fled From Nobs","damage_taken":0,"max_hp_gain":0,"max_hp_loss":0,"event_name":"Colosseum","floor":22,"gold_loss":0},{"damage_healed":0,"gold_gain":0,"player_choice":"Forge","damage_taken":0,"max_hp_gain":0,"max_hp_loss":0,"event_name":"Accursed Blacksmith","floor":23,"gold_loss":0,"cards_upgraded":["Dash"]}],"is_beta":false,"boss_relics":[{"not_picked":["Lizard Tail","Calling Bell"],"picked":"White Beast Statue"}],"items_purged_floors":[20],"is_endless":false,"potions_floor_spawned":[6,8,10,13,18,21,22],"killed_by":"Book of Stabbing","ascension_level":6}