{"gold_per_floor":[112,126,139,139,158,169,169,185,208,240,259,275,275,287,287,382,382,401,417,417,430,13,13,103,113,113,113,126,126,126,226,226,328,328,345,245,345,49,60,60,0,17,17,17,45,45,61,61,61,61],"floor_reached":51,"playtime":4053,"items_purged":["Strike_R","Strike_R"],"score":706,"play_id":"aafea6a2-2944-4531-9335-947456fba407","local_time":"20190520193942","is_ascension_mode":false,"campfire_choices":[{"data":"Infernal Blade","floor":7,"key":"SMITH"},{"data":"1","floor":13,"key":"LIFT"},{"data":"2","floor":15,"key":"LIFT"},{"data":"3","floor":23,"key":"LIFT"},{"data":"Limit Break","floor":27,"key":"SMITH"},{"data":"Armaments","floor":32,"key":"SMITH"},{"data":"Limit Break","floor":40,"key":"SMITH"},{"data":"Demon Form","floor":44,"key":"SMITH"},{"data":"Battle Trance","floor":49,"key":"SMITH"}],"neow_cost":"NONE","seed_source_timestamp":205836379527487,"circlet_count":0,"master_deck":["Strike_R","Defend_R","Defend_R","Defend_R","Defend_R","Bash","Infernal Blade+1","Iron Wave","Pommel Strike","Battle Trance+1","Iron Wave","Demon Form+1","Intimidate","Iron Wave","Limit Break+1","Whirlwind","Feed","Armaments+1","Reaper","Double Tap","Limit Break+1","True Grit+1","Armaments+1","Infernal Blade+1"],"relics":["Burning Blood","Blood Vial","Girya","Sozu","Juzu Bracelet","ClockworkSouvenir","Bird Faced Urn","Enchiridion","Nunchaku","Pantograph","Busted Crown","Gambling Chip","Unceasing Top","Red Mask","Ornamental Fan","Dream Catcher"],"potions_floor_usage":[6,10,16,31],"damage_taken":[{"damage":1,"enemies":"Cultist","floor":1,"turns":3},{"damage":0,"enemies":"Small Slimes","floor":2,"turns":2},{"damage":8,"enemies":"Jaw Worm","floor":3,"turns":6},{"damage":6,"enemies":"Lots of Slimes","floor":5,"turns":7},{"damage":6,"enemies":"Red Slaver","floor":6,"turns":4},{"damage":8,"enemies":"3 Louse","floor":8,"turns":3},{"damage":6,"enemies":"Lagavulin","floor":10,"turns":6},{"damage":0,"enemies":"Large Slime","floor":11,"turns":6},{"damage":5,"enemies":"Looter","floor":12,"turns":2},{"damage":1,"enemies":"2 Fungi Beasts","floor":14,"turns":3},{"damage":38,"enemies":"Hexaghost","floor":16,"turns":9},{"damage":19,"enemies":"Spheric Guardian","floor":18,"turns":4},{"damage":2,"enemies":"3 Byrds","floor":19,"turns":5},{"damage":7,"enemies":"3 Cultists","floor":21,"turns":3},{"damage":5,"enemies":"Chosen and Byrds","floor":25,"turns":3},{"damage":21,"enemies":"Snake Plant","floor":28,"turns":3},{"damage":4,"enemies":"Colosseum Slavers","floor":31,"turns":2},{"damage":10,"enemies":"Colosseum Nobs","floor":31,"turns":4},{"damage":17,"enemies":"Automaton","floor":33,"turns":6},{"damage":10,"enemies":"Orb Walker","floor":35,"turns":3},{"damage":2,"enemies":"Mind Bloom Boss Battle","floor":37,"turns":3},{"damage":5,"enemies":"3 Shapes","floor":39,"turns":3},{"damage":4,"enemies":"Transient","floor":42,"turns":5},{"damage":0,"enemies":"Giant Head","floor":45,"turns":5},{"damage":5,"enemies":"Maw","floor":47,"turns":4},{"damage":40,"enemies":"Time Eater","floor":50,"turns":7}],"seed_played":"1193965449652042362","potions_obtained":[{"floor":1,"key":"Ancient Potion"},{"floor":2,"key":"Weak Potion"},{"floor":3,"key":"SteroidPotion"},{"floor":14,"key":"SpeedPotion"}],"is_trial":false,"path_per_floor":["M","M","M","?","M","M","R","M","T","E","M","M","R","M","R","B",null,"M","M","?","M","$","R","?","M","T","R","M","?","?","?","R","B",null,"M","$","?","$","M","R","?","M","T","R","E","?","M","?","R","B",null],"character_chosen":"IRONCLAD","items_purchased":["Juzu Bracelet","ClockworkSouvenir","Unceasing Top"],"campfire_rested":0,"item_purchase_floors":[22,22,38],"current_hp_per_floor":[80,80,78,78,78,78,78,76,76,78,80,80,80,80,80,48,80,67,73,73,77,77,77,61,67,67,67,65,65,49,85,85,78,89,86,86,89,89,89,89,89,89,89,89,89,89,89,85,85,52],"gold":61,"neow_bonus":"REMOVE_CARD","is_prod":false,"is_daily":false,"chose_seed":false,"campfire_upgraded":6,"win_rate":0.0,"timestamp":1558406382,"path_taken":["M","?","M","?","M","M","R","M","T","E","?","M","R","?","R","BOSS","M","M","?","?","?","R","?","M","T","R","M","?","?","?","R","BOSS","M","$","?","$","M","R","?","M","T","R","E","?","M","?","R","BOSS"],"build_version":"2019-01-23","purchased_purges":2,"victory":true,"max_hp_per_floor":[80,80,80,80,80,80,80,80,80,80,80,80,80,80,80,80,80,80,80,80,83,83,83,83,86,86,86,89,89,89,89,89,89,89,89,89,89,89,89,89,89,89,89,89,89,89,89,85,85,85],"card_choices":[{"not_picked":["Warcry","Carnage"],"picked":"Infernal Blade","floor":1},{"not_picked":["Corruption","Clothesline","Warcry"],"picked":"SKIP","floor":2},{"not_picked":["Clash","Power Through"],"picked":"Shrug It Off","floor":3},{"not_picked":["Dropkick","Clothesline"],"picked":"Pommel Strike","floor":5},{"not_picked":["Body Slam","Clothesline"],"picked":"Battle Trance","floor":6},{"not_picked":["Heavy Blade","Thunderclap"],"picked":"Iron Wave","floor":8},{"not_picked":["Perfected Strike","Anger","Clothesline"],"picked":"SKIP","floor":10},{"not_picked":["Flex","Anger"],"picked":"Demon Form","floor":11},{"not_picked":["Warcry","Sword Boomerang"],"picked":"Intimidate","floor":12},{"not_picked":["Carnage","Body Slam"],"picked":"Iron Wave","floor":14},{"not_picked":["Juggernaut","Berserk"],"picked":"Limit Break","floor":16},{"not_picked":["Infernal Blade","True Grit+1","Feel No Pain"],"picked":"SKIP","floor":18},{"not_picked":["Combust","Flex+1","Warcry"],"picked":"SKIP","floor":19},{"not_picked":["Clash","Flex"],"picked":"Armaments","floor":21},{"not_picked":["Cleave+1","Anger+1"],"picked":"Reaper","floor":25},{"not_picked":["Carnage+1","Flex","Body Slam"],"picked":"SKIP","floor":28},{"not_picked":["Body Slam+1","Bloodletting"],"picked":"Double Tap","floor":31},{"not_picked":["Feed","Brutality"],"picked":"Limit Break","floor":33},{"not_picked":[],"picked":"True Grit+1","floor":35},{"not_picked":[],"picked":"Armaments+1","floor":37},{"not_picked":["Clash"],"picked":"SKIP","floor":39},{"not_picked":[],"picked":"Infernal Blade+1","floor":42},{"not_picked":["Anger"],"picked":"SKIP","floor":45},{"not_picked":["Clothesline"],"picked":"SKIP","floor":47}],"player_experience":23241,"relics_obtained":[{"floor":9,"key":"Blood Vial"},{"floor":10,"key":"Girya"},{"floor":26,"key":"Bird Faced Urn"},{"floor":30,"key":"Enchiridion"},{"floor":31,"key":"Nunchaku"},{"floor":31,"key":"Pantograph"},{"floor":37,"key":"Gambling Chip"},{"floor":43,"key":"Ornamental Fan"},{"floor":45,"key":"Dream Catcher"}],"event_choices":[{"cards_removed":["Shrug It Off"],"damage_healed":0,"gold_gain":0,"player_choice":"Took Card","damage_taken":0,"max_hp_gain":0,"max_hp_loss":0,"event_name":"NoteForYourself","floor":4,"gold_loss":0,"cards_obtained":["Iron Wave"]},{"damage_healed":0,"gold_gain":0,"player_choice":"2 cards matched","damage_taken":0,"max_hp_gain":0,"max_hp_loss":0,"event_name":"Match and Keep!","floor":20,"gold_loss":0,"cards_obtained":["Whirlwind","Feed"]},{"damage_healed":0,"gold_gain":90,"player_choice":"GOLD ","damage_taken":16,"max_hp_gain":0,"max_hp_loss":0,"event_name":"Knowing Skull","floor":24,"potions_obtained":[],"gold_loss":0,"cards_obtained":[]},{"cards_removed":["Strike_R"],"damage_healed":0,"gold_gain":0,"player_choice":"Elegance","damage_taken":0,"max_hp_gain":0,"max_hp_loss":0,"event_name":"Back to Basics","floor":29,"gold_loss":0},{"damage_healed":0,"gold_gain":0,"player_choice":"Obtained Book","damage_taken":16,"max_hp_gain":0,"max_hp_loss":0,"event_name":"Cursed Tome","floor":30,"gold_loss":0},{"damage_healed":0,"gold_gain":0,"player_choice":"Fight","damage_taken":0,"max_hp_gain":0,"max_hp_loss":0,"event_name":"Colosseum","floor":31,"gold_loss":0},{"damage_healed":0,"gold_gain":0,"player_choice":"Fought Nobs","damage_taken":0,"max_hp_gain":0,"max_hp_loss":0,"event_name":"Colosseum","floor":31,"gold_loss":0},{"damage_healed":0,"gold_gain":0,"player_choice":"Fight","damage_taken":0,"max_hp_gain":0,"max_hp_loss":0,"event_name":"MindBloom","floor":37,"gold_loss":0},{"damage_healed":0,"gold_gain":0,"player_choice":"Paid","damage_taken":0,"relics_obtained":["Red Mask"],"max_hp_gain":0,"max_hp_loss":0,"event_name":"Tomb of Lord Red Mask","floor":41,"gold_loss":60},{"damage_healed":0,"gold_gain":0,"player_choice":"Got Potions","damage_taken":0,"max_hp_gain":0,"max_hp_loss":0,"event_name":"Lab","floor":46,"gold_loss":0},{"damage_healed":0,"gold_gain":0,"player_choice":"Max HP","damage_taken":0,"max_hp_gain":0,"max_hp_loss":4,"event_name":"Winding Halls","floor":48,"gold_loss":0}],"is_beta":false,"boss_relics":[{"not_picked":["Runic Cube","Runic Pyramid"],"picked":"Sozu"},{"not_picked":["Lizard Tail","Tiny House"],"picked":"Busted Crown"}],"items_purged_floors":[22,36],"is_endless":false,"potions_floor_spawned":[1,2,3,14,21,31,31,33,37,39,45],"ascension_level":0}