{"gold_per_floor":[366,291,291,307,320,354,354,383,383,383,417,417,417],"floor_reached":13,"playtime":755,"items_purged":["Defend_R"],"score":111,"play_id":"2216c653-9cb8-4c0b-918e-155ad52445d7","local_time":"20190419002645","is_ascension_mode":true,"campfire_choices":[{"floor":7,"key":"REST"},{"floor":10,"key":"REST"},{"data":"Spot Weakness","floor":12,"key":"SMITH"}],"neow_cost":"PERCENT_DAMAGE","seed_source_timestamp":2760649469102544,"circlet_count":0,"master_deck":["Strike_R","Strike_R","Strike_R","Strike_R","Defend_R","Defend_R","Defend_R","Bash","Spot Weakness+1","Heavy Blade","Battle Trance","Reaper"],"relics":["Burning Blood","Mummified Hand","Bottled Lightning","Shuriken","Nunchaku"],"potions_floor_usage":[8,11,11],"damage_taken":[{"damage":9,"enemies":"Jaw Worm","floor":1,"turns":4},{"damage":7,"enemies":"Small Slimes","floor":4,"turns":4},{"damage":1,"enemies":"Cultist","floor":5,"turns":3},{"damage":43,"enemies":"3 Sentries","floor":6,"turns":8},{"damage":26,"enemies":"Lagavulin","floor":8,"turns":5},{"damage":37,"enemies":"3 Sentries","floor":11,"turns":8},{"damage":54,"enemies":"Lagavulin Event","floor":13,"turns":5}],"seed_played":"4382152870250876420","potions_obtained":[{"floor":1,"key":"Explosive Potion"},{"floor":5,"key":"Dexterity Potion"},{"floor":6,"key":"FearPotion"}],"is_trial":false,"path_per_floor":["M","$","?","M","M","E","R","E","T","R","E","R","?"],"character_chosen":"IRONCLAD","items_purchased":[],"campfire_rested":2,"item_purchase_floors":[],"current_hp_per_floor":[53,53,46,45,50,13,37,17,17,41,36,36,0],"gold":417,"neow_bonus":"TWO_FIFTY_GOLD","is_prod":false,"is_daily":false,"chose_seed":false,"campfire_upgraded":1,"win_rate":0,"timestamp":1555648005,"path_taken":["M","$","?","M","M","E","R","E","T","R","E","R","?"],"build_version":"2019-01-23","purchased_purges":1,"victory":false,"max_hp_per_floor":[80,80,80,80,80,80,80,80,80,80,80,80,80],"card_choices":[{"not_picked":["Searing Blow","Carnage"],"picked":"Spot Weakness","floor":1},{"not_picked":["Clash","True Grit","Headbutt"],"picked":"SKIP","floor":4},{"not_picked":["Sword Boomerang","Uppercut"],"picked":"Heavy Blade","floor":5},{"not_picked":["Spot Weakness","Clothesline"],"picked":"Battle Trance","floor":6},{"not_picked":["Pommel Strike","Twin Strike"],"picked":"Reaper","floor":8},{"not_picked":["Twin Strike","Cleave","Shrug It Off"],"picked":"SKIP","floor":11}],"player_experience":204718,"relics_obtained":[{"floor":6,"key":"Mummified Hand"},{"floor":8,"key":"Bottled Lightning"},{"floor":9,"key":"Shuriken"},{"floor":11,"key":"Nunchaku"}],"event_choices":[{"cards_removed":["Strike_R"],"damage_healed":0,"gold_gain":0,"player_choice":"Card Removal","damage_taken":7,"max_hp_gain":0,"max_hp_loss":0,"event_name":"Golden Wing","floor":3,"gold_loss":0},{"damage_healed":0,"gold_gain":0,"player_choice":"Searched \u00271\u0027 times","damage_taken":0,"max_hp_gain":0,"max_hp_loss":0,"event_name":"Dead Adventurer","floor":13,"gold_loss":0}],"is_beta":false,"boss_relics":[],"items_purged_floors":[2],"is_endless":false,"potions_floor_spawned":[1,5,6],"killed_by":"Lagavulin Event","ascension_level":2}