{"gold_per_floor":[114,130,130,148,118,118,130,130,155,1,62,72,88,104,104,201,201,182,182,281,281,291,291,308,308,308,308,328,228,263,263,263,263],"floor_reached":33,"playtime":1506,"items_purged":["Strike_G","Strike_G"],"score":347,"play_id":"d5fe13b7-6178-473a-bce4-c659e5491b45","local_time":"20190328140322","is_ascension_mode":true,"campfire_choices":[{"data":"Blur","floor":6,"key":"SMITH"},{"floor":15,"key":"REST"},{"data":"Accuracy","floor":23,"key":"SMITH"},{"data":"Doppelganger","floor":27,"key":"SMITH"},{"floor":32,"key":"REST"}],"neow_cost":"NONE","seed_source_timestamp":253447528917096,"circlet_count":0,"master_deck":["Defend_G","Defend_G","Defend_G","Defend_G","Defend_G","Strike_G","Strike_G","Survivor","Neutralize+1","Blur+1","Accuracy+1","Caltrops+1","Terror","Backflip","Well Laid Plans","Blade Dance","Doppelganger+1","Cloak And Dagger+1","Footwork+1"],"relics":["Ring of the Snake","Lantern","Tiny Chest","Philosopher\u0027s Stone","Mummified Hand","Bottled Tornado","Art of War"],"potions_floor_usage":[11,14,16,18],"damage_taken":[{"damage":1,"enemies":"Cultist","floor":1,"turns":4},{"damage":1,"enemies":"Small Slimes","floor":2,"turns":5},{"damage":1,"enemies":"Jaw Worm","floor":4,"turns":5},{"damage":0,"enemies":"Looter","floor":5,"turns":4},{"damage":1,"enemies":"Blue Slaver","floor":7,"turns":5},{"damage":19,"enemies":"3 Sentries","floor":11,"turns":10},{"damage":7,"enemies":"2 Fungi Beasts","floor":12,"turns":5},{"damage":11,"enemies":"3 Louse","floor":13,"turns":4},{"damage":15,"enemies":"Exordium Thugs","floor":14,"turns":7},{"damage":20,"enemies":"The Guardian","floor":16,"turns":13},{"damage":9,"enemies":"2 Thieves","floor":18,"turns":4},{"damage":0,"enemies":"Chosen","floor":22,"turns":4},{"damage":0,"enemies":"Snecko","floor":24,"turns":4},{"damage":10,"enemies":"Chosen and Byrds","floor":28,"turns":6},{"damage":26,"enemies":"Book of Stabbing","floor":30,"turns":5},{"damage":29,"enemies":"Collector","floor":33,"turns":11}],"seed_played":"-2585478480961841236","potions_obtained":[{"floor":4,"key":"Dexterity Potion"},{"floor":11,"key":"Weak Potion"},{"floor":12,"key":"PowerPotion"},{"floor":14,"key":"Swift Potion"},{"floor":18,"key":"SteroidPotion"}],"is_trial":false,"path_per_floor":["M","M","?","M","M","R","M","?","T","$","E","M","M","M","R","B",null,"M","?","?","T","M","R","M","?","T","R","M","$","E","?","R","B"],"character_chosen":"THE_SILENT","items_purchased":["Terror"],"campfire_rested":2,"item_purchase_floors":[10],"current_hp_per_floor":[69,68,68,67,67,67,66,66,66,66,47,40,29,14,37,17,62,53,39,39,39,39,39,39,39,39,39,29,29,3,3,27,0],"gold":263,"neow_bonus":"TEN_PERCENT_HP_BONUS","is_prod":false,"is_daily":false,"chose_seed":false,"campfire_upgraded":3,"win_rate":0,"timestamp":1553753002,"path_taken":["M","M","?","M","M","R","?","?","T","$","E","M","?","M","R","BOSS","M","?","?","?","M","R","M","?","T","R","M","$","E","?","R","BOSS"],"build_version":"2019-01-23","purchased_purges":2,"victory":false,"max_hp_per_floor":[77,77,77,77,77,77,77,77,77,77,77,77,77,77,77,77,77,77,82,82,82,82,82,82,82,82,82,82,82,82,82,82,82],"card_choices":[{"not_picked":["Bane","PiercingWail"],"picked":"Blur","floor":1},{"not_picked":["Flying Knee","Slice","Blade Dance"],"picked":"SKIP","floor":2},{"not_picked":["Underhanded Strike","Quick Slash"],"picked":"Accuracy","floor":4},{"not_picked":["Underhanded Strike","Quick Slash"],"picked":"Caltrops","floor":5},{"not_picked":["Reflex","Dagger Throw","Masterful Stab"],"picked":"SKIP","floor":7},{"not_picked":["Reflex","Unload"],"picked":"Backflip","floor":11},{"not_picked":["Bouncing Flask","Blur"],"picked":"Well Laid Plans","floor":12},{"not_picked":["Masterful Stab","Quick Slash","Escape Plan"],"picked":"SKIP","floor":13},{"not_picked":["Riddle With Holes","Finisher"],"picked":"Blade Dance","floor":14},{"not_picked":["Wraith Form v2","Glass Knife"],"picked":"Doppelganger","floor":16},{"not_picked":["Flying Knee","Bane+1"],"picked":"Cloak And Dagger+1","floor":18},{"not_picked":["Expertise","Slice","Dagger Spray"],"picked":"SKIP","floor":22},{"not_picked":["Flying Knee","Slice+1","Blade Dance+1"],"picked":"SKIP","floor":24},{"not_picked":["Blade Dance","Sucker Punch+1","Bane"],"picked":"SKIP","floor":28},{"not_picked":["Calculated Gamble+1","Flying Knee"],"picked":"Footwork+1","floor":30}],"player_experience":703147,"relics_obtained":[{"floor":9,"key":"Lantern"},{"floor":11,"key":"Tiny Chest"},{"floor":21,"key":"Mummified Hand"},{"floor":26,"key":"Bottled Tornado"},{"floor":30,"key":"Art of War"}],"event_choices":[{"cards_removed":["Strike_G"],"damage_healed":0,"gold_gain":0,"player_choice":"Card Removal","damage_taken":0,"max_hp_gain":0,"max_hp_loss":0,"event_name":"Wheel of Change","floor":3,"gold_loss":0},{"damage_healed":0,"gold_gain":0,"player_choice":"Forge","damage_taken":0,"max_hp_gain":0,"max_hp_loss":0,"event_name":"Accursed Blacksmith","floor":8,"gold_loss":0,"cards_upgraded":["Caltrops"]},{"damage_healed":0,"gold_gain":0,"player_choice":"Shed Blood","damage_taken":19,"max_hp_gain":5,"max_hp_loss":0,"event_name":"Forgotten Altar","floor":19,"gold_loss":0},{"damage_healed":0,"gold_gain":99,"player_choice":"Stole From Cult","damage_taken":0,"max_hp_gain":0,"max_hp_loss":0,"event_name":"Nest","floor":20,"gold_loss":0},{"damage_healed":0,"gold_gain":0,"player_choice":"Ignored","damage_taken":0,"max_hp_gain":0,"max_hp_loss":0,"event_name":"Ghosts","floor":25,"gold_loss":0},{"damage_healed":0,"gold_gain":0,"player_choice":"Upgraded","damage_taken":0,"max_hp_gain":0,"max_hp_loss":0,"event_name":"Upgrade Shrine","floor":31,"gold_loss":0,"cards_upgraded":["Neutralize"]}],"is_beta":false,"boss_relics":[{"not_picked":["Tiny House","Orrery"],"picked":"Philosopher\u0027s Stone"}],"items_purged_floors":[10,29],"is_endless":false,"potions_floor_spawned":[4,11,12,14,18],"killed_by":"Collector","ascension_level":6}