{"gold_per_floor":[114,114,114,114,126,126,154,154,178,188,188,208,208,234,234,305,305,325,342,342,342,342,342,352,118,143,143,24,24,39,54,54,128,128,147,166,116,216,229,229,242,242,242,242,261,275,0,100,100,100],"floor_reached":51,"playtime":2582,"items_purged":["Defend_B","Defend_B","Bite"],"score":1079,"play_id":"d443c603-5bcb-49b1-a86b-6cfda67bad1b","local_time":"20190218194834","is_ascension_mode":true,"campfire_choices":[{"data":"Zap","floor":6.0,"key":"SMITH"},{"data":"Tempest","floor":8.0,"key":"SMITH"},{"data":"Glacier","floor":11.0,"key":"SMITH"},{"data":"Glacier","floor":13.0,"key":"SMITH"},{"data":"Static Discharge","floor":15,"key":"SMITH"},{"floor":23,"key":"REST"},{"data":"Buffer","floor":27,"key":"SMITH"},{"data":"Defragment","floor":29,"key":"SMITH"},{"data":"Coolheaded","floor":32,"key":"SMITH"},{"data":"Seek","floor":40,"key":"SMITH"},{"data":"Lockon","floor":42,"key":"SMITH"},{"data":"Barrage","floor":44,"key":"SMITH"},{"data":"Fusion","floor":49,"key":"SMITH"}],"neow_cost":"NONE","seed_source_timestamp":113842701457600,"circlet_count":0,"master_deck":["AscendersBane","Defend_B+1","Defend_B+1","Zap+1","Dualcast","Glacier+1","Tempest+1","Glacier+1","Steam","Coolheaded+1","Static Discharge+1","Electrodynamics","Self Repair","Doom and Gloom","Bite","Bite","Bite","Buffer+1","Steam+1","Defragment+1","Chill","Seek+1","Barrage+1","Lockon+1","Darkness+1","Seek","Fusion+1"],"special_seed":0,"relics":["FrozenCore","Smiling Mask","Gambling Chip","Dream Catcher","Blood Vial","Inserter","Enchiridion","Happy Flower","Oddly Smooth Stone","FossilizedHelix","Red Mask","Thread and Needle"],"potions_floor_usage":[14,16,35,46],"damage_taken":[{"damage":16.0,"enemies":"Cultist","floor":1.0,"turns":4.0},{"damage":0.0,"enemies":"Small Slimes","floor":5.0,"turns":3.0},{"damage":41.0,"enemies":"Lagavulin","floor":7.0,"turns":8.0},{"damage":0.0,"enemies":"2 Louse","floor":10.0,"turns":2.0},{"damage":0.0,"enemies":"Red Slaver","floor":12.0,"turns":4.0},{"damage":13,"enemies":"Gremlin Nob","floor":14,"turns":4},{"damage":39,"enemies":"Hexaghost","floor":16,"turns":16},{"damage":20,"enemies":"2 Thieves","floor":18,"turns":3},{"damage":6,"enemies":"Spheric Guardian","floor":19,"turns":5},{"damage":24,"enemies":"Snake Plant","floor":24,"turns":4},{"damage":0,"enemies":"Snecko","floor":30,"turns":6},{"damage":0,"enemies":"Shelled Parasite and Fungi","floor":31,"turns":6},{"damage":6,"enemies":"Automaton","floor":33,"turns":13},{"damage":0,"enemies":"3 Shapes","floor":35,"turns":4},{"damage":0,"enemies":"Orb Walker","floor":36,"turns":5},{"damage":15,"enemies":"Sphere and 2 Shapes","floor":39,"turns":6},{"damage":0,"enemies":"Spire Growth","floor":41,"turns":8},{"damage":35,"enemies":"Transient","floor":45,"turns":5},{"damage":0,"enemies":"Jaw Worm Horde","floor":46,"turns":3},{"damage":0,"enemies":"Mind Bloom Boss Battle","floor":48,"turns":7},{"damage":24,"enemies":"Time Eater","floor":50,"turns":15}],"seed_played":"1057494497359274867","potions_obtained":[{"floor":1.0,"key":"Ancient Potion"},{"floor":7.0,"key":"Regen Potion"},{"floor":10.0,"key":"FocusPotion"},{"floor":16,"key":"FairyPotion"},{"floor":24,"key":"LiquidBronze"},{"floor":30,"key":"Block Potion"},{"floor":36,"key":"Regen Potion"},{"floor":48,"key":"FearPotion"}],"is_trial":false,"path_per_floor":["M","?","?","?","M","R","E","R","T","M","R","M","R","E","R","B",null,"M","M","?","?","?","R","M","$","T","R","$","R","M","M","R","B",null,"M","M","$","?","M","R","M","R","T","R","M","M","?","?","R","B",null],"character_chosen":"DEFECT","items_purchased":["Defragment","Happy Flower","Chill"],"campfire_rested":1,"item_purchase_floors":[25,25,28],"current_hp_per_floor":[48,45,31,81,81,81,40,40,40,40,40,40,40,27,27,5,62,44,47,31,31,31,47,35,35,35,35,35,35,45,56,56,56,56,56,56,56,56,52,52,56,56,56,56,28,39,39,54,54,49],"gold":100,"neow_bonus":"ONE_RANDOM_RARE_CARD","is_prod":false,"is_daily":false,"chose_seed":false,"campfire_upgraded":12,"win_rate":0,"timestamp":1550537314,"path_taken":["M","?","?","?","?","R","E","R","T","M","R","M","R","E","R","BOSS","M","M","?","?","?","R","M","$","T","R","?","R","M","M","R","BOSS","M","M","$","?","M","R","?","R","T","R","M","M","?","?","R","BOSS"],"build_version":"2019-02-06","purchased_purges":3,"victory":true,"max_hp_per_floor":[71,71,71,81,81,81,81,81,81,81,81,81,81,81,81,81,81,81,81,81,56,56,56,56,56,56,56,56,56,56,56,56,56,56,56,56,56,56,56,56,56,56,56,56,56,56,56,56,56,56],"card_choices":[{"not_picked":["Leap","Capacitor"],"picked":"Glacier","floor":1.0},{"not_picked":["Turbo","Steam Power"],"picked":"Tempest","floor":5.0},{"not_picked":["Rip and Tear","Redo"],"picked":"Glacier","floor":7.0},{"not_picked":["Conserve Battery","Compile Driver"],"picked":"Steam","floor":10.0},{"not_picked":["Reprogram","Redo"],"picked":"Coolheaded","floor":12.0},{"not_picked":["Chaos","Rebound"],"picked":"Static Discharge","floor":14},{"not_picked":["Hyperbeam","Multi-Cast"],"picked":"Electrodynamics","floor":16},{"not_picked":["Barrage","Rebound"],"picked":"Self Repair","floor":18},{"not_picked":["Compile Driver","Sunder"],"picked":"Doom and Gloom","floor":19},{"not_picked":["Scrape","Ball Lightning"],"picked":"Buffer","floor":23},{"not_picked":["Skim","Barrage"],"picked":"Steam+1","floor":24},{"not_picked":["Go for the Eyes","Doom and Gloom","Double Energy"],"picked":"SKIP","floor":30},{"not_picked":["Barrage","Auto Shields","Scrape"],"picked":"SKIP","floor":31},{"not_picked":["Meteor Strike","Multi-Cast"],"picked":"Seek","floor":33},{"not_picked":["Storm","Sweeping Beam","Genetic Algorithm"],"picked":"SKIP","floor":35},{"not_picked":["Heatsinks","Chaos+1","Barrage"],"picked":"SKIP","floor":36},{"not_picked":["Cold Snap","Redo"],"picked":"Barrage","floor":39},{"not_picked":["Leap","Beam Cell"],"picked":"Lockon","floor":41},{"not_picked":["Tempest+1","Go for the Eyes"],"picked":"Darkness+1","floor":45},{"not_picked":["Ball Lightning","Barrage"],"picked":"Seek","floor":46},{"not_picked":["Barrage","Beam Cell"],"picked":"Fusion","floor":48}],"player_experience":634758,"relics_obtained":[{"floor":7.0,"key":"Gambling Chip"},{"floor":9.0,"key":"Dream Catcher"},{"floor":14,"key":"Blood Vial"},{"floor":20,"key":"Enchiridion"},{"floor":26,"key":"Oddly Smooth Stone"},{"floor":43,"key":"FossilizedHelix"},{"floor":48,"key":"Thread and Needle"}],"event_choices":[{"damage_healed":0.0,"max_hp_gain":0.0,"max_hp_loss":0.0,"gold_gain":0.0,"event_name":"Scrap Ooze","player_choice":"Success","floor":2.0,"gold_loss":0.0,"damage_taken":3.0,"relics_obtained":["Smiling Mask"]},{"damage_healed":0.0,"max_hp_gain":0.0,"max_hp_loss":0.0,"gold_gain":0.0,"event_name":"Shining Light","player_choice":"Entered Light","floor":3.0,"gold_loss":0.0,"damage_taken":14.0,"cards_upgraded":["Defend_B","Defend_B"]},{"cards_removed":["Reboot"],"damage_healed":40.0,"max_hp_gain":10.0,"max_hp_loss":0.0,"gold_gain":0.0,"event_name":"Bonfire Elementals","player_choice":"Offered Rare","floor":4.0,"gold_loss":0.0,"damage_taken":0.0},{"damage_healed":0,"gold_gain":0,"player_choice":"Obtained Book","damage_taken":16,"max_hp_gain":0,"max_hp_loss":0,"event_name":"Cursed Tome","floor":20,"gold_loss":0},{"damage_healed":0,"gold_gain":0,"player_choice":"Became a vampire","damage_taken":0,"max_hp_gain":0,"max_hp_loss":25,"event_name":"Vampires","floor":21,"gold_loss":0,"cards_obtained":["Bite","Bite","Bite","Bite","Bite"]},{"cards_removed":["Bite"],"damage_healed":0,"gold_gain":0,"player_choice":"Elegance","damage_taken":0,"max_hp_gain":0,"max_hp_loss":0,"event_name":"Back to Basics","floor":22,"gold_loss":0},{"damage_healed":0,"gold_gain":100,"player_choice":"Pray","damage_taken":0,"max_hp_gain":0,"max_hp_loss":0,"event_name":"Golden Shrine","floor":38,"gold_loss":0},{"damage_healed":0,"gold_gain":0,"player_choice":"Paid","damage_taken":0,"relics_obtained":["Red Mask"],"max_hp_gain":0,"max_hp_loss":0,"event_name":"Tomb of Lord Red Mask","floor":47,"gold_loss":275},{"damage_healed":0,"gold_gain":0,"player_choice":"Fight","damage_taken":0,"max_hp_gain":0,"max_hp_loss":0,"event_name":"MindBloom","floor":48,"gold_loss":0}],"is_beta":true,"boss_relics":[{"not_picked":["Empty Cage","White Beast Statue"],"picked":"Inserter"},{"not_picked":["Pandora\u0027s Box","Lizard Tail"],"picked":"FrozenCore"}],"items_purged_floors":[25,28,37],"is_endless":false,"potions_floor_spawned":[1,7,10,16,24,30,33,36,48],"ascension_level":14}