{"gold_per_floor":[109,184,201,201,10,51,75,75,75,75,119,119,119,134,134,263,263,281,281,281,47,65,65,84,84,133,152,188,203,203,203,203,324,324,348,361,361,74,87,123,123,148,148,148,273,297,328,351,351,351,351,351,3,39,39],"floor_reached":56,"playtime":5230,"items_purged":["Strike_R","Writhe","Strike_R+1"],"score":1235,"play_id":"5be8a860-0cbe-41c4-86e1-8570a0332333","local_time":"20190601143216","is_ascension_mode":false,"campfire_choices":[{"floor":8,"key":"REST"},{"data":"Hemokinesis","floor":10,"key":"SMITH"},{"floor":15,"key":"REST"},{"data":"Hyperbeam","floor":23,"key":"SMITH"},{"data":"Whirlwind","floor":25,"key":"SMITH"},{"data":"Clothesline","floor":30,"key":"SMITH"},{"data":"Defend_R","floor":32,"key":"SMITH"},{"floor":41,"key":"RECALL"},{"data":"Defend_R","floor":44,"key":"SMITH"},{"data":"Strike_R","floor":49,"key":"SMITH"},{"data":"Strike_R","floor":52,"key":"SMITH"}],"neow_cost":"NONE","seed_source_timestamp":0,"circlet_count":0,"master_deck":["Strike_R+1","Strike_R+1","Strike_R+1","Defend_R+1","Defend_R+1","Defend_R+1","Defend_R+1","Bash+1","Hemokinesis+1","Hologram+1","Genetic Algorithm+1","Backflip+1","Hyperbeam+1","Hologram+1","Disarm+1","Shrug It Off+1","Whirlwind+1","Clothesline+1","Noxious Fumes+1","Blur+1","Sadistic Nature+1","Corruption+1","Feel No Pain+1","Darkness+1","Panacea+1","Body Slam+1","Night Terror+1","Parasite","Disarm+1","Intimidate+1"],"special_seed":0,"relics":["Burning Blood","Golden Idol","PrismaticShard","Frozen Egg 2","Toxic Egg 2","Oddly Smooth Stone","Velvet Choker","Regal Pillow","Smiling Mask","Ice Cream","Runic Pyramid","Medical Kit","Darkstone Periapt","War Paint","Mango","The Courier","Mummified Hand","Pen Nib"],"potions_floor_usage":[11,16,55,55],"damage_taken":[{"damage":7.0,"enemies":"Small Slimes","floor":1.0,"turns":5.0},{"damage":5,"enemies":"Jaw Worm","floor":3,"turns":4},{"damage":46,"enemies":"3 Sentries","floor":6,"turns":8},{"damage":1,"enemies":"2 Louse","floor":7,"turns":4},{"damage":14,"enemies":"Gremlin Nob","floor":11,"turns":3},{"damage":2,"enemies":"Large Slime","floor":14,"turns":4},{"damage":13,"enemies":"The Guardian","floor":16,"turns":15},{"damage":6,"enemies":"Shell Parasite","floor":18,"turns":5},{"damage":5,"enemies":"Spheric Guardian","floor":22,"turns":4},{"damage":2,"enemies":"3 Cultists","floor":24,"turns":3},{"damage":6,"enemies":"Snake Plant","floor":27,"turns":4},{"damage":18,"enemies":"Slavers","floor":28,"turns":4},{"damage":2,"enemies":"Centurion and Healer","floor":29,"turns":5},{"damage":43,"enemies":"Automaton","floor":33,"turns":11},{"damage":0,"enemies":"3 Darklings","floor":35,"turns":5},{"damage":8,"enemies":"3 Shapes","floor":36,"turns":2},{"damage":2,"enemies":"Spire Growth","floor":39,"turns":5},{"damage":2,"enemies":"Nemesis","floor":40,"turns":7},{"damage":1,"enemies":"Jaw Worm Horde","floor":42,"turns":2},{"damage":0,"enemies":"Mind Bloom Boss Battle","floor":45,"turns":4},{"damage":8,"enemies":"4 Shapes","floor":46,"turns":4},{"damage":22,"enemies":"Reptomancer","floor":47,"turns":6},{"damage":0,"enemies":"Writhing Mass","floor":48,"turns":6},{"damage":14,"enemies":"Time Eater","floor":50,"turns":8},{"damage":37,"enemies":"Shield and Spear","floor":54,"turns":7},{"damage":15,"enemies":"The Heart","floor":55,"turns":9}],"seed_played":"-8327856479055471471","potions_obtained":[{"floor":1,"key":"Dexterity Potion"},{"floor":6,"key":"EssenceOfSteel"},{"floor":18,"key":"SpeedPotion"},{"floor":24,"key":"BloodPotion"},{"floor":27,"key":"FearPotion"},{"floor":37,"key":"LiquidBronze"},{"floor":37,"key":"AttackPotion"},{"floor":42,"key":"LiquidBronze"}],"is_trial":false,"path_per_floor":["M","?","M","?","$","E","M","R","T","R","E","?","?","M","R","B",null,"M","?","?","$","M","R","M","R","T","M","E","M","R","?","R","B",null,"M","M","?","$","M","E","R","M","T","R","?","M","E","M","R","B",null,"R","$","E","B",null],"character_chosen":"IRONCLAD","items_purchased":["PrismaticShard","Disarm+1","Shrug It Off+1","Whirlwind","Feel No Pain+1","Medical Kit","Mummified Hand","Disarm+1","Intimidate+1"],"campfire_rested":2,"item_purchase_floors":[5,21,21,21,38,38,53,53,53],"current_hp_per_floor":[79,68,69,49,49,9,14,38,38,38,30,30,14,18,42,35,80,80,80,80,80,80,80,80,80,80,80,68,72,72,72,72,35,80,80,78,78,78,80,80,80,80,80,80,94,92,76,88,88,80,100,100,100,69,60],"gold":39,"neow_bonus":"UPGRADE_CARD","is_prod":false,"is_daily":false,"chose_seed":false,"campfire_upgraded":8,"win_rate":0,"timestamp":1559424736,"path_taken":["M","?","M","?","$","E","M","R","T","R","E","?","?","M","R","BOSS","M","?","?","$","M","R","M","R","T","M","E","?","R","?","R","BOSS","M","M","?","$","?","E","R","M","T","R","?","M","E","M","R","BOSS","R","$","E","BOSS"],"build_version":"2019-01-23","purchased_purges":3,"victory":true,"max_hp_per_floor":[80,80,80,80,80,80,80,80,80,80,80,80,80,80,80,80,80,80,80,80,80,80,80,80,80,80,80,80,80,80,80,80,80,80,80,80,80,80,80,80,80,80,80,80,94,94,94,100,100,100,100,100,100,100,100],"card_choices":[{"not_picked":["Burning Pact","Headbutt"],"picked":"Hemokinesis","floor":1},{"not_picked":["Flex","Anger","Pommel Strike"],"picked":"SKIP","floor":3},{"not_picked":["Iron Wave","Sucker Punch"],"picked":"Hologram","floor":6},{"not_picked":["PiercingWail","Bandage Up","Clash"],"picked":"SKIP","floor":7},{"not_picked":["Sweeping Beam","Sucker Punch"],"picked":"Genetic Algorithm+1","floor":11},{"not_picked":["Havoc+1","Blade Dance+1"],"picked":"Backflip+1","floor":14},{"not_picked":["Thinking Ahead+1","Chrysalis+1"],"picked":"Hyperbeam","floor":16},{"not_picked":["Enlightenment+1","Barrage"],"picked":"Hologram+1","floor":18},{"not_picked":["Leap+1","Headbutt","Thunderclap"],"picked":"SKIP","floor":22},{"not_picked":["Seeing Red+1","Outmaneuver+1","Accuracy+1"],"picked":"SKIP","floor":24},{"not_picked":["Cloak And Dagger+1","Go for the Eyes"],"picked":"Clothesline","floor":27},{"not_picked":["Poisoned Stab","Warcry+1"],"picked":"Noxious Fumes+1","floor":28},{"not_picked":["Predator","Redo+1"],"picked":"Blur+1","floor":29},{"not_picked":["After Image+1","Meteor Strike"],"picked":"Sadistic Nature+1","floor":33},{"not_picked":["Whirlwind+1","Shrug It Off+1"],"picked":"Corruption+1","floor":35},{"not_picked":["Storm+1","Purity+1","Flex+1"],"picked":"SKIP","floor":36},{"not_picked":["Rage+1","Finesse+1","Clash+1"],"picked":"SKIP","floor":39},{"not_picked":["Armaments+1","BootSequence+1"],"picked":"Darkness+1","floor":40},{"not_picked":["Dual Wield+1","True Grit+1"],"picked":"Panacea+1","floor":42},{"not_picked":["Clash","Steam+1"],"picked":"Body Slam+1","floor":45},{"not_picked":["Clash+1","Ball Lightning+1"],"picked":"Night Terror+1","floor":46},{"not_picked":["Dodge and Roll+1","Amplify+1","Cleave"],"picked":"SKIP","floor":47},{"not_picked":["Perfected Strike+1","Deadly Poison+1","Discovery+1"],"picked":"SKIP","floor":48},{"not_picked":["Infinite Blades+1","Ghostly Armor+1","Wild Strike"],"picked":"SKIP","floor":54}],"player_experience":167911,"relics_obtained":[{"floor":6,"key":"Frozen Egg 2"},{"floor":9,"key":"Toxic Egg 2"},{"floor":11,"key":"Oddly Smooth Stone"},{"floor":28,"key":"Smiling Mask"},{"floor":40,"key":"Darkstone Periapt"},{"floor":43,"key":"War Paint"},{"floor":45,"key":"Mango"},{"floor":47,"key":"The Courier"},{"floor":54,"key":"Pen Nib"}],"event_choices":[{"damage_healed":0,"gold_gain":75,"player_choice":"Gather Gold","damage_taken":11,"max_hp_gain":0,"max_hp_loss":0,"event_name":"World of Goop","floor":2,"gold_loss":0},{"damage_healed":0,"gold_gain":0,"player_choice":"Take Damage","damage_taken":20,"relics_obtained":["Golden Idol"],"max_hp_gain":0,"max_hp_loss":0,"event_name":"Golden Idol","floor":4,"gold_loss":0},{"damage_healed":0,"gold_gain":0,"player_choice":"Grow","damage_taken":0,"max_hp_gain":0,"max_hp_loss":0,"event_name":"Living Wall","floor":12,"gold_loss":0,"cards_upgraded":["Hologram"]},{"damage_healed":0,"gold_gain":0,"player_choice":"Entered Light","damage_taken":16,"max_hp_gain":0,"max_hp_loss":0,"event_name":"Shining Light","floor":13,"gold_loss":0,"cards_upgraded":["Strike_R","Strike_R"]},{"damage_healed":0,"gold_gain":0,"player_choice":"Stole Relic","damage_taken":0,"relics_obtained":["Regal Pillow"],"max_hp_gain":0,"max_hp_loss":0,"event_name":"Addict","floor":19,"gold_loss":0,"cards_obtained":["Shame"]},{"cards_removed":["Shame"],"damage_healed":0,"gold_gain":0,"player_choice":"Removed Curses","damage_taken":0,"max_hp_gain":0,"max_hp_loss":0,"event_name":"Fountain of Cleansing","floor":20,"gold_loss":0},{"damage_healed":0,"gold_gain":0,"player_choice":"Opened","damage_taken":0,"relics_obtained":["Ice Cream"],"max_hp_gain":0,"max_hp_loss":0,"event_name":"The Mausoleum","floor":31,"gold_loss":0,"cards_obtained":["Writhe"]},{"damage_healed":0,"gold_gain":0,"player_choice":"Got Potions","damage_taken":0,"max_hp_gain":0,"max_hp_loss":0,"event_name":"Lab","floor":37,"gold_loss":0},{"damage_healed":0,"gold_gain":0,"player_choice":"Fight","damage_taken":0,"max_hp_gain":0,"max_hp_loss":0,"event_name":"MindBloom","floor":45,"gold_loss":0}],"is_beta":false,"boss_relics":[{"not_picked":["Ectoplasm","Eternal Feather"],"picked":"Velvet Choker"},{"not_picked":["Sozu","Runic Cube"],"picked":"Runic Pyramid"}],"items_purged_floors":[21,38,53],"is_endless":false,"potions_floor_spawned":[1,6,18,24,27,42,45,47,48],"ascension_level":0}