{"gold_per_floor":[10,27,39,56,70,70,100,70,70,70,70,95,78,78,78,181,181,199,199,182,182,198,224,224,224,224,224,152,152,164,194,194,289,289,301,349,359,359,378,378,406,406,406,434,449,449,108,142,142,142],"floor_reached":51,"playtime":3494,"items_purged":["Strike_G"],"score":926,"play_id":"43568746-266c-4f0d-8416-a3d51d9029d4","local_time":"20190308192750","is_ascension_mode":true,"campfire_choices":[{"data":"Neutralize","floor":6.0,"key":"SMITH"},{"floor":11.0,"key":"REST"},{"data":"Noxious Fumes","floor":15.0,"key":"SMITH"},{"floor":24.0,"key":"REST"},{"data":"1","floor":29.0,"key":"LIFT"},{"floor":32.0,"key":"REST"},{"floor":40,"key":"REST"},{"floor":49,"key":"REST"}],"neow_cost":"NO_GOLD","seed_source_timestamp":71474033252290,"circlet_count":0,"master_deck":["Defend_G","Defend_G","Defend_G","Defend_G","Defend_G","Strike_G","Strike_G","Survivor","Neutralize+1","Blur","Cloak And Dagger","Crippling Poison","Skewer","Escape Plan+1","PiercingWail","Cloak And Dagger","Noxious Fumes+1","Deflect","Envenom","Bouncing Flask","Leg Sweep+1","Backflip+1","Noxious Fumes","Footwork+1","Venomology","PiercingWail+1","Leg Sweep+1","Deflect+1","After Image","After Image","Footwork+1","Footwork","Mayhem"],"special_seed":0,"relics":["Ring of the Serpent","Bird Faced Urn","PreservedInsect","Girya","Mercury Hourglass","Fusion Hammer","Turnip","Potion Belt","Nloth\u0027s Gift","Bag of Marbles","Ginger","StoneCalendar","Art of War","Gambling Chip","Toxic Egg 2","Bottled Tornado"],"potions_floor_usage":[36,36,39,39,41,41,44,48,48,48,50,50],"damage_taken":[{"damage":2.0,"enemies":"Cultist","floor":1.0,"turns":4.0},{"damage":2.0,"enemies":"Jaw Worm","floor":2.0,"turns":6.0},{"damage":5.0,"enemies":"Small Slimes","floor":3.0,"turns":4.0},{"damage":6.0,"enemies":"Exordium Thugs","floor":4.0,"turns":8.0},{"damage":5.0,"enemies":"Exordium Wildlife","floor":5.0,"turns":5.0},{"damage":17.0,"enemies":"Gremlin Nob","floor":7.0,"turns":5.0},{"damage":2.0,"enemies":"Looter","floor":8.0,"turns":4.0},{"damage":9.0,"enemies":"Lagavulin","floor":12.0,"turns":9.0},{"damage":0.0,"enemies":"Exordium Thugs","floor":13.0,"turns":4.0},{"damage":26.0,"enemies":"Hexaghost","floor":16.0,"turns":11.0},{"damage":4.0,"enemies":"3 Byrds","floor":18.0,"turns":3.0},{"damage":0.0,"enemies":"2 Thieves","floor":20.0,"turns":4.0},{"damage":12.0,"enemies":"Cultist and Chosen","floor":22.0,"turns":5.0},{"damage":16.0,"enemies":"Gremlin Leader","floor":23.0,"turns":7.0},{"damage":3.0,"enemies":"Chosen and Byrds","floor":30.0,"turns":6.0},{"damage":17.0,"enemies":"Slavers","floor":31.0,"turns":4.0},{"damage":0.0,"enemies":"Collector","floor":33.0,"turns":10.0},{"damage":5,"enemies":"3 Shapes","floor":35,"turns":5},{"damage":21,"enemies":"2 Orb Walkers","floor":36,"turns":6},{"damage":14,"enemies":"Orb Walker","floor":37,"turns":6},{"damage":8,"enemies":"Sphere and 2 Shapes","floor":39,"turns":4},{"damage":10,"enemies":"Nemesis","floor":41,"turns":7},{"damage":0,"enemies":"Giant Head","floor":44,"turns":10},{"damage":8,"enemies":"Spire Growth","floor":45,"turns":7},{"damage":48,"enemies":"Reptomancer","floor":48,"turns":6},{"damage":0,"enemies":"Time Eater","floor":50,"turns":14}],"seed_played":"-8599331907592540268","potions_obtained":[{"floor":2.0,"key":"Poison Potion"},{"floor":3.0,"key":"Poison Potion"},{"floor":4.0,"key":"Explosive Potion"},{"floor":16.0,"key":"AttackPotion"},{"floor":18.0,"key":"Regen Potion"},{"floor":20.0,"key":"Energy Potion"},{"floor":31.0,"key":"PowerPotion"},{"floor":33.0,"key":"Poison Potion"},{"floor":37,"key":"AttackPotion"},{"floor":39,"key":"Poison Potion"},{"floor":41,"key":"Strength Potion"},{"floor":44,"key":"FairyPotion"},{"floor":45,"key":"LiquidBronze"}],"is_trial":false,"path_per_floor":["M","M","M","M","M","R","E","M","T","?","R","E","M","T","R","B",null,"M","?","M","?","M","E","R","?","T","?","$","R","M","E","R","B",null,"M","?","M","T","M","R","E","?","T","E","M","$","$","E","R","B",null],"character_chosen":"THE_SILENT","items_purchased":["Noxious Fumes","Footwork","Mayhem"],"campfire_rested":5,"item_purchase_floors":[28,47,47],"current_hp_per_floor":[68,66,61,55,50,50,33,31,31,31,52,43,45,45,45,21,70,66,66,68,68,63,51,70,70,70,70,70,70,69,57,70,70,70,67,54,48,48,48,69,62,62,62,70,62,62,62,30,51,69],"gold":142,"neow_bonus":"ONE_RARE_RELIC","is_prod":false,"is_daily":false,"chose_seed":false,"campfire_upgraded":2,"win_rate":0,"timestamp":1552062470,"path_taken":["M","?","M","M","M","R","E","M","T","?","R","E","M","?","R","BOSS","M","?","M","?","?","E","R","?","T","?","$","R","M","E","R","BOSS","M","?","M","?","M","R","E","?","T","E","?","?","$","E","R","BOSS"],"build_version":"2019-01-23","purchased_purges":1,"victory":true,"max_hp_per_floor":[70,70,70,70,70,70,70,70,70,70,70,70,70,70,70,70,70,70,70,70,70,70,70,70,70,70,70,70,70,70,70,70,70,70,70,70,70,70,70,70,70,70,70,70,70,70,70,70,70,70],"card_choices":[{"not_picked":["Prepared","Choke"],"picked":"Blur","floor":1.0},{"not_picked":["Acrobatics","Backflip"],"picked":"Cloak And Dagger","floor":2.0},{"not_picked":["Dodge and Roll","Quick Slash"],"picked":"Crippling Poison","floor":3.0},{"not_picked":["Deadly Poison","Blade Dance"],"picked":"Skewer","floor":4.0},{"not_picked":["Blade Dance","Deadly Poison"],"picked":"Escape Plan","floor":5.0},{"not_picked":["Phantasmal Killer","Finisher","Sucker Punch"],"picked":"SKIP","floor":7.0},{"not_picked":["Flying Knee","Slice"],"picked":"PiercingWail","floor":8.0},{"not_picked":["Quick Slash","Blade Dance"],"picked":"Noxious Fumes","floor":12.0},{"not_picked":["Flying Knee","Endless Agony"],"picked":"Deflect","floor":13.0},{"not_picked":["Venomology","Storm of Steel"],"picked":"Envenom","floor":16.0},{"not_picked":["Dagger Spray","Eviscerate+1","Predator"],"picked":"SKIP","floor":18.0},{"not_picked":["All Out Attack+1","Flying Knee"],"picked":"Bouncing Flask","floor":20.0},{"not_picked":["Tactician","Dodge and Roll"],"picked":"Leg Sweep+1","floor":22.0},{"not_picked":["Deflect","Venomology"],"picked":"Backflip+1","floor":23.0},{"not_picked":["Tactician","Dagger Spray"],"picked":"Footwork+1","floor":30.0},{"not_picked":["Acrobatics","Slice","Eviscerate"],"picked":"SKIP","floor":31.0},{"not_picked":["Die Die Die","Grand Finale"],"picked":"Venomology","floor":33.0},{"not_picked":["Skewer+1","Quick Slash+1","Underhanded Strike+1"],"picked":"SKIP","floor":35},{"not_picked":["Finisher","Backstab+1"],"picked":"PiercingWail+1","floor":36},{"not_picked":["Flying Knee+1","Eviscerate","Dagger Throw"],"picked":"SKIP","floor":37},{"not_picked":["Prepared","Quick Slash+1"],"picked":"Leg Sweep+1","floor":39},{"not_picked":["Flechettes","Storm of Steel"],"picked":"Deflect+1","floor":41},{"not_picked":["Dodge and Roll","Cloak And Dagger"],"picked":"After Image","floor":44},{"not_picked":["Expertise+1","Bane"],"picked":"Footwork+1","floor":45},{"not_picked":["Burst+1","Glass Knife","Riddle With Holes"],"picked":"SKIP","floor":48}],"player_experience":673837,"relics_obtained":[{"floor":7.0,"key":"PreservedInsect"},{"floor":9.0,"key":"Girya"},{"floor":12.0,"key":"Blue Candle"},{"floor":14.0,"key":"Mercury Hourglass"},{"floor":23.0,"key":"Turnip"},{"floor":26.0,"key":"Potion Belt"},{"floor":31.0,"key":"Bag of Marbles"},{"floor":36,"key":"Ginger"},{"floor":38,"key":"StoneCalendar"},{"floor":41,"key":"Art of War"},{"floor":43,"key":"Gambling Chip"},{"floor":44,"key":"Toxic Egg 2"},{"floor":48,"key":"Bottled Tornado"}],"event_choices":[{"damage_healed":0.0,"max_hp_gain":0.0,"max_hp_loss":0.0,"gold_gain":0.0,"cards_transformed":["Strike_G"],"event_name":"Living Wall","player_choice":"Change","floor":10.0,"gold_loss":0.0,"damage_taken":0.0,"cards_obtained":["Cloak And Dagger"]},{"damage_healed":0.0,"max_hp_gain":0.0,"max_hp_loss":0.0,"gold_gain":0.0,"event_name":"Vampires","player_choice":"Ignored","floor":19.0,"gold_loss":0.0,"damage_taken":0.0},{"damage_healed":0.0,"max_hp_gain":0.0,"max_hp_loss":0.0,"gold_gain":0.0,"event_name":"Upgrade Shrine","player_choice":"Upgraded","floor":21.0,"gold_loss":0.0,"damage_taken":0.0,"cards_upgraded":["Escape Plan"]},{"damage_healed":0.0,"max_hp_gain":0.0,"max_hp_loss":0.0,"gold_gain":0.0,"event_name":"The Mausoleum","player_choice":"Ignored","floor":25.0,"gold_loss":0.0,"damage_taken":0.0},{"damage_healed":0.0,"max_hp_gain":0.0,"max_hp_loss":0.0,"gold_gain":0.0,"event_name":"N\u0027loth","player_choice":"Traded Relic","floor":27.0,"relics_lost":["Blue Candle"],"gold_loss":0.0,"damage_taken":0.0,"relics_obtained":["Nloth\u0027s Gift"]},{"damage_healed":0,"gold_gain":0,"player_choice":"Fight","damage_taken":0,"max_hp_gain":0,"max_hp_loss":0,"event_name":"Mysterious Sphere","floor":36,"gold_loss":0},{"damage_healed":0,"gold_gain":0,"cards_transformed":["Strike_G"],"player_choice":"Transformed","damage_taken":0,"max_hp_gain":0,"max_hp_loss":0,"event_name":"Transmorgrifier","floor":42,"gold_loss":0,"cards_obtained":["After Image"]}],"is_beta":false,"boss_relics":[{"not_picked":["Ectoplasm","White Beast Statue"],"picked":"Fusion Hammer"},{"not_picked":["Pandora\u0027s Box","Orrery"],"picked":"Ring of the Serpent"}],"items_purged_floors":[47],"is_endless":false,"potions_floor_spawned":[2,3,4,16,18,20,31,33,37,39,41,44,45],"ascension_level":1}