{"gold_per_floor":[116,131,150,166,177,177,202,202,225,243,193,212,212,231,231,335,335,353,366,381,381],"floor_reached":21,"playtime":2336,"items_purged":[],"score":237,"play_id":"5c616bc1-e02a-437a-9254-45b5d5823e92","local_time":"20181023005733","is_ascension_mode":false,"campfire_choices":[{"data":"Warcry","floor":6.0,"key":"SMITH"},{"data":"Feed","floor":15.0,"key":"SMITH"}],"neow_cost":"NONE","seed_source_timestamp":442811373756,"circlet_count":0,"master_deck":["Strike_R","Strike_R","Strike_R","Defend_R","Defend_R","Defend_R","Defend_R","Bash","Warcry+1","Shrug It Off","Feed+1","Wild Strike","Headbutt","Armaments","Offering","Whirlwind","Berserk","Hemokinesis","Iron Wave+1","Clash+1"],"special_seed":0,"relics":["Burning Blood","FossilizedHelix","Pen Nib","Orichalcum","Black Star"],"potions_floor_usage":[16,20],"damage_taken":[{"damage":10.0,"enemies":"Jaw Worm","floor":1.0,"turns":4.0},{"damage":10.0,"enemies":"2 Louse","floor":2.0,"turns":4.0},{"damage":2.0,"enemies":"Small Slimes","floor":3.0,"turns":4.0},{"damage":19.0,"enemies":"Exordium Wildlife","floor":4.0,"turns":7.0},{"damage":9.0,"enemies":"2 Fungi Beasts","floor":5.0,"turns":4.0},{"damage":31.0,"enemies":"3 Sentries","floor":7.0,"turns":9.0},{"damage":2.0,"enemies":"Red Slaver","floor":10.0,"turns":4.0},{"damage":5.0,"enemies":"Large Slime","floor":12.0,"turns":7.0},{"damage":6.0,"enemies":"Gremlin Gang","floor":14.0,"turns":4.0},{"damage":43,"enemies":"Slime Boss","floor":16,"turns":17},{"damage":0,"enemies":"3 Byrds","floor":18,"turns":3},{"damage":61,"enemies":"Spheric Guardian","floor":19,"turns":8},{"damage":47,"enemies":"Centurion and Healer","floor":20,"turns":6},{"damage":27,"enemies":"Snake Plant","floor":21,"turns":4}],"seed_played":"4965252265487003066","potions_obtained":[{"floor":2.0,"key":"Regen Potion"},{"floor":4.0,"key":"Dexterity Potion"},{"floor":12.0,"key":"BloodPotion"},{"floor":14.0,"key":"Dexterity Potion"},{"floor":19,"key":"SteroidPotion"}],"is_trial":false,"path_per_floor":["M","M","M","M","M","R","E","?","T","M","?","M","?","M","R","B",null,"M","M","M"],"character_chosen":"IRONCLAD","items_purchased":[],"campfire_rested":0,"item_purchase_floors":[],"current_hp_per_floor":[84,80,84,74,74,74,67,64,64,71,71,76,76,89,89,56,111,115,64,27,0],"gold":381,"neow_bonus":"TEN_PERCENT_HP_BONUS","is_prod":false,"is_daily":false,"chose_seed":false,"campfire_upgraded":2,"win_rate":0,"timestamp":1540245453,"path_taken":["M","M","M","M","M","R","E","?","T","M","?","?","?","M","R","BOSS","M","M","M","M"],"build_version":"2018-10-18","purchased_purges":0,"victory":false,"max_hp_per_floor":[88,88,88,91,94,94,97,97,97,100,100,104,104,107,107,111,111,115,119,123,123],"card_choices":[{"not_picked":["Heavy Blade","Thunderclap"],"picked":"Warcry","floor":1.0},{"not_picked":["Clothesline","Headbutt"],"picked":"Shrug It Off","floor":2.0},{"not_picked":["Uppercut","Second Wind"],"picked":"Feed","floor":3.0},{"not_picked":["True Grit","Twin Strike"],"picked":"Wild Strike","floor":4.0},{"not_picked":["Intimidate","Perfected Strike","Flex"],"picked":"SKIP","floor":5.0},{"not_picked":["Carnage","Perfected Strike"],"picked":"Headbutt","floor":7.0},{"not_picked":["True Grit","Evolve"],"picked":"Armaments","floor":10.0},{"not_picked":["Rupture","Flex"],"picked":"Offering","floor":12.0},{"not_picked":["Pummel","Perfected Strike"],"picked":"Whirlwind","floor":14.0},{"not_picked":["Fiend Fire","Dark Embrace"],"picked":"Berserk","floor":16},{"not_picked":["Shrug It Off","Clothesline"],"picked":"Hemokinesis","floor":18},{"not_picked":["Clothesline","Sword Boomerang"],"picked":"Iron Wave+1","floor":19},{"not_picked":["Uppercut","Entrench"],"picked":"Clash+1","floor":20}],"player_experience":198175,"relics_obtained":[{"floor":7.0,"key":"FossilizedHelix"},{"floor":9.0,"key":"Orichalcum"}],"event_choices":[{"damage_healed":0.0,"max_hp_gain":0.0,"max_hp_loss":0.0,"gold_gain":0.0,"event_name":"Scrap Ooze","player_choice":"Success","floor":8.0,"gold_loss":0.0,"damage_taken":3.0,"relics_obtained":["Pen Nib"]},{"cards_removed":["Strike_R"],"damage_healed":0.0,"max_hp_gain":0.0,"max_hp_loss":0.0,"gold_gain":0.0,"event_name":"The Cleric","player_choice":"Card Removal","floor":11.0,"gold_loss":50.0,"damage_taken":0.0},{"cards_removed":["Strike_R"],"damage_healed":0.0,"max_hp_gain":0.0,"max_hp_loss":0.0,"gold_gain":0.0,"event_name":"Purifier","player_choice":"Purged","floor":13.0,"gold_loss":0.0,"damage_taken":0.0}],"is_beta":false,"boss_relics":[{"not_picked":["Snecko Eye","Lizard Tail"],"picked":"Black Star"}],"items_purged_floors":[],"is_endless":false,"potions_floor_spawned":[2,4,12,14,19],"killed_by":"Snake Plant","ascension_level":0}