{"gold_per_floor":[113,125,125,141,66,92,92,123,123,143,170,170,182,132,132,227,227,237,237,254,10,22,55,154,186,186,49,49,62,62,62,62,157,157,174,188,188,188,203,203,229,229,229,36,36,53,66,84,84,84,84,84,30,63,63],"floor_reached":55,"playtime":3873,"items_purged":["Strike_R","Strike_R","Strike_R"],"score":1039,"play_id":"5bd32ee5-88ef-4267-8477-fadf8b332aff","local_time":"20190531010244","is_ascension_mode":true,"campfire_choices":[{"data":"Armaments","floor":7,"key":"SMITH"},{"data":"Immolate","floor":12,"key":"SMITH"},{"data":"True Grit","floor":15,"key":"SMITH"},{"floor":28,"key":"REST"},{"data":"Sentinel","floor":32,"key":"SMITH"},{"floor":40,"key":"RECALL"},{"floor":42,"key":"REST"},{"floor":49,"key":"REST"},{"floor":52,"key":"REST"}],"neow_cost":"NONE","seed_source_timestamp":2434488698900,"circlet_count":0,"master_deck":["Defend_R","Defend_R","Defend_R","Defend_R","Bash","Iron Wave","Feel No Pain","Disarm","Armaments+1","Burning Pact","Shrug It Off","Immolate+1","True Grit+1","Limit Break+1","Anger+1","Battle Trance","Sentinel+1","Shrug It Off","Seeing Red+1","Demon Form+1","Juggernaut+1","Uppercut+1","Heavy Blade","Feel No Pain+1","Shockwave","Flame Barrier","Barricade+1","Entrench+1","Feel No Pain+1","Metallicize+1"],"relics":["Burning Blood","Bronze Scales","Bottled Lightning","Frozen Egg 2","Dream Catcher","Sozu","Bag of Marbles","Vajra","FossilizedHelix","Shuriken","The Courier","Fusion Hammer","Anchor","Pear"],"potions_floor_usage":[8,8,10,16,20,23],"damage_taken":[{"damage":11,"enemies":"Jaw Worm","floor":1,"turns":6},{"damage":1,"enemies":"Small Slimes","floor":2,"turns":5},{"damage":1,"enemies":"Cultist","floor":4,"turns":4},{"damage":19,"enemies":"3 Sentries","floor":6,"turns":13},{"damage":17,"enemies":"Lagavulin","floor":8,"turns":7},{"damage":3,"enemies":"Large Slime","floor":10,"turns":6},{"damage":35,"enemies":"Gremlin Nob","floor":11,"turns":5},{"damage":2,"enemies":"Blue Slaver","floor":13,"turns":4},{"damage":0,"enemies":"The Guardian","floor":16,"turns":12},{"damage":0,"enemies":"Chosen","floor":18,"turns":5},{"damage":11,"enemies":"Spheric Guardian","floor":20,"turns":6},{"damage":19,"enemies":"Snecko","floor":22,"turns":7},{"damage":43,"enemies":"Gremlin Leader","floor":23,"turns":8},{"damage":5,"enemies":"Book of Stabbing","floor":25,"turns":6},{"damage":0,"enemies":"Centurion and Healer","floor":29,"turns":6},{"damage":41,"enemies":"Collector","floor":33,"turns":10},{"damage":9,"enemies":"3 Shapes","floor":35,"turns":4},{"damage":0,"enemies":"3 Darklings","floor":36,"turns":2},{"damage":13,"enemies":"Spire Growth","floor":39,"turns":5},{"damage":8,"enemies":"Nemesis","floor":41,"turns":5},{"damage":11,"enemies":"Sphere and 2 Shapes","floor":46,"turns":6},{"damage":11,"enemies":"Maw","floor":47,"turns":8},{"damage":24,"enemies":"Spire Growth","floor":48,"turns":6},{"damage":19,"enemies":"Time Eater","floor":50,"turns":10},{"damage":66,"enemies":"Shield and Spear","floor":54,"turns":8},{"damage":61,"enemies":"The Heart","floor":55,"turns":3}],"seed_played":"-3238207015602225709","potions_obtained":[{"floor":0,"key":"FearPotion"},{"floor":0,"key":"Block Potion"},{"floor":0,"key":"SkillPotion"},{"floor":11,"key":"Fruit Juice"},{"floor":13,"key":"AttackPotion"},{"floor":16,"key":"SkillPotion"}],"is_trial":false,"path_per_floor":["M","M","?","M","$","E","R","E","T","M","E","R","M","?","R","B",null,"M","?","M","$","M","E","?","E","T","$","R","M","?","T","R","B",null,"M","M","?","?","M","R","E","R","T","$","?","M","M","M","R","B",null,"R","$","E","B"],"character_chosen":"IRONCLAD","items_purchased":["Bag of Marbles","Demon Form+1","Shockwave","Flame Barrier","Metallicize+1"],"campfire_rested":4,"item_purchase_floors":[21,27,44,44,53],"current_hp_per_floor":[67,72,77,82,82,69,69,58,58,61,32,32,36,36,36,47,79,85,85,80,80,67,30,30,31,31,31,58,64,64,64,64,29,75,72,78,78,78,71,71,69,90,90,90,90,85,80,62,89,76,87,90,90,40,0],"gold":63,"neow_bonus":"THREE_SMALL_POTIONS","is_prod":false,"is_daily":false,"chose_seed":false,"campfire_upgraded":4,"win_rate":0,"timestamp":1559244764,"path_taken":["M","M","?","M","$","E","R","E","T","M","E","R","M","?","R","BOSS","M","?","M","$","M","E","?","E","T","?","R","?","?","?","R","BOSS","M","M","?","?","M","R","E","R","T","$","?","M","?","M","R","BOSS","R","$","E","BOSS"],"build_version":"2019-01-23","purchased_purges":3,"victory":false,"max_hp_per_floor":[80,80,85,85,85,85,85,85,85,85,85,85,85,85,85,90,90,90,90,90,90,90,90,90,90,90,90,90,90,90,90,90,90,90,90,90,90,90,90,90,90,90,90,90,90,90,90,90,90,90,90,90,90,100,100],"card_choices":[{"not_picked":["Ghostly Armor","Anger"],"picked":"Iron Wave","floor":1},{"not_picked":["Blood for Blood","Second Wind"],"picked":"Feel No Pain","floor":2},{"not_picked":["Headbutt","Iron Wave"],"picked":"Disarm","floor":4},{"not_picked":["Heavy Blade","Havoc"],"picked":"Armaments","floor":6},{"not_picked":["Wild Strike","Flex"],"picked":"Burning Pact","floor":8},{"not_picked":["Bludgeon","Iron Wave"],"picked":"Shrug It Off","floor":10},{"not_picked":["Sentinel","Rupture+1"],"picked":"Immolate","floor":11},{"not_picked":["Hemokinesis","Shrug It Off"],"picked":"True Grit","floor":13},{"not_picked":["Immolate","Double Tap"],"picked":"Limit Break","floor":16},{"not_picked":["Ghostly Armor","Clothesline"],"picked":"Anger+1","floor":18},{"not_picked":["Armaments+1","Heavy Blade","Iron Wave"],"picked":"SKIP","floor":20},{"not_picked":["Infernal Blade","Battle Trance"],"picked":"Sentinel","floor":22},{"not_picked":["Perfected Strike","Clash"],"picked":"Shrug It Off","floor":23},{"not_picked":["Cleave+1","Clothesline"],"picked":"Seeing Red+1","floor":25},{"not_picked":["Power Through","Iron Wave","Shrug It Off"],"picked":"SKIP","floor":29},{"not_picked":["Exhume","Impervious"],"picked":"Juggernaut+1","floor":33},{"not_picked":["Heavy Blade","Sword Boomerang"],"picked":"Uppercut+1","floor":35},{"not_picked":["Clothesline","Havoc"],"picked":"Heavy Blade","floor":36},{"not_picked":["Hemokinesis","Offering","Headbutt"],"picked":"SKIP","floor":39},{"not_picked":["Blood for Blood+1","Intimidate","Body Slam"],"picked":"SKIP","floor":41},{"not_picked":["Whirlwind+1","Corruption+1"],"picked":"Feel No Pain+1","floor":42},{"not_picked":["Clothesline+1","Uppercut","Flex"],"picked":"SKIP","floor":46},{"not_picked":["Heavy Blade","True Grit+1"],"picked":"Barricade+1","floor":47},{"not_picked":["Twin Strike+1","Blood for Blood","Spot Weakness"],"picked":"SKIP","floor":48},{"not_picked":["Pommel Strike","Shrug It Off"],"picked":"Entrench+1","floor":49},{"not_picked":["True Grit","Anger"],"picked":"Feel No Pain+1","floor":52},{"not_picked":["Sever Soul","Shrug It Off","Clothesline+1"],"picked":"SKIP","floor":54}],"player_experience":231700,"relics_obtained":[{"floor":6,"key":"Bronze Scales"},{"floor":8,"key":"Bottled Lightning"},{"floor":9,"key":"Frozen Egg 2"},{"floor":11,"key":"Dream Catcher"},{"floor":23,"key":"Vajra"},{"floor":25,"key":"FossilizedHelix"},{"floor":26,"key":"Shuriken"},{"floor":31,"key":"The Courier"},{"floor":41,"key":"Anchor"},{"floor":54,"key":"Pear"}],"event_choices":[{"damage_healed":0,"gold_gain":0,"player_choice":"Donut","damage_taken":0,"max_hp_gain":5,"max_hp_loss":0,"event_name":"Big Fish","floor":3,"gold_loss":0},{"cards_removed":["Strike_R"],"damage_healed":0,"gold_gain":0,"player_choice":"Card Removal","damage_taken":0,"max_hp_gain":0,"max_hp_loss":0,"event_name":"The Cleric","floor":14,"gold_loss":50},{"damage_healed":0,"gold_gain":0,"player_choice":"Read","damage_taken":0,"max_hp_gain":0,"max_hp_loss":0,"event_name":"The Library","floor":19,"gold_loss":0,"cards_obtained":["Battle Trance"]},{"damage_healed":0,"gold_gain":99,"player_choice":"Stole From Cult","damage_taken":0,"max_hp_gain":0,"max_hp_loss":0,"event_name":"Nest","floor":24,"gold_loss":0},{"damage_healed":0,"gold_gain":0,"player_choice":"Ignored","damage_taken":0,"max_hp_gain":0,"max_hp_loss":0,"event_name":"Beggar","floor":30,"gold_loss":0},{"cards_removed":["Strike_R"],"damage_healed":0,"gold_gain":0,"player_choice":"Removed Attack","damage_taken":0,"max_hp_gain":0,"max_hp_loss":0,"event_name":"Falling","floor":37,"gold_loss":0},{"damage_healed":0,"gold_gain":0,"player_choice":"Ignored","damage_taken":0,"max_hp_gain":0,"max_hp_loss":0,"event_name":"Tomb of Lord Red Mask","floor":38,"gold_loss":0},{"damage_healed":0,"gold_gain":0,"player_choice":"Forge","damage_taken":0,"max_hp_gain":0,"max_hp_loss":0,"event_name":"Accursed Blacksmith","floor":45,"gold_loss":0,"cards_upgraded":["Limit Break"]}],"is_beta":false,"boss_relics":[{"not_picked":["Astrolabe","Snecko Eye"],"picked":"Sozu"},{"not_picked":["White Beast Statue","Busted Crown"],"picked":"Fusion Hammer"}],"items_purged_floors":[5,21,44],"is_endless":false,"potions_floor_spawned":[1,4,11,13,16,22,23,29,35,36,39,47],"killed_by":"The Heart","ascension_level":6}