{"gold_per_floor":[215,215,230,230,195,225,225,76,76,76,76,94,125,142,142,245,245,245,245,245,245,14,14,14,14,14,14,14,14,14,14,14,14,14,14,14,14,14,14,14,14,14,14,14,14,14,14,14,14,14],"floor_reached":51,"playtime":2646,"items_purged":["Strike_R"],"score":752,"play_id":"c9612e82-4877-41dd-a0b7-4bd1b5458da5","local_time":"20190219213818","is_ascension_mode":false,"campfire_choices":[{"floor":7.0,"key":"REST"},{"data":"Uppercut","floor":11.0,"key":"SMITH"},{"data":"Combust","floor":15.0,"key":"SMITH"},{"data":"Clash","floor":23.0,"key":"SMITH"},{"data":"Bludgeon","floor":25.0,"key":"SMITH"},{"data":"Clash","floor":30.0,"key":"SMITH"},{"data":"Clash","floor":32.0,"key":"SMITH"},{"data":"Anger","floor":40.0,"key":"SMITH"},{"data":"Feed","floor":42.0,"key":"SMITH"},{"data":"Dropkick","floor":45.0,"key":"SMITH"},{"data":"Bash","floor":46.0,"key":"SMITH"},{"data":"Dropkick","floor":49,"key":"SMITH"}],"neow_cost":"NONE","seed_source_timestamp":206683820304200,"circlet_count":0,"master_deck":["Strike_R","Strike_R","Strike_R","Strike_R","Defend_R","Defend_R","Bash+1","Clash+1","Anger+1","Wild Strike","Uppercut+1","Clash+1","Combust+1","Dropkick+1","Bludgeon+1","Clash+1","Warcry+1","Second Wind+1","Dropkick+1","Double Tap+1","Carnage+1","Burning Pact+1","Rage+1","Offering+1","Whirlwind","Pommel Strike+1","Anger+1","Havoc+1","Clash+1","Feed+1","Burning Pact+1"],"special_seed":0,"relics":["Burning Blood","Bronze Scales","Toxic Egg 2","Champion Belt","Regal Pillow","Ectoplasm","Anchor","Bag of Marbles","Art of War","Orrery","Calipers","WingedGreaves","Potion Belt","Smiling Mask"],"potions_floor_usage":[50,50,50],"damage_taken":[{"damage":6.0,"enemies":"Jaw Worm","floor":1.0,"turns":3.0},{"damage":0.0,"enemies":"Small Slimes","floor":3.0,"turns":3.0},{"damage":44.0,"enemies":"Lagavulin","floor":6.0,"turns":6.0},{"damage":0.0,"enemies":"2 Louse","floor":12.0,"turns":1.0},{"damage":0.0,"enemies":"Gremlin Nob","floor":13.0,"turns":2.0},{"damage":0.0,"enemies":"Looter","floor":14.0,"turns":2.0},{"damage":38.0,"enemies":"The Guardian","floor":16.0,"turns":7.0},{"damage":5.0,"enemies":"3 Byrds","floor":18.0,"turns":2.0},{"damage":5.0,"enemies":"Chosen","floor":19.0,"turns":3.0},{"damage":21.0,"enemies":"Snake Plant","floor":20.0,"turns":2.0},{"damage":1.0,"enemies":"Centurion and Healer","floor":21.0,"turns":3.0},{"damage":0.0,"enemies":"Gremlin Leader","floor":24.0,"turns":2.0},{"damage":9.0,"enemies":"3 Cultists","floor":27.0,"turns":3.0},{"damage":0.0,"enemies":"Snake Plant","floor":29.0,"turns":2.0},{"damage":0.0,"enemies":"Shelled Parasite and Fungi","floor":31.0,"turns":2.0},{"damage":28.0,"enemies":"Collector","floor":33.0,"turns":6.0},{"damage":6.0,"enemies":"3 Shapes","floor":35.0,"turns":2.0},{"damage":6.0,"enemies":"Orb Walker","floor":36.0,"turns":2.0},{"damage":0.0,"enemies":"Mind Bloom Boss Battle","floor":37.0,"turns":3.0},{"damage":6.0,"enemies":"2 Orb Walkers","floor":38.0,"turns":2.0},{"damage":6.0,"enemies":"Sphere and 2 Shapes","floor":41.0,"turns":3.0},{"damage":6.0,"enemies":"Writhing Mass","floor":44.0,"turns":2.0},{"damage":12,"enemies":"Maw","floor":47,"turns":4},{"damage":25,"enemies":"Time Eater","floor":50,"turns":8}],"seed_played":"942180560123393489","potions_obtained":[{"floor":6.0,"key":"Dexterity Potion"},{"floor":12.0,"key":"AttackPotion"},{"floor":13.0,"key":"Explosive Potion"},{"floor":14.0,"key":"PowerPotion"},{"floor":20.0,"key":"SpeedPotion"},{"floor":21.0,"key":"EssenceOfSteel"},{"floor":24.0,"key":"SkillPotion"},{"floor":36.0,"key":"GamblersBrew"},{"floor":37.0,"key":"PowerPotion"},{"floor":44.0,"key":"EssenceOfSteel"}],"is_trial":false,"path_per_floor":["M","?","M","?","?","E","R","$","T","?","R","M","E","M","R","B",null,"M","M","M","M","$","R","E","R","T","M","?","M","R","M","R","B",null,"M","M","?","?","?","R","M","R","T","M","R","R","M","T","R","B",null],"character_chosen":"IRONCLAD","items_purchased":["Uppercut","Dropkick","Anchor"],"campfire_rested":1,"item_purchase_floors":[8,22,22],"current_hp_per_floor":[80,73,79,46,66,28,52,52,52,78,78,80,80,80,80,48,80,80,80,65,70,70,70,76,76,76,73,58,64,64,70,70,48,85,85,85,85,85,85,85,88,88,88,88,88,88,82,82,82,63],"gold":14,"neow_bonus":"HUNDRED_GOLD","is_prod":false,"is_daily":false,"chose_seed":false,"campfire_upgraded":11,"win_rate":0,"timestamp":1550630298,"path_taken":["M","?","M","?","?","E","R","$","T","?","R","M","E","?","R","BOSS","M","M","M","M","$","R","E","R","T","M","?","M","R","M","R","BOSS","M","M","?","?","?","R","M","R","T","M","R","R","M","?","R","BOSS"],"build_version":"2019-02-06","purchased_purges":1,"victory":true,"max_hp_per_floor":[80,80,80,80,80,80,80,80,80,80,80,80,80,80,80,80,80,80,80,80,80,80,80,80,80,80,80,85,85,85,85,85,85,85,85,85,85,85,85,85,88,88,88,88,88,88,88,88,88,88],"card_choices":[{"not_picked":["Iron Wave","True Grit"],"picked":"Clash","floor":1.0},{"not_picked":["Bloodletting","Havoc"],"picked":"Anger","floor":3.0},{"not_picked":["Perfected Strike","Armaments"],"picked":"Wild Strike","floor":6.0},{"not_picked":["Iron Wave","Brutality"],"picked":"Clash","floor":12.0},{"not_picked":["Perfected Strike","Carnage"],"picked":"Combust","floor":13.0},{"not_picked":["Dual Wield+1","Rampage"],"picked":"Dropkick","floor":14.0},{"not_picked":["Barricade","Limit Break+1"],"picked":"Bludgeon","floor":16.0},{"not_picked":["Rampage+1","Flame Barrier+1"],"picked":"Clash","floor":18.0},{"not_picked":["Sword Boomerang+1","Reckless Charge"],"picked":"Warcry+1","floor":19.0},{"not_picked":["Sentinel+1","Sword Boomerang","Second Wind+1"],"picked":"SKIP","floor":20.0},{"not_picked":["Anger","Flame Barrier+1"],"picked":"Second Wind+1","floor":21.0},{"not_picked":["Searing Blow+1","Iron Wave"],"picked":"Double Tap+1","floor":24.0},{"not_picked":["Wild Strike+1","Twin Strike"],"picked":"Carnage+1","floor":27.0},{"not_picked":["Spot Weakness+1","Sever Soul"],"picked":"Burning Pact+1","floor":29.0},{"not_picked":["Clothesline","Seeing Red+1"],"picked":"Rage+1","floor":31.0},{"not_picked":["Bludgeon","Berserk"],"picked":"Offering+1","floor":33.0},{"not_picked":["Armaments+1","Feel No Pain+1"],"picked":"Whirlwind","floor":34.0},{"not_picked":["Warcry+1","Intimidate+1"],"picked":"Pommel Strike+1","floor":34.0},{"not_picked":["True Grit+1","Heavy Blade"],"picked":"Anger+1","floor":34.0},{"not_picked":["Anger","Iron Wave"],"picked":"Havoc+1","floor":34.0},{"not_picked":["Warcry+1","Reckless Charge"],"picked":"Clash+1","floor":35.0},{"not_picked":["Wild Strike+1","Twin Strike"],"picked":"Feed","floor":36.0},{"not_picked":["Wild Strike+1","Dual Wield+1"],"picked":"Burning Pact+1","floor":41.0},{"not_picked":["True Grit+1","Fiend Fire","Flex+1"],"picked":"SKIP","floor":44.0},{"not_picked":["Warcry+1","Fire Breathing+1","Havoc+1"],"picked":"SKIP","floor":47}],"player_experience":645284,"relics_obtained":[{"floor":6.0,"key":"Toxic Egg 2"},{"floor":9.0,"key":"Champion Belt"},{"floor":13.0,"key":"Regal Pillow"},{"floor":24.0,"key":"Bag of Marbles"},{"floor":26.0,"key":"Art of War"},{"floor":37.0,"key":"Calipers"},{"floor":38.0,"key":"WingedGreaves"},{"floor":43.0,"key":"Potion Belt"},{"floor":48,"key":"Smiling Mask"}],"event_choices":[{"cards_removed":["Defend_R"],"damage_healed":0.0,"max_hp_gain":0.0,"max_hp_loss":0.0,"gold_gain":0.0,"event_name":"Golden Wing","player_choice":"Card Removal","floor":2.0,"gold_loss":0.0,"damage_taken":7.0},{"damage_healed":0.0,"max_hp_gain":0.0,"max_hp_loss":0.0,"gold_gain":0.0,"event_name":"Scrap Ooze","player_choice":"Success","floor":4.0,"gold_loss":0.0,"damage_taken":33.0,"relics_obtained":["Bronze Scales"]},{"damage_healed":20.0,"max_hp_gain":0.0,"max_hp_loss":0.0,"gold_gain":0.0,"event_name":"The Cleric","player_choice":"Healed","floor":5.0,"gold_loss":35.0,"damage_taken":0.0},{"damage_healed":26.0,"max_hp_gain":0.0,"max_hp_loss":0.0,"gold_gain":0.0,"event_name":"Big Fish","player_choice":"Banana","floor":10.0,"gold_loss":0.0,"damage_taken":0.0},{"damage_healed":0.0,"max_hp_gain":5.0,"max_hp_loss":0.0,"gold_gain":0.0,"event_name":"Forgotten Altar","player_choice":"Shed Blood","floor":28.0,"gold_loss":0.0,"damage_taken":20.0},{"damage_healed":0.0,"max_hp_gain":0.0,"max_hp_loss":0.0,"gold_gain":0.0,"event_name":"MindBloom","player_choice":"Fight","floor":37.0,"gold_loss":0.0,"damage_taken":0.0},{"damage_healed":0.0,"max_hp_gain":0.0,"max_hp_loss":0.0,"gold_gain":0.0,"event_name":"Mysterious Sphere","player_choice":"Fight","floor":38.0,"gold_loss":0.0,"damage_taken":0.0},{"cards_removed":["Defend_R"],"damage_healed":0.0,"max_hp_gain":0.0,"max_hp_loss":0.0,"gold_gain":0.0,"event_name":"Falling","player_choice":"Removed Skill","floor":39.0,"gold_loss":0.0,"damage_taken":0.0}],"is_beta":true,"boss_relics":[{"not_picked":["Runic Cube","Calling Bell"],"picked":"Ectoplasm"},{"not_picked":["Snecko Eye","Busted Crown"],"picked":"Orrery"}],"items_purged_floors":[8],"is_endless":false,"potions_floor_spawned":[6,12,13,14,20,21,24,31,36,37,41,44],"ascension_level":0}