{"gold_per_floor":[118,136,61,61,61,61,99,99,99,142,142,67,80,80,80,80],"floor_reached":16,"playtime":526,"items_purged":["Strike_R"],"score":151,"play_id":"568ed1fd-1099-407b-a88d-478669555b1b","local_time":"20190504143946","is_ascension_mode":true,"campfire_choices":[{"floor":6,"key":"RECALL"},{"data":"Rampage","floor":8,"key":"SMITH"},{"floor":15,"key":"REST"}],"neow_cost":"NONE","seed_source_timestamp":1003755854975600,"circlet_count":0,"master_deck":["Strike_R","Strike_R","Strike_R","Defend_R","Defend_R","Defend_R","Defend_R","Bash","Rampage+1","Spot Weakness","Evolve"],"relics":["Burning Blood","NeowsBlessing","Golden Idol","Ginger","Blue Candle","Prayer Wheel"],"potions_floor_usage":[16],"damage_taken":[{"damage":0,"enemies":"Small Slimes","floor":1,"turns":1},{"damage":0,"enemies":"2 Louse","floor":2,"turns":1},{"damage":0,"enemies":"Lagavulin","floor":7,"turns":1},{"damage":35,"enemies":"Gremlin Nob","floor":10,"turns":4},{"damage":8,"enemies":"Jaw Worm","floor":13,"turns":5},{"damage":53,"enemies":"Hexaghost","floor":16,"turns":9}],"seed_played":"-6575658225208795347","potions_obtained":[{"floor":7,"key":"GamblersBrew"}],"is_trial":false,"path_per_floor":["M","M","$","?","?","R","E","R","T","E","?","$","M","?","R","B"],"character_chosen":"IRONCLAD","items_purchased":["Evolve"],"campfire_rested":1,"item_purchase_floors":[12],"current_hp_per_floor":[80,80,80,60,60,60,66,66,66,37,30,30,28,28,52,0],"gold":80,"neow_bonus":"THREE_ENEMY_KILL","is_prod":false,"is_daily":false,"chose_seed":false,"campfire_upgraded":1,"win_rate":0,"timestamp":1556995186,"path_taken":["M","M","$","?","?","R","E","R","T","E","?","?","M","?","R","BOSS"],"build_version":"2019-01-23","purchased_purges":1,"victory":false,"max_hp_per_floor":[80,80,80,80,80,80,80,80,80,80,80,80,80,80,80,80],"card_choices":[{"not_picked":["Havoc","Clothesline","Heavy Blade"],"picked":"SKIP","floor":1},{"not_picked":["Clash","Shockwave"],"picked":"Rampage","floor":2},{"not_picked":["Blood for Blood","Flex"],"picked":"Spot Weakness","floor":7},{"not_picked":["Pommel Strike","Perfected Strike","Iron Wave"],"picked":"SKIP","floor":10},{"not_picked":["Pummel","Wild Strike","Clothesline"],"picked":"SKIP","floor":13},{"not_picked":["Uppercut","Reckless Charge","Rupture"],"picked":"SKIP","floor":13}],"player_experience":241189,"relics_obtained":[{"floor":7,"key":"Ginger"},{"floor":10,"key":"Blue Candle"}],"event_choices":[{"damage_healed":0,"gold_gain":0,"player_choice":"Take Damage","damage_taken":20,"relics_obtained":["Golden Idol"],"max_hp_gain":0,"max_hp_loss":0,"event_name":"Golden Idol","floor":4,"gold_loss":0},{"damage_healed":0,"gold_gain":0,"player_choice":"Ignored","damage_taken":0,"max_hp_gain":0,"max_hp_loss":0,"event_name":"Liars Game","floor":5,"gold_loss":0},{"damage_healed":0,"gold_gain":0,"player_choice":"Success","damage_taken":7,"relics_obtained":["Prayer Wheel"],"max_hp_gain":0,"max_hp_loss":0,"event_name":"Scrap Ooze","floor":11,"gold_loss":0},{"cards_removed":["Strike_R"],"damage_healed":0,"gold_gain":0,"player_choice":"Offered Basic","damage_taken":0,"max_hp_gain":0,"max_hp_loss":0,"event_name":"Bonfire Elementals","floor":14,"gold_loss":0}],"is_beta":false,"boss_relics":[],"items_purged_floors":[3],"is_endless":false,"potions_floor_spawned":[7],"killed_by":"Hexaghost","ascension_level":3}