{"gold_per_floor":[415,415,428,428,47,47,84,84,108,152,193,243,243,303,303,303],"floor_reached":16,"playtime":728,"items_purged":[],"score":248,"play_id":"63cb8da9-1ea0-42f1-8fcf-ca22bd02d598","local_time":"20190525183136","is_ascension_mode":true,"campfire_choices":[{"data":"Zap","floor":6.0,"key":"SMITH"},{"data":"HandOfGreed","floor":8.0,"key":"SMITH"},{"data":"Buffer","floor":13.0,"key":"SMITH"},{"data":"Fusion","floor":15.0,"key":"SMITH"}],"neow_cost":"TEN_PERCENT_HP_LOSS","seed_source_timestamp":86055590920700,"circlet_count":0,"master_deck":["AscendersBane","Strike_B","Strike_B","Strike_B","Strike_B","Defend_B","Defend_B","Defend_B","Zap+1","Dualcast","Genetic Algorithm","Zap","Buffer+1","HandOfGreed+1","Auto Shields","Fusion+1","Beam Cell"],"special_seed":0,"relics":["Cracked Core","Old Coin","Strawberry","Centennial Puzzle","Regal Pillow"],"potions_floor_usage":[16],"damage_taken":[{"damage":14.0,"enemies":"Jaw Worm","floor":1.0,"turns":4.0},{"damage":5.0,"enemies":"Cultist","floor":3.0,"turns":4.0},{"damage":5.0,"enemies":"2 Louse","floor":7.0,"turns":2.0},{"damage":0.0,"enemies":"Exordium Wildlife","floor":10.0,"turns":3.0},{"damage":11.0,"enemies":"2 Fungi Beasts","floor":11.0,"turns":3.0},{"damage":0.0,"enemies":"Gremlin Nob","floor":12.0,"turns":4.0},{"damage":12.0,"enemies":"Exordium Thugs","floor":14.0,"turns":7.0},{"damage":19,"enemies":"Hexaghost","floor":16,"turns":7}],"seed_played":"3175390580579847474","potions_obtained":[{"floor":1.0,"key":"Energy Potion"},{"floor":7.0,"key":"Energy Potion"},{"floor":12.0,"key":"PowerPotion"},{"floor":14.0,"key":"Energy Potion"}],"is_trial":false,"path_per_floor":["M","?","M","?","$","R","M","R","T","M","M","E","R","M","R","B"],"character_chosen":"DEFECT","items_purchased":["HandOfGreed","Strawberry"],"campfire_rested":0,"item_purchase_floors":[5,5],"current_hp_per_floor":[50,50,45,38,45,45,40,40,40,40,29,29,29,17,17,0],"gold":303,"neow_bonus":"ONE_RARE_RELIC","is_prod":false,"is_daily":false,"chose_seed":false,"campfire_upgraded":4,"win_rate":0,"timestamp":1558823496,"path_taken":["M","?","?","?","$","R","M","R","T","M","M","E","R","M","R","BOSS"],"build_version":"2019-05-24v2","purchased_purges":0,"victory":false,"max_hp_per_floor":[64,64,64,64,71,71,71,71,71,71,71,71,71,71,71,71],"card_choices":[{"not_picked":["Hologram","Heatsinks"],"picked":"Genetic Algorithm","floor":1.0},{"not_picked":["Coolheaded","Streamline","Hologram"],"picked":"SKIP","floor":3.0},{"not_picked":["Storm","Ball Lightning"],"picked":"Auto Shields","floor":7.0},{"not_picked":["Force Field","Turbo","Rainbow"],"picked":"SKIP","floor":10.0},{"not_picked":["Gash","Hologram","Auto Shields"],"picked":"SKIP","floor":11.0},{"not_picked":["Redo","Stack"],"picked":"Fusion","floor":12.0},{"not_picked":["Scrape","Meteor Strike"],"picked":"Beam Cell","floor":14.0}],"player_experience":718587,"relics_obtained":[{"floor":9.0,"key":"Centennial Puzzle"},{"floor":12.0,"key":"Regal Pillow"}],"event_choices":[{"damage_healed":0.0,"max_hp_gain":0.0,"max_hp_loss":0.0,"gold_gain":0.0,"event_name":"Match and Keep!","player_choice":"2 cards matched","floor":2.0,"gold_loss":0.0,"damage_taken":0.0,"cards_obtained":["Zap","Buffer"]},{"cards_removed":["Defend_B"],"damage_healed":0.0,"max_hp_gain":0.0,"max_hp_loss":0.0,"gold_gain":0.0,"event_name":"Golden Wing","player_choice":"Card Removal","floor":4.0,"gold_loss":0.0,"damage_taken":7.0}],"is_beta":true,"boss_relics":[],"items_purged_floors":[],"is_endless":false,"potions_floor_spawned":[1,7,12,14],"killed_by":"Hexaghost","ascension_level":19}