{"gold_per_floor":[116,116,41,60,60,60,72,72,72,72,72,99,46,58,58,162,162,179,44,63,63,63,63,90,113,179,191],"floor_reached":27,"playtime":987,"items_purged":["Strike_G"],"score":261,"play_id":"9e35234e-a32a-4595-b0d4-02a75d4b25b9","local_time":"20181216103602","is_ascension_mode":true,"campfire_choices":[{"data":"Forethought","floor":6,"key":"SMITH"},{"data":"Bouncing Flask","floor":8,"key":"SMITH"},{"floor":15,"key":"REST"},{"floor":23,"key":"REST"}],"neow_cost":"NONE","seed_source_timestamp":239514248717540,"circlet_count":0,"master_deck":["Defend_G","Defend_G","Defend_G+1","Defend_G","Defend_G","Strike_G","Strike_G","Strike_G","Survivor+1","Neutralize+1","Forethought+1","Bouncing Flask+1","Quick Slash","Choke","Deflect","Backflip","A Thousand Cuts","Cloak And Dagger+1","Corpse Explosion","Escape Plan+1","Shame"],"relics":["Ring of the Serpent","Letter Opener","Du-Vu Doll","PreservedInsect","StoneCalendar","MawBank","War Paint"],"potions_floor_usage":[16,16,24],"damage_taken":[{"damage":0,"enemies":"2 Louse","floor":1,"turns":3},{"damage":5,"enemies":"Jaw Worm","floor":4,"turns":6},{"damage":4,"enemies":"Cultist","floor":7,"turns":5},{"damage":15,"enemies":"Lagavulin","floor":12,"turns":5},{"damage":6,"enemies":"Exordium Wildlife","floor":14,"turns":6},{"damage":25,"enemies":"Hexaghost","floor":16,"turns":10},{"damage":24,"enemies":"2 Thieves","floor":18,"turns":4},{"damage":12,"enemies":"Spheric Guardian","floor":20,"turns":5},{"damage":38,"enemies":"Book of Stabbing","floor":24,"turns":6},{"damage":23,"enemies":"Centurion and Healer","floor":27,"turns":5}],"seed_played":"5971866010861336279","potions_obtained":[{"floor":12,"key":"EssenceOfSteel"},{"floor":14,"key":"EssenceOfSteel"},{"floor":20,"key":"Swift Potion"},{"floor":24,"key":"LiquidBronze"}],"is_trial":false,"path_per_floor":["M","?","$","M","$","R","M","R","T","?","?","E","$","M","R","B",null,"M","$","M","?","?","R","E","T","T","M"],"character_chosen":"THE_SILENT","items_purchased":["Deflect","Corpse Explosion"],"campfire_rested":2,"item_purchase_floors":[13,19],"current_hp_per_floor":[70,63,63,58,58,58,54,54,54,54,54,39,39,33,54,29,70,46,46,34,34,34,55,17,17,17,0],"gold":191,"neow_bonus":"RANDOM_COLORLESS","is_prod":false,"is_daily":false,"chose_seed":false,"campfire_upgraded":2,"win_rate":0,"timestamp":1544985362,"path_taken":["M","?","$","M","$","R","M","R","T","?","?","E","$","?","R","BOSS","M","$","M","?","?","R","E","?","T","M"],"build_version":"2018-12-13","purchased_purges":1,"victory":false,"max_hp_per_floor":[70,70,70,70,70,70,70,70,70,70,70,70,70,70,70,70,70,70,70,70,70,70,70,70,70,70,70],"card_choices":[{"not_picked":["Poisoned Stab","Dagger Throw"],"picked":"Bouncing Flask","floor":1},{"not_picked":["Underhanded Strike","Blade Dance"],"picked":"Quick Slash","floor":4},{"not_picked":["Deadly Poison","Reflex","Flying Knee"],"picked":"SKIP","floor":7},{"not_picked":["All Out Attack","Tactician"],"picked":"Choke","floor":12},{"not_picked":["Cloak And Dagger","Quick Slash"],"picked":"Backflip","floor":14},{"not_picked":["Phantasmal Killer","Bullet Time"],"picked":"A Thousand Cuts","floor":16},{"not_picked":["Deflect+1","Outmaneuver"],"picked":"Cloak And Dagger+1","floor":18},{"not_picked":["PiercingWail","Dodge and Roll+1"],"picked":"Escape Plan+1","floor":20},{"not_picked":["Finisher","Dagger Throw","Dagger Spray"],"picked":"SKIP","floor":24}],"player_experience":553536,"relics_obtained":[{"floor":9,"key":"Letter Opener"},{"floor":12,"key":"Du-Vu Doll"},{"floor":24,"key":"StoneCalendar"},{"floor":25,"key":"MawBank"},{"floor":26,"key":"War Paint"}],"event_choices":[{"cards_removed":["Strike_G"],"damage_healed":0,"gold_gain":0,"player_choice":"Card Removal","damage_taken":7,"max_hp_gain":0,"max_hp_loss":0,"event_name":"Golden Wing","floor":2,"gold_loss":0},{"damage_healed":0,"gold_gain":0,"player_choice":"Ignored","damage_taken":0,"max_hp_gain":0,"max_hp_loss":0,"event_name":"Liars Game","floor":10,"gold_loss":0},{"damage_healed":0,"gold_gain":0,"player_choice":"Forge","damage_taken":0,"max_hp_gain":0,"max_hp_loss":0,"event_name":"Accursed Blacksmith","floor":11,"gold_loss":0,"cards_upgraded":["Neutralize"]},{"damage_healed":0,"gold_gain":0,"player_choice":"Ignored","damage_taken":0,"max_hp_gain":0,"max_hp_loss":0,"event_name":"Vampires","floor":21,"gold_loss":0},{"damage_healed":0,"gold_gain":0,"player_choice":"Stole Relic","damage_taken":0,"relics_obtained":["PreservedInsect"],"max_hp_gain":0,"max_hp_loss":0,"event_name":"Addict","floor":22,"gold_loss":0,"cards_obtained":["Shame"]}],"is_beta":false,"boss_relics":[{"not_picked":["Velvet Choker","Astrolabe"],"picked":"Ring of the Serpent"}],"items_purged_floors":[3],"is_endless":false,"potions_floor_spawned":[12,14,20,24],"killed_by":"Centurion and Healer","ascension_level":3}