{"path_per_floor":["M","?","M","M","$","E","M","R","T","E","M","E","R","?","R","B",null,"M","?","?","T","?","R","M","M","T","M","M","R","E","M","R","B",null,"M","$","?","M","?","R","M","R","T","?","?","M","M","M","R","B"],"character_chosen":"DEFECT","items_purchased":["Self Repair","Molten Egg 2","Prayer Wheel","Whetstone"],"gold_per_floor":[111,111,123,136,21,51,64,64,64,99,117,145,145,145,145,271,271,291,291,291,291,291,291,314,332,412,435,450,450,481,501,501,620,620,633,70,70,85,85,85,108,108,160,160,493,507,527,541,541,541],"floor_reached":51,"campfire_rested":2,"playtime":2617,"current_hp_per_floor":[75,60,60,60,60,51,56,56,56,53,51,48,48,48,48,41,75,75,59,59,59,85,85,85,65,65,54,60,60,53,58,83,82,85,85,85,85,85,74,74,61,61,61,61,61,71,59,59,84,55],"items_purged":["Strike_B","Defend_B"],"gold":541,"score":714,"play_id":"48dd2284-977a-4470-ad0a-767daebbf6d8","local_time":"20180501175138","is_prod":false,"is_daily":false,"chose_seed":false,"is_ascension_mode":false,"campfire_upgraded":7,"timestamp":1525211498,"path_taken":["M","?","M","M","$","E","M","R","T","E","M","E","R","?","R","BOSS","M","?","?","?","?","R","M","M","T","M","M","R","E","?","R","BOSS","M","$","?","M","?","R","M","R","T","?","?","M","M","M","R","BOSS"],"build_version":"2018-04-30","seed_source_timestamp":1331118815784,"purchased_purges":2,"victory":true,"master_deck":["Strike_B","Strike_B+1","Strike_B+1","Defend_B","Zap+1","Dualcast+1","Reinforced Body+1","Ball Lightning","Ball Lightning+1","Self Repair+1","Beam Cell+1","Thunder Strike+1","Storm+1","Ball Lightning","Injury","Thunder Strike+1","Loop","Prime","Prime","White Noise+1","Creative AI","Madness","Madness"],"max_hp_per_floor":[75,75,75,75,75,75,75,75,75,75,75,75,75,75,75,75,75,75,75,75,75,85,85,85,85,85,85,85,85,85,85,85,85,85,85,85,85,85,85,85,85,85,85,85,85,85,85,85,85,85],"relics":["Cracked Core","NeowsBlessing","Kunai","Meat on the Bone","Happy Flower","Orichalcum","Snecko Eye","Nilry\u0027s Codex","The Courier","Gremlin Horn","Bottled Tornado","Lizard Tail","Molten Egg 2","Prayer Wheel","Whetstone","Omamori"],"card_choices":[{"not_picked":["Streamline","Turbo"],"picked":"Reinforced Body","floor":1},{"not_picked":["Skim","Leap"],"picked":"Ball Lightning","floor":3},{"not_picked":["Streamline","Force Field"],"picked":"Ball Lightning","floor":4},{"not_picked":["Leap","Skim"],"picked":"Beam Cell","floor":7},{"not_picked":["Ball Lightning","Reprieve"],"picked":"Thunder Strike","floor":10},{"not_picked":["Stack","Reprieve"],"picked":"Storm","floor":11},{"not_picked":["Go for the Eyes","Sweeping Beam"],"picked":"Ball Lightning","floor":12},{"not_picked":["Prime","Multi-Cast"],"picked":"Thunder Strike","floor":16},{"not_picked":["Darkness","Rebound"],"picked":"Loop","floor":27},{"not_picked":["Skim","Doom and Gloom"],"picked":"Prime","floor":28},{"not_picked":["Rebound","Turbo"],"picked":"Prime","floor":30},{"not_picked":["Impulse","Beam Cell"],"picked":"White Noise","floor":31},{"not_picked":["Redo","Amplify"],"picked":"Creative AI","floor":33}],"player_experience":229113,"potions_floor_usage":[10,12,25,30,50,50],"damage_taken":[{"damage":0,"enemies":"Jaw Worm","floor":1,"turns":1},{"damage":0,"enemies":"Small Slimes","floor":3,"turns":1},{"damage":0,"enemies":"2 Louse","floor":4,"turns":1},{"damage":16,"enemies":"3 Sentries","floor":6,"turns":6},{"damage":2,"enemies":"2 Fungi Beasts","floor":7,"turns":3},{"damage":10,"enemies":"Gremlin Nob","floor":10,"turns":3},{"damage":9,"enemies":"Exordium Wildlife","floor":11,"turns":4},{"damage":19,"enemies":"3 Sentries","floor":12,"turns":5},{"damage":26,"enemies":"Hexaghost","floor":16,"turns":7},{"damage":4,"enemies":"Spheric Guardian","floor":18,"turns":3},{"damage":4,"enemies":"3 Byrds","floor":24,"turns":3},{"damage":27,"enemies":"Slaver and Parasite","floor":25,"turns":3},{"damage":30,"enemies":"Snake Plant","floor":27,"turns":3},{"damage":1,"enemies":"Sentry and Sphere","floor":28,"turns":3},{"damage":14,"enemies":"Book of Stabbing","floor":30,"turns":3},{"damage":14,"enemies":"Centurion and Healer","floor":31,"turns":2},{"damage":8,"enemies":"Automaton","floor":33,"turns":3},{"damage":0,"enemies":"Flame Bruiser 1 Orb","floor":35,"turns":2},{"damage":7,"enemies":"Orb Walker","floor":38,"turns":3},{"damage":20,"enemies":"Spire Growth","floor":41,"turns":3},{"damage":0,"enemies":"Flame Bruiser 2 Orb","floor":46,"turns":2},{"damage":22,"enemies":"Maw","floor":47,"turns":4},{"damage":10,"enemies":"Spire Growth","floor":48,"turns":2},{"damage":51,"enemies":"Awakened One","floor":50,"turns":5}],"event_choices":[{"event_name":"Shining Light","player_choice":"Entered Light","floor":2,"damage_taken":0},{"event_name":"Golden Idol","player_choice":"Take Wound","floor":14,"damage_taken":0},{"event_name":"Cursed Tome","player_choice":"Obtained Book","floor":19,"damage_taken":0},{"event_name":"Transmorgrifier","player_choice":"Transform","floor":20,"damage_taken":0},{"event_name":"Bonfire Elementals","player_choice":"RARE","floor":22,"damage_taken":0},{"event_name":"SensoryStone","player_choice":"Memory 1","floor":37,"damage_taken":0},{"event_name":"Winding Halls","player_choice":"Embrace Madness","floor":39,"damage_taken":0},{"event_name":"The Moai Head","player_choice":"Gave Idol","floor":45,"damage_taken":0}],"boss_relics":[{"not_picked":["Pandora\u0027s Box","White Beast Statue"],"picked":"Snecko Eye"},{"not_picked":["Runic Pyramid","Black Star"],"picked":"Lizard Tail"}],"potions_floor_spawned":[3,6,11,16,25,28,30,33,35,47,48],"seed_played":"-6993508870904726757","ascension_level":0,"is_trial":false}