{"gold_per_floor":[112,112,17,65,79,110,110,35,87,87,87,104,104,119,119,195,195,212,232,232,242,242],"floor_reached":22,"playtime":945,"items_purged":["Strike_B"],"score":368,"play_id":"2c2cc48a-41c5-4b96-81d2-0c9728de0e8d","local_time":"20190526142454","is_ascension_mode":true,"campfire_choices":[{"data":"Lockon","floor":7.0,"key":"SMITH"},{"data":"Buffer","floor":10.0,"key":"SMITH"},{"data":"Flash of Steel","floor":13.0,"key":"SMITH"},{"data":"Blizzard","floor":15.0,"key":"SMITH"}],"neow_cost":"NONE","seed_source_timestamp":157688249050500,"circlet_count":0,"master_deck":["AscendersBane","Strike_B","Strike_B","Defend_B","Defend_B","Defend_B","Defend_B","Zap+1","Dualcast","Buffer+1","Glacier","Flash of Steel+1","Sweeping Beam","Lockon+1","Blizzard+1","Echo Form","Steam+1","Recycle","RitualDagger","BootSequence"],"special_seed":0,"relics":["Cracked Core","Centennial Puzzle","Mango","Lantern","Sozu"],"potions_floor_usage":[16,16],"damage_taken":[{"damage":7.0,"enemies":"Jaw Worm","floor":1.0,"turns":4.0},{"damage":0.0,"enemies":"Cultist","floor":5.0,"turns":3.0},{"damage":36.0,"enemies":"3 Sentries","floor":6.0,"turns":11.0},{"damage":0.0,"enemies":"Small Slimes","floor":12.0,"turns":2.0},{"damage":10.0,"enemies":"Gremlin Gang","floor":14.0,"turns":5.0},{"damage":79,"enemies":"Hexaghost","floor":16,"turns":15},{"damage":17,"enemies":"2 Thieves","floor":18,"turns":4},{"damage":13,"enemies":"3 Byrds","floor":19,"turns":5},{"damage":19,"enemies":"Snake Plant","floor":21,"turns":5},{"damage":14,"enemies":"Cultist and Chosen","floor":22,"turns":3}],"seed_played":"1144931125925803467","potions_obtained":[{"floor":1.0,"key":"Regen Potion"},{"floor":5.0,"key":"Regen Potion"}],"is_trial":false,"path_per_floor":["M","?","$","T","M","E","R","$","T","R","?","M","R","M","R","B",null,"M","M","?","M","M"],"character_chosen":"DEFECT","items_purchased":["Flash of Steel"],"campfire_rested":0,"item_purchase_floors":[3],"current_hp_per_floor":[57,57,57,57,57,35,35,35,35,35,35,35,35,25,25,1,64,47,34,28,9,0],"gold":242,"neow_bonus":"ONE_RANDOM_RARE_CARD","is_prod":false,"is_daily":false,"chose_seed":false,"campfire_upgraded":4,"win_rate":0,"timestamp":1558895094,"path_taken":["M","?","$","?","?","E","R","$","T","R","?","?","R","M","R","BOSS","M","M","?","M","M"],"build_version":"2019-05-24v2","purchased_purges":1,"victory":false,"max_hp_per_floor":[71,71,71,71,71,85,85,85,85,85,85,85,85,85,85,85,85,85,85,85,85,85],"card_choices":[{"not_picked":["Melter","Undo"],"picked":"Glacier","floor":1.0},{"not_picked":["Redo","Streamline"],"picked":"Sweeping Beam","floor":5.0},{"not_picked":["Conserve Battery","Turbo"],"picked":"Lockon","floor":6.0},{"not_picked":["Reprogram","Turbo","Streamline"],"picked":"SKIP","floor":12.0},{"not_picked":["Force Field","Streamline"],"picked":"Blizzard","floor":14.0},{"not_picked":["Hyperbeam","Rainbow"],"picked":"Echo Form","floor":16},{"not_picked":["Compile Driver+1","Stack+1"],"picked":"Steam+1","floor":18},{"not_picked":["Gash","Sunder"],"picked":"Recycle","floor":19},{"not_picked":["Turbo","Darkness"],"picked":"BootSequence","floor":21}],"player_experience":725233,"relics_obtained":[{"floor":4.0,"key":"Centennial Puzzle"},{"floor":6.0,"key":"Mango"},{"floor":9.0,"key":"Lantern"}],"event_choices":[{"damage_healed":0.0,"max_hp_gain":0.0,"max_hp_loss":0.0,"gold_gain":0.0,"event_name":"Upgrade Shrine","player_choice":"Upgraded","floor":2.0,"gold_loss":0.0,"damage_taken":0.0,"cards_upgraded":["Zap"]},{"cards_removed":["Strike_B"],"damage_healed":0.0,"max_hp_gain":0.0,"max_hp_loss":0.0,"gold_gain":0.0,"event_name":"Bonfire Elementals","player_choice":"Offered Basic","floor":11.0,"gold_loss":0.0,"damage_taken":0.0},{"damage_healed":0,"gold_gain":0,"player_choice":"Joined the Cult","damage_taken":6,"max_hp_gain":0,"max_hp_loss":0,"event_name":"Nest","floor":20,"gold_loss":0,"cards_obtained":["RitualDagger"]}],"is_beta":true,"boss_relics":[{"not_picked":["Coffee Dripper","Runic Pyramid"],"picked":"Sozu"}],"items_purged_floors":[8],"is_endless":false,"potions_floor_spawned":[1,5,18],"killed_by":"Cultist and Chosen","ascension_level":20}