{"gold_per_floor":[109,129,142,156,168,168,168,196,196,209,209,36,48,48,48,48],"floor_reached":16,"playtime":587,"items_purged":[],"score":192,"play_id":"bb64a429-c6fd-494e-9d29-a9dd168f502f","local_time":"20190528212826","is_ascension_mode":true,"campfire_choices":[{"data":"Bash","floor":6,"key":"SMITH"},{"data":"Barricade","floor":11,"key":"SMITH"},{"floor":15,"key":"REST"}],"neow_cost":"NONE","seed_source_timestamp":1068003325588315,"circlet_count":0,"master_deck":["AscendersBane","Strike_R","Strike_R","Strike_R","Strike_R","Defend_R","Defend_R","Defend_R","Defend_R","Bash+1","Barricade+1","Battle Trance","Inflame","Metallicize"],"special_seed":0,"relics":["Burning Blood","Orichalcum","Champion Belt","Ornamental Fan","Lantern"],"potions_floor_usage":[16,16],"damage_taken":[{"damage":8.0,"enemies":"Small Slimes","floor":1.0,"turns":6.0},{"damage":12,"enemies":"Jaw Worm","floor":2,"turns":5},{"damage":0,"enemies":"2 Louse","floor":3,"turns":3},{"damage":16,"enemies":"Exordium Thugs","floor":4,"turns":4},{"damage":18,"enemies":"Lots of Slimes","floor":5,"turns":6},{"damage":18,"enemies":"Gremlin Nob","floor":8,"turns":5},{"damage":6,"enemies":"2 Fungi Beasts","floor":10,"turns":3},{"damage":4,"enemies":"Looter","floor":13,"turns":2},{"damage":59,"enemies":"Hexaghost","floor":16,"turns":15}],"seed_played":"-1934093789054240600","potions_obtained":[{"floor":4,"key":"Block Potion"},{"floor":8,"key":"AttackPotion"},{"floor":10,"key":"FearPotion"}],"is_trial":false,"path_per_floor":["M","M","M","M","M","R","?","E","T","M","R","$","M","?","R","B"],"character_chosen":"IRONCLAD","items_purchased":["Lantern"],"campfire_rested":1,"item_purchase_floors":[12],"current_hp_per_floor":[66,60,66,56,44,44,44,32,32,32,32,32,34,34,56,0],"gold":48,"neow_bonus":"RANDOM_COMMON_RELIC","is_prod":false,"is_daily":false,"chose_seed":false,"campfire_upgraded":2,"win_rate":0,"timestamp":1559050106,"path_taken":["M","M","M","M","M","R","?","E","T","M","R","$","M","?","R","BOSS"],"build_version":"2019-01-23","purchased_purges":0,"victory":false,"max_hp_per_floor":[75,75,75,75,75,75,75,75,75,75,75,75,75,75,75,75],"card_choices":[{"not_picked":["Twin Strike","True Grit","Heavy Blade"],"picked":"SKIP","floor":1.0},{"not_picked":["Iron Wave","Warcry","Rampage"],"picked":"SKIP","floor":2},{"not_picked":["Cleave","Pommel Strike"],"picked":"Barricade","floor":3},{"not_picked":["Rupture","Pummel"],"picked":"Battle Trance","floor":4},{"not_picked":["Pommel Strike","Wild Strike","Dropkick"],"picked":"SKIP","floor":5},{"not_picked":["Rage","Reckless Charge","Armaments"],"picked":"SKIP","floor":8},{"not_picked":["Dropkick","Clothesline"],"picked":"Inflame","floor":10},{"not_picked":["Twin Strike","Body Slam"],"picked":"Metallicize","floor":13}],"player_experience":613193,"relics_obtained":[{"floor":8,"key":"Champion Belt"},{"floor":9,"key":"Ornamental Fan"}],"event_choices":[{"damage_healed":0,"gold_gain":0,"player_choice":"Ignored","damage_taken":0,"max_hp_gain":0,"max_hp_loss":0,"event_name":"Golden Idol","floor":7,"gold_loss":0},{"cards_removed":["Strike_R"],"damage_healed":0,"gold_gain":0,"player_choice":"Forget","damage_taken":0,"max_hp_gain":0,"max_hp_loss":0,"event_name":"Living Wall","floor":14,"gold_loss":0}],"is_beta":false,"boss_relics":[],"items_purged_floors":[],"is_endless":false,"potions_floor_spawned":[4,8,10,13],"killed_by":"Hexaghost","ascension_level":17}