{"gold_per_floor":[112,131,146,161,171,171,96,96,96,96,58,69,69,69,69,172,172,186,186,196,96,116,116,146,163,241,241,254,271,282,302,302,302],"floor_reached":33,"playtime":1822,"items_purged":["Strike_G","Strike_G"],"score":342,"play_id":"0d7fe239-ed7a-4a7f-9b03-f3c54a3643b9","local_time":"20190313152606","is_ascension_mode":true,"campfire_choices":[{"data":"Dash","floor":6,"key":"SMITH"},{"data":"Deflect","floor":8,"key":"SMITH"},{"data":"Noxious Fumes","floor":10,"key":"SMITH"},{"floor":15,"key":"REST"},{"floor":23,"key":"REST"},{"floor":27,"key":"REST"},{"floor":32,"key":"REST"}],"neow_cost":"NONE","seed_source_timestamp":67964125730391,"circlet_count":0,"master_deck":["Defend_G","Defend_G","Defend_G","Defend_G","Defend_G","Strike_G","Strike_G","Strike_G","Survivor","Neutralize","Deflect+1","Noxious Fumes+1","Caltrops","Dash+1","Footwork+1","Night Terror","Bane","Predator+1","Die Die Die","Adrenaline"],"relics":["PreservedInsect","Art of War","Fusion Hammer","Nloth\u0027s Gift","Blood Vial","Letter Opener"],"potions_floor_usage":[16,24,33,33],"damage_taken":[{"damage":1,"enemies":"Small Slimes","floor":1,"turns":3},{"damage":1,"enemies":"Jaw Worm","floor":2,"turns":7},{"damage":3,"enemies":"2 Louse","floor":3,"turns":4},{"damage":4,"enemies":"Blue Slaver","floor":4,"turns":5},{"damage":12,"enemies":"Red Slaver","floor":5,"turns":6},{"damage":5,"enemies":"3 Louse","floor":12,"turns":4},{"damage":34,"enemies":"Slime Boss","floor":16,"turns":13},{"damage":3,"enemies":"Chosen","floor":18,"turns":6},{"damage":0,"enemies":"Shell Parasite","floor":20,"turns":10},{"damage":17,"enemies":"Shelled Parasite and Fungi","floor":22,"turns":10},{"damage":36,"enemies":"Book of Stabbing","floor":24,"turns":7},{"damage":2,"enemies":"Snecko","floor":25,"turns":6},{"damage":13,"enemies":"Snake Plant","floor":28,"turns":6},{"damage":15,"enemies":"Centurion and Healer","floor":29,"turns":9},{"damage":4,"enemies":"3 Cultists","floor":30,"turns":5},{"damage":6,"enemies":"Shelled Parasite and Fungi","floor":31,"turns":6},{"damage":40,"enemies":"Champ","floor":33,"turns":16}],"seed_played":"4658139846317754522","potions_obtained":[{"floor":2,"key":"LiquidBronze"},{"floor":5,"key":"Block Potion"},{"floor":20,"key":"Dexterity Potion"},{"floor":22,"key":"Dexterity Potion"},{"floor":28,"key":"GamblersBrew"},{"floor":31,"key":"Swift Potion"}],"is_trial":false,"path_per_floor":["M","M","M","M","M","R","$","R","T","R","?","M","?","?","R","B",null,"M","?","M","$","M","R","E","M","T","R","M","M","M","M","R","B"],"character_chosen":"THE_SILENT","items_purchased":[],"campfire_rested":4,"item_purchase_floors":[],"current_hp_per_floor":[62,61,58,54,42,42,42,42,42,42,42,37,37,37,58,24,59,56,56,56,56,39,60,24,24,24,45,34,21,19,15,36,0],"gold":302,"neow_bonus":"RANDOM_COMMON_RELIC","is_prod":false,"is_daily":false,"chose_seed":false,"campfire_upgraded":3,"win_rate":0,"timestamp":1552515966,"path_taken":["M","M","M","M","M","R","$","R","T","R","?","M","?","?","R","BOSS","M","?","M","$","M","R","E","M","T","R","M","M","?","M","R","BOSS"],"build_version":"2019-01-23","purchased_purges":2,"victory":false,"max_hp_per_floor":[70,70,70,70,70,70,70,70,70,70,70,70,70,70,70,70,70,70,70,70,70,70,70,70,70,70,70,70,70,70,70,70,70],"card_choices":[{"not_picked":["Deadly Poison","Dodge and Roll"],"picked":"Deflect","floor":1},{"not_picked":["Flying Knee","Blade Dance"],"picked":"Noxious Fumes","floor":2},{"not_picked":["Outmaneuver","Deflect","Reflex"],"picked":"SKIP","floor":3},{"not_picked":["Escape Plan","Blade Dance"],"picked":"Caltrops","floor":4},{"not_picked":["Venomology","Deadly Poison"],"picked":"Dash","floor":5},{"not_picked":["Backflip","Endless Agony"],"picked":"Footwork","floor":12},{"not_picked":["Phantasmal Killer","Venomology"],"picked":"Night Terror","floor":16},{"not_picked":["Poisoned Stab+1","Deadly Poison","Dagger Spray"],"picked":"SKIP","floor":18},{"not_picked":["Deflect","Well Laid Plans"],"picked":"Bane","floor":20},{"not_picked":["Dagger Throw","Outmaneuver"],"picked":"Predator+1","floor":22},{"not_picked":["Bullet Time","Night Terror"],"picked":"Die Die Die","floor":24},{"not_picked":["Outmaneuver+1","Deflect","Quick Slash+1"],"picked":"SKIP","floor":25},{"not_picked":["Dash+1","Sucker Punch","Flying Knee+1"],"picked":"SKIP","floor":28},{"not_picked":["Accuracy","Dagger Spray"],"picked":"Adrenaline","floor":29},{"not_picked":["Sucker Punch","Outmaneuver","Dodge and Roll"],"picked":"SKIP","floor":30},{"not_picked":["Underhanded Strike","Blade Dance","Poisoned Stab"],"picked":"SKIP","floor":31}],"player_experience":701031,"relics_obtained":[{"floor":9,"key":"Art of War"},{"floor":24,"key":"Blood Vial"},{"floor":26,"key":"Letter Opener"}],"event_choices":[{"damage_healed":0,"gold_gain":0,"player_choice":"Left Gold","damage_taken":0,"max_hp_gain":0,"max_hp_loss":0,"event_name":"World of Goop","floor":11,"gold_loss":38},{"damage_healed":0,"gold_gain":0,"player_choice":"Grow","damage_taken":0,"max_hp_gain":0,"max_hp_loss":0,"event_name":"Living Wall","floor":13,"gold_loss":0,"cards_upgraded":["Footwork"]},{"damage_healed":0,"gold_gain":0,"player_choice":"Ignored","damage_taken":0,"max_hp_gain":0,"max_hp_loss":0,"event_name":"Liars Game","floor":14,"gold_loss":0},{"damage_healed":0,"gold_gain":0,"player_choice":"Traded Relic","damage_taken":0,"relics_obtained":["Nloth\u0027s Gift"],"max_hp_gain":0,"max_hp_loss":0,"event_name":"N\u0027loth","floor":19,"relics_lost":["Ring of the Snake"],"gold_loss":0}],"is_beta":false,"boss_relics":[{"not_picked":["Orrery","Runic Dome"],"picked":"Fusion Hammer"}],"items_purged_floors":[7,21],"is_endless":false,"potions_floor_spawned":[2,5,20,22,28,29,31],"killed_by":"Champ","ascension_level":6}