{"gold_per_floor":[19,32,42,62,73,88,88,88,137,164,177,177,25,55,55,127,127,141,141,141,15,26,39,57,57,104,116,143,183,54,54,54,131,131,144,144,14,34,334,334,350,367,367,387,400,400,500,535,535,535],"floor_reached":51,"playtime":3797,"items_purged":[],"score":1157,"play_id":"f76672d4-8724-4390-8d21-302fb6323b4a","local_time":"20190208003341","is_ascension_mode":true,"campfire_choices":[{"data":"Twin Strike","floor":7.0,"key":"SMITH"},{"data":"Flame Barrier","floor":12.0,"key":"SMITH"},{"data":"Shockwave","floor":15.0,"key":"SMITH"},{"data":"Offering","floor":25.0,"key":"SMITH"},{"data":"Metallicize","floor":27.0,"key":"SMITH"},{"floor":32.0,"key":"REST"},{"data":"Limit Break","floor":40.0,"key":"SMITH"},{"floor":46,"key":"REST"},{"floor":49,"key":"REST"}],"neow_cost":"NO_GOLD","seed_source_timestamp":128864660778100,"circlet_count":0,"master_deck":["AscendersBane","Strike_R+1","Defend_R","Defend_R","Defend_R","Bash+1","Cleave","Inflame+1","Anger","Thunderclap","Twin Strike+1","Flame Barrier+1","Shockwave+1","Offering+1","Anger+1","Carnage+1","Inflame","Metallicize+1","Shrug It Off","Inflame+1","Metallicize","Offering","Double Tap","Exhume","Limit Break+1","Havoc+1","Sword Boomerang+1","Flame Barrier+1","Battle Trance+1"],"special_seed":0,"relics":["Burning Blood","Happy Flower","Lantern","Orichalcum","Matryoshka","Astrolabe","Bronze Scales","MawBank","Whetstone","Anchor","Lizard Tail","Smiling Mask","Meat on the Bone","Turnip","Potion Belt"],"potions_floor_usage":[50],"damage_taken":[{"damage":1.0,"enemies":"Cultist","floor":1.0,"turns":3.0},{"damage":7.0,"enemies":"Jaw Worm","floor":2.0,"turns":3.0},{"damage":0.0,"enemies":"Small Slimes","floor":3.0,"turns":3.0},{"damage":1.0,"enemies":"Exordium Thugs","floor":4.0,"turns":4.0},{"damage":9.0,"enemies":"Red Slaver","floor":5.0,"turns":3.0},{"damage":13.0,"enemies":"3 Louse","floor":6.0,"turns":3.0},{"damage":30.0,"enemies":"Gremlin Nob","floor":10.0,"turns":4.0},{"damage":0.0,"enemies":"2 Fungi Beasts","floor":11.0,"turns":2.0},{"damage":3.0,"enemies":"3 Sentries","floor":14.0,"turns":8.0},{"damage":22.0,"enemies":"Slime Boss","floor":16.0,"turns":6.0},{"damage":11.0,"enemies":"Spheric Guardian","floor":18.0,"turns":3.0},{"damage":6.0,"enemies":"3 Byrds","floor":22.0,"turns":2.0},{"damage":9.0,"enemies":"Snecko","floor":23.0,"turns":4.0},{"damage":17.0,"enemies":"Cultist and Chosen","floor":24.0,"turns":5.0},{"damage":10.0,"enemies":"Snake Plant","floor":28.0,"turns":2.0},{"damage":12.0,"enemies":"Book of Stabbing","floor":29.0,"turns":5.0},{"damage":31.0,"enemies":"Collector","floor":33.0,"turns":6.0},{"damage":10.0,"enemies":"3 Shapes","floor":35.0,"turns":2.0},{"damage":21.0,"enemies":"3 Darklings","floor":38.0,"turns":4.0},{"damage":15.0,"enemies":"Jaw Worm Horde","floor":41.0,"turns":4.0},{"damage":35.0,"enemies":"Writhing Mass","floor":42.0,"turns":3.0},{"damage":24,"enemies":"Transient","floor":44,"turns":5},{"damage":18,"enemies":"Maw","floor":45,"turns":4},{"damage":10,"enemies":"Mind Bloom Boss Battle","floor":47,"turns":4},{"damage":18,"enemies":"Reptomancer","floor":48,"turns":2},{"damage":99,"enemies":"Awakened One","floor":50,"turns":9}],"seed_played":"-1734934205173615066","potions_obtained":[{"floor":2.0,"key":"SkillPotion"},{"floor":3.0,"key":"EssenceOfSteel"},{"floor":4.0,"key":"PowerPotion"},{"floor":24.0,"key":"Fire Potion"},{"floor":29.0,"key":"Strength Potion"},{"floor":44,"key":"FearPotion"},{"floor":45,"key":"Explosive Potion"}],"is_trial":false,"path_per_floor":["M","M","M","M","M","M","R","?","T","E","M","R","$","E","R","B",null,"M","?","?","$","M","M","M","R","T","R","M","E","$","?","R","B",null,"M","?","$","M","?","R","M","M","T","M","M","R","?","E","R","B",null],"character_chosen":"IRONCLAD","items_purchased":["Orichalcum","Metallicize","Block Potion","Double Tap","Limit Break","Block Potion"],"campfire_rested":3,"item_purchase_floors":[13,21,21,30,37,37],"current_hp_per_floor":[77,76,80,80,77,70,70,70,70,46,52,52,52,55,55,39,70,65,65,65,65,71,68,76,76,76,76,72,78,78,63,85,84,85,81,81,81,66,66,66,57,28,28,22,22,47,55,55,80,60],"gold":535,"neow_bonus":"REMOVE_TWO","is_prod":false,"is_daily":false,"chose_seed":false,"campfire_upgraded":6,"win_rate":0,"timestamp":1549604021,"path_taken":["M","M","?","M","M","M","R","?","T","E","M","R","$","E","R","BOSS","M","?","?","$","?","M","M","R","T","R","M","E","?","?","R","BOSS","M","?","$","M","?","R","?","M","T","M","M","R","?","E","R","BOSS"],"build_version":"2019-02-06","purchased_purges":0,"victory":true,"max_hp_per_floor":[80,80,80,80,80,80,80,80,80,80,80,80,80,80,80,80,80,80,80,80,80,80,80,80,80,80,80,80,80,80,85,85,85,85,85,85,85,85,85,85,85,85,85,85,85,85,85,85,85,85],"card_choices":[{"not_picked":["Seeing Red","Twin Strike"],"picked":"Cleave","floor":1.0},{"not_picked":["Battle Trance","Sever Soul"],"picked":"Inflame","floor":2.0},{"not_picked":["Wild Strike","Feel No Pain"],"picked":"Anger","floor":3.0},{"not_picked":["Disarm","True Grit"],"picked":"Thunderclap","floor":4.0},{"not_picked":["Clothesline","Juggernaut","Thunderclap"],"picked":"SKIP","floor":5.0},{"not_picked":["Shrug It Off","Sentinel"],"picked":"Twin Strike","floor":6.0},{"not_picked":["Warcry","Dark Embrace"],"picked":"Flame Barrier","floor":10.0},{"not_picked":["True Grit","Heavy Blade"],"picked":"Shockwave","floor":11.0},{"not_picked":["Blood for Blood","Carnage","Perfected Strike"],"picked":"SKIP","floor":14.0},{"not_picked":["Feed","Juggernaut"],"picked":"Offering","floor":16.0},{"not_picked":["Rupture","Warcry"],"picked":"Inflame","floor":18.0},{"not_picked":["Pommel Strike","Entrench"],"picked":"Shrug It Off","floor":22.0},{"not_picked":["Pommel Strike","Havoc"],"picked":"Inflame+1","floor":23.0},{"not_picked":["Clothesline","True Grit","Body Slam"],"picked":"SKIP","floor":24.0},{"not_picked":["Twin Strike","Clothesline"],"picked":"Metallicize","floor":28.0},{"not_picked":["Infernal Blade","Sword Boomerang"],"picked":"Offering","floor":29.0},{"not_picked":["Dark Embrace","Barricade"],"picked":"Exhume","floor":33.0},{"not_picked":["Hemokinesis","Pommel Strike+1","Rupture"],"picked":"SKIP","floor":35.0},{"not_picked":["Shrug It Off","Bloodletting"],"picked":"Havoc+1","floor":38.0},{"not_picked":["Havoc","Pommel Strike+1"],"picked":"Sword Boomerang+1","floor":41.0},{"not_picked":["Pommel Strike","Dual Wield","Reckless Charge+1"],"picked":"SKIP","floor":42.0},{"not_picked":["Heavy Blade","Havoc"],"picked":"Flame Barrier+1","floor":44},{"not_picked":["Twin Strike","Reckless Charge"],"picked":"Battle Trance+1","floor":45},{"not_picked":["Flame Barrier","Sentinel","Anger"],"picked":"SKIP","floor":48}],"player_experience":594029,"relics_obtained":[{"floor":9.0,"key":"Happy Flower"},{"floor":10.0,"key":"Lantern"},{"floor":14.0,"key":"Matryoshka"},{"floor":26.0,"key":"MawBank"},{"floor":26.0,"key":"Whetstone"},{"floor":29.0,"key":"Anchor"},{"floor":43.0,"key":"Smiling Mask"},{"floor":43.0,"key":"Meat on the Bone"},{"floor":47,"key":"Turnip"},{"floor":48,"key":"Potion Belt"}],"event_choices":[{"damage_healed":0.0,"max_hp_gain":0.0,"max_hp_loss":0.0,"gold_gain":0.0,"event_name":"Accursed Blacksmith","player_choice":"Forge","floor":8.0,"gold_loss":0.0,"damage_taken":0.0,"cards_upgraded":["Inflame"]},{"damage_healed":0.0,"max_hp_gain":0.0,"max_hp_loss":0.0,"gold_gain":0.0,"event_name":"The Mausoleum","player_choice":"Opened","floor":19.0,"gold_loss":0.0,"damage_taken":0.0,"relics_obtained":["Bronze Scales"]},{"damage_healed":0.0,"max_hp_gain":0.0,"max_hp_loss":0.0,"gold_gain":0.0,"event_name":"Ghosts","player_choice":"Ignored","floor":20.0,"gold_loss":0.0,"damage_taken":0.0},{"damage_healed":0.0,"max_hp_gain":5.0,"max_hp_loss":0.0,"gold_gain":0.0,"event_name":"Forgotten Altar","player_choice":"Shed Blood","floor":31.0,"gold_loss":0.0,"damage_taken":20.0},{"cards_removed":["Reaper"],"damage_healed":0.0,"max_hp_gain":0.0,"max_hp_loss":0.0,"gold_gain":0.0,"event_name":"Falling","player_choice":"Removed Attack","floor":36.0,"gold_loss":0.0,"damage_taken":0.0},{"damage_healed":0.0,"max_hp_gain":0.0,"max_hp_loss":0.0,"gold_gain":300.0,"event_name":"Wheel of Change","player_choice":"Gold","floor":39.0,"gold_loss":0.0,"damage_taken":0.0},{"damage_healed":0,"gold_gain":0,"player_choice":"Fight","damage_taken":0,"max_hp_gain":0,"max_hp_loss":0,"event_name":"MindBloom","floor":47,"gold_loss":0}],"is_beta":true,"boss_relics":[{"not_picked":["Coffee Dripper","Snecko Eye"],"picked":"Astrolabe"},{"not_picked":["Calling Bell","Black Blood"],"picked":"Lizard Tail"}],"items_purged_floors":[],"is_endless":false,"potions_floor_spawned":[2,3,4,5,10,24,28,29,38,44,45],"ascension_level":13}