{"gold_per_floor":[115,115,133,144,144,176,176,56,110,110,110,138,138,138,138,233,233,244,244,3,19,31,59,59,87,87,87,87,87,101,134,146,158],"floor_reached":33,"playtime":2167,"items_purged":[],"score":351,"play_id":"bd384a33-7ae3-467e-8c4d-083980fb89f4","local_time":"20190526150831","is_ascension_mode":true,"campfire_choices":[{"data":"Conserve Battery","floor":7.0,"key":"SMITH"},{"floor":11.0,"key":"REST"},{"data":"Coolheaded","floor":13.0,"key":"SMITH"},{"data":"Cold Snap","floor":15.0,"key":"SMITH"},{"data":"Echo Form","floor":24.0,"key":"SMITH"},{"floor":29.0,"key":"REST"},{"data":"Hyperbeam","floor":32,"key":"SMITH"}],"neow_cost":"NONE","seed_source_timestamp":583032661089982,"circlet_count":0,"master_deck":["Strike_B","Strike_B+1","Defend_B","Defend_B","Defend_B","Defend_B","Zap+1","Dualcast+1","Coolheaded+1","Cold Snap+1","Conserve Battery+1","Compile Driver","FTL","Hyperbeam+1","Force Field","Echo Form+1","Blizzard","Sunder","Chrysalis","Machine Learning","Streamline"],"special_seed":0,"relics":["Cracked Core","NeowsBlessing","Juzu Bracelet","Art of War","Smiling Mask","PreservedInsect","Snecko Eye","Boot","Happy Flower","Unceasing Top","MawBank"],"potions_floor_usage":[30,31,33,33],"damage_taken":[{"damage":0.0,"enemies":"2 Louse","floor":1.0,"turns":1.0},{"damage":0.0,"enemies":"Cultist","floor":3.0,"turns":1.0},{"damage":0.0,"enemies":"Jaw Worm","floor":4.0,"turns":1.0},{"damage":29.0,"enemies":"Lagavulin","floor":6.0,"turns":8.0},{"damage":0.0,"enemies":"3 Sentries","floor":12.0,"turns":8.0},{"damage":22.0,"enemies":"Hexaghost","floor":16.0,"turns":10.0},{"damage":11.0,"enemies":"Shell Parasite","floor":18.0,"turns":4.0},{"damage":13.0,"enemies":"2 Thieves","floor":21.0,"turns":3.0},{"damage":0.0,"enemies":"3 Cultists","floor":22.0,"turns":2.0},{"damage":2.0,"enemies":"Gremlin Leader","floor":23.0,"turns":5.0},{"damage":14.0,"enemies":"Book of Stabbing","floor":25.0,"turns":6.0},{"damage":15,"enemies":"Centurion and Healer","floor":30,"turns":4},{"damage":1,"enemies":"Gremlin Leader","floor":31,"turns":4},{"damage":80,"enemies":"Champ","floor":33,"turns":12}],"seed_played":"8077649455264303884","potions_obtained":[{"floor":3.0,"key":"Swift Potion"},{"floor":4.0,"key":"Strength Potion"},{"floor":6.0,"key":"SteroidPotion"},{"floor":22.0,"key":"PowerPotion"},{"floor":23.0,"key":"Regen Potion"},{"floor":30,"key":"Block Potion"}],"is_trial":false,"path_per_floor":["M","?","M","M","?","E","R","$","T","?","R","E","R","?","R","B",null,"M","?","$","M","M","E","R","E","T","$","?","R","M","E","R","B"],"character_chosen":"DEFECT","items_purchased":["Compile Driver","FTL","Sunder","Chrysalis"],"campfire_rested":2,"item_purchase_floors":[8,8,20,20],"current_hp_per_floor":[75,75,75,75,75,46,46,46,46,31,53,53,53,53,53,31,75,64,64,64,51,51,49,49,35,35,35,35,57,54,53,53,0],"gold":158,"neow_bonus":"THREE_ENEMY_KILL","is_prod":false,"is_daily":false,"chose_seed":false,"campfire_upgraded":5,"win_rate":0,"timestamp":1558872511,"path_taken":["M","?","?","M","?","E","R","$","T","?","R","E","R","?","R","BOSS","M","?","$","M","M","E","R","E","T","$","?","R","M","E","R","BOSS"],"build_version":"2019-01-23","purchased_purges":0,"victory":false,"max_hp_per_floor":[75,75,75,75,75,75,75,75,75,75,75,75,75,75,75,75,75,75,75,75,75,75,75,75,75,75,75,75,75,75,75,75,75],"card_choices":[{"not_picked":["Turbo","Hologram"],"picked":"Coolheaded","floor":1.0},{"not_picked":["Meteor Strike","Barrage","Stack"],"picked":"SKIP","floor":3.0},{"not_picked":["Steam","Sweeping Beam"],"picked":"Cold Snap","floor":4.0},{"not_picked":["Melter","Seek"],"picked":"Conserve Battery","floor":6.0},{"not_picked":["Redo","Compile Driver","Steam Power"],"picked":"SKIP","floor":12.0},{"not_picked":["Core Surge","Multi-Cast"],"picked":"Hyperbeam","floor":16.0},{"not_picked":["Stack+1","Steam"],"picked":"Force Field","floor":18.0},{"not_picked":["Steam","Gash","Hologram"],"picked":"SKIP","floor":21.0},{"not_picked":["Steam Power","Compile Driver+1","Rip and Tear"],"picked":"SKIP","floor":22.0},{"not_picked":["Rebound","Ball Lightning","Hello World+1"],"picked":"SKIP","floor":23.0},{"not_picked":["Seek","Turbo+1","Redo"],"picked":"SKIP","floor":25.0},{"not_picked":["Beam Cell","Rebound"],"picked":"Machine Learning","floor":30},{"not_picked":["Beam Cell","Steam+1"],"picked":"Streamline","floor":31}],"player_experience":834314,"relics_obtained":[{"floor":6.0,"key":"Juzu Bracelet"},{"floor":9.0,"key":"Art of War"},{"floor":12.0,"key":"Smiling Mask"},{"floor":23.0,"key":"Boot"},{"floor":25.0,"key":"Happy Flower"},{"floor":26.0,"key":"Unceasing Top"},{"floor":31,"key":"MawBank"}],"event_choices":[{"damage_healed":0.0,"max_hp_gain":0.0,"max_hp_loss":0.0,"gold_gain":0.0,"event_name":"Upgrade Shrine","player_choice":"Upgraded","floor":2.0,"gold_loss":0.0,"damage_taken":0.0,"cards_upgraded":["Zap"]},{"damage_healed":0.0,"max_hp_gain":0.0,"max_hp_loss":0.0,"gold_gain":0.0,"event_name":"NoteForYourself","player_choice":"Ignored","floor":5.0,"gold_loss":0.0,"damage_taken":0.0},{"damage_healed":0.0,"max_hp_gain":0.0,"max_hp_loss":0.0,"gold_gain":0.0,"event_name":"Shining Light","player_choice":"Entered Light","floor":10.0,"gold_loss":0.0,"damage_taken":15.0,"cards_upgraded":["Dualcast","Strike_B"]},{"damage_healed":0.0,"max_hp_gain":0.0,"max_hp_loss":0.0,"gold_gain":0.0,"event_name":"Dead Adventurer","player_choice":"Searched \u00271\u0027 times","floor":14.0,"gold_loss":0.0,"damage_taken":0.0,"relics_obtained":["PreservedInsect"]},{"damage_healed":0.0,"max_hp_gain":0.0,"max_hp_loss":0.0,"gold_gain":0.0,"cards_transformed":["Strike_B","Strike_B"],"event_name":"Drug Dealer","player_choice":"Became Test Subject","floor":19.0,"gold_loss":0.0,"damage_taken":0.0,"cards_obtained":["Echo Form","Blizzard"]},{"damage_healed":0.0,"max_hp_gain":0.0,"max_hp_loss":0.0,"gold_gain":0.0,"event_name":"Beggar","player_choice":"Ignored","floor":28.0,"gold_loss":0.0,"damage_taken":0.0}],"is_beta":false,"boss_relics":[{"not_picked":["Nuclear Battery","Runic Pyramid"],"picked":"Snecko Eye"}],"items_purged_floors":[],"is_endless":false,"potions_floor_spawned":[3,4,6,18,22,23,30],"killed_by":"Champ","ascension_level":1}