{"gold_per_floor":[212,225,40,40,58,58,85,85,85,85,119,136,136,136,136,136],"floor_reached":16,"playtime":745,"items_purged":[],"score":108,"play_id":"5441746a-f1f0-45be-885d-0c7e21f64a2b","local_time":"20181109200849","is_ascension_mode":false,"campfire_choices":[{"data":"Prepared","floor":6,"key":"SMITH"},{"floor":8,"key":"REST"},{"data":"Reflex","floor":10,"key":"SMITH"},{"floor":13,"key":"REST"},{"floor":15,"key":"REST"}],"neow_cost":"NONE","seed_source_timestamp":20510943078238,"circlet_count":0,"master_deck":["Defend_G","Defend_G","Defend_G","Defend_G","Defend_G","Strike_G+1","Strike_G+1","Strike_G","Strike_G","Strike_G","Survivor","Neutralize","Tactician","Dagger Spray","Blur","Prepared+1","Reflex+1","Choke","Dagger Throw"],"relics":["Ring of the Snake","Lantern","Turnip","Pear","Smiling Mask","Whetstone"],"potions_floor_usage":[7,7,16],"damage_taken":[{"damage":1,"enemies":"Cultist","floor":1,"turns":4},{"damage":2,"enemies":"Jaw Worm","floor":2,"turns":6},{"damage":0,"enemies":"Small Slimes","floor":5,"turns":6},{"damage":10,"enemies":"3 Sentries","floor":7,"turns":7},{"damage":72,"enemies":"Lagavulin","floor":11,"turns":17},{"damage":3,"enemies":"3 Louse","floor":12,"turns":3},{"damage":56,"enemies":"The Guardian","floor":16,"turns":14}],"seed_played":"8959266579414975273","potions_obtained":[{"floor":1,"key":"Strength Potion"},{"floor":5,"key":"Explosive Potion"},{"floor":11,"key":"FearPotion"}],"is_trial":false,"path_per_floor":["M","M","$","?","M","R","E","R","T","R","E","M","R","T","R","B"],"character_chosen":"THE_SILENT","items_purchased":["Lantern","Blur"],"campfire_rested":3,"item_purchase_floors":[3,3],"current_hp_per_floor":[69,67,67,67,67,67,57,70,80,80,8,5,29,29,53,0],"gold":136,"neow_bonus":"HUNDRED_GOLD","is_prod":false,"is_daily":false,"chose_seed":false,"campfire_upgraded":2,"win_rate":0,"timestamp":1541765329,"path_taken":["M","?","$","?","M","R","E","R","T","R","E","M","R","?","R","BOSS"],"build_version":"2018-11-08","purchased_purges":0,"victory":false,"max_hp_per_floor":[70,70,70,70,70,70,70,70,80,80,80,80,80,80,80,80],"card_choices":[{"not_picked":["Deflect","Setup"],"picked":"Tactician","floor":1},{"not_picked":["Flying Knee","Outmaneuver"],"picked":"Dagger Spray","floor":2},{"not_picked":["Quick Slash","Sucker Punch"],"picked":"Prepared","floor":5},{"not_picked":["Riddle With Holes","Noxious Fumes"],"picked":"Reflex","floor":7},{"not_picked":["Predator","All Out Attack"],"picked":"Choke","floor":11},{"not_picked":["Blur","Cloak And Dagger"],"picked":"Dagger Throw","floor":12}],"player_experience":426992,"relics_obtained":[{"floor":7,"key":"Turnip"},{"floor":9,"key":"Pear"},{"floor":11,"key":"Smiling Mask"},{"floor":14,"key":"Whetstone"}],"event_choices":[{"damage_healed":0,"gold_gain":0,"player_choice":"Ignored","damage_taken":0,"max_hp_gain":0,"max_hp_loss":0,"event_name":"Liars Game","floor":4,"gold_loss":0}],"is_beta":false,"boss_relics":[],"items_purged_floors":[],"is_endless":false,"potions_floor_spawned":[1,5,11],"killed_by":"The Guardian","ascension_level":0}