{"path_per_floor":["M","?","?","M","$","E","R","M","T","R","E","$","R","M","R","B",null,"M","?","?","$","M","R","M","$","T","?","?","R","M","M","R","B",null,"M","M","?","$","?","R","?","?","T","M","$","M"],"character_chosen":"DEFECT","items_purchased":["Cold Snap","Apotheosis","Strange Spoon","Blizzard"],"gold_per_floor":[118,193,193,208,110,136,136,151,151,151,179,99,99,114,114,211,211,228,228,228,128,141,141,160,40,63,63,63,63,79,97,97,201,201,220,230,230,63,163,163,163,163,231,241,55,65,65],"floor_reached":47,"campfire_rested":4,"playtime":2832,"current_hp_per_floor":[62,51,51,49,49,31,51,49,59,59,49,49,72,72,72,47,78,77,77,77,77,72,72,59,59,59,59,78,78,61,56,78,43,78,45,37,37,37,37,60,50,50,50,15,15,9,0],"items_purged":["Defend_B","Strike_B","Writhe","Defend_B"],"gold":65,"score":431,"play_id":"580298d6-cf37-4035-97e7-70bc78671dd9","local_time":"20180430203455","is_prod":false,"is_daily":false,"chose_seed":false,"is_ascension_mode":false,"campfire_upgraded":4,"timestamp":1525134895,"path_taken":["M","?","?","M","$","E","R","M","T","R","E","$","R","M","R","BOSS","M","?","?","$","?","R","M","?","T","?","?","R","?","M","R","BOSS","M","M","?","$","?","R","?","?","T","M","?","M","M"],"build_version":"2018-04-27v3","seed_source_timestamp":8416822313117,"purchased_purges":4,"victory":false,"master_deck":["Strike_B","Strike_B","Defend_B","Zap","Dualcast","Cold Snap","Auto Shields","Cold Snap","White Noise+1","Go for the Eyes+1","Glacier","Loop+1","Creative AI+1","Blizzard","Darkness+1","Seek","Cold Snap","Apotheosis","Madness","Dramatic Entrance","Panache","Impulse","Blizzard"],"max_hp_per_floor":[68,68,68,68,68,68,68,68,78,78,78,78,78,78,78,78,78,78,78,78,78,78,78,78,78,78,78,78,78,78,78,78,78,78,78,78,78,78,78,78,78,78,78,78,78,78,78],"relics":["Cracked Core","The Courier","Pear","Du-Vu Doll","Inserter","Sundial","Pen Nib","Nuclear Battery","Matryoshka","Strange Spoon"],"card_choices":[{"not_picked":["Hologram","Impulse"],"picked":"Cold Snap","floor":1},{"not_picked":["Loop","Leap"],"picked":"Auto Shields","floor":4},{"not_picked":["Chill","Stack"],"picked":"White Noise","floor":6},{"not_picked":["Stack","FTL"],"picked":"Go for the Eyes","floor":8},{"not_picked":["Fusion","Impulse"],"picked":"Glacier","floor":11},{"not_picked":["Stack","Barrage"],"picked":"Loop","floor":14},{"not_picked":["Multi-Cast","Meteor Strike"],"picked":"Creative AI","floor":16},{"not_picked":["Blaster","Coolheaded"],"picked":"Blizzard","floor":24},{"not_picked":["Turbo","Steam Power"],"picked":"Darkness","floor":31},{"not_picked":["Prime","Amplify"],"picked":"Seek","floor":33},{"not_picked":["Rip and Tear","Sunder"],"picked":"Cold Snap","floor":36},{"not_picked":["Panache","Magnetism"],"picked":"Madness","floor":41},{"not_picked":["Purity","Good Instincts"],"picked":"Dramatic Entrance","floor":41},{"not_picked":["Good Instincts","Blind"],"picked":"Panache","floor":41},{"not_picked":["Sweeping Beam","Capacitor"],"picked":"Impulse","floor":44}],"player_experience":223164,"potions_floor_usage":[6,33,35,44,44,46],"damage_taken":[{"damage":6,"enemies":"Jaw Worm","floor":1,"turns":4},{"damage":2,"enemies":"Small Slimes","floor":4,"turns":4},{"damage":18,"enemies":"Gremlin Nob","floor":6,"turns":6},{"damage":2,"enemies":"Cultist","floor":8,"turns":3},{"damage":10,"enemies":"3 Sentries","floor":11,"turns":9},{"damage":0,"enemies":"Large Slime","floor":14,"turns":7},{"damage":25,"enemies":"The Guardian","floor":16,"turns":19},{"damage":1,"enemies":"Chosen","floor":18,"turns":8},{"damage":5,"enemies":"Spheric Guardian","floor":22,"turns":9},{"damage":13,"enemies":"Snake Plant","floor":24,"turns":6},{"damage":17,"enemies":"Centurion and Healer","floor":30,"turns":11},{"damage":5,"enemies":"3 Cultists","floor":31,"turns":7},{"damage":35,"enemies":"Collector","floor":33,"turns":15},{"damage":33,"enemies":"Flame Bruiser 1 Orb","floor":35,"turns":11},{"damage":8,"enemies":"Orb Walker","floor":36,"turns":5},{"damage":35,"enemies":"Maw","floor":44,"turns":8},{"damage":6,"enemies":"Sphere and 2 Shapes","floor":46,"turns":4},{"damage":10,"enemies":"Spire Growth","floor":47,"turns":2}],"event_choices":[{"event_name":"World of Goop","player_choice":"Gather Gold","floor":2,"damage_taken":0},{"event_name":"Shining Light","player_choice":"Ignored","floor":3,"damage_taken":0},{"event_name":"Ghosts","player_choice":"Ignored","floor":19,"damage_taken":0},{"event_name":"The Mausoleum","player_choice":"Yes","floor":20,"damage_taken":0},{"event_name":"Beggar","player_choice":"Ignored","floor":27,"damage_taken":0},{"event_name":"The Library","player_choice":"Heal","floor":28,"damage_taken":0},{"event_name":"The Lab","player_choice":"Got Potions","floor":37,"damage_taken":0},{"event_name":"Golden Shrine","player_choice":"Pray","floor":39,"damage_taken":0},{"event_name":"SensoryStone","player_choice":"Memory 3","floor":41,"damage_taken":0},{"event_name":"Mysterious Sphere","player_choice":"Ignore","floor":42,"damage_taken":0}],"boss_relics":[{"not_picked":["Philosopher\u0027s Stone","Lizard Tail"],"picked":"Inserter"},{"not_picked":["Runic Dome","Sozu"],"picked":"Nuclear Battery"}],"potions_floor_spawned":[4,14,16,24,30,36,44],"seed_played":"-477078122154881009","killed_by":"Spire Growth","ascension_level":0,"is_trial":false}