{"gold_per_floor":[118,136,67,82,100,100,115,143,192,192,211,230,230,230,230,328,328,339,356,11,11],"floor_reached":21,"playtime":645,"items_purged":[],"score":284,"play_id":"61998a6e-6310-4ce5-80cb-0725a94f6fdd","local_time":"20190126151926","is_ascension_mode":true,"campfire_choices":[{"data":"Zap","floor":6,"key":"SMITH"},{"floor":10,"key":"REST"},{"floor":13,"key":"REST"},{"data":"Capacitor","floor":15,"key":"SMITH"}],"neow_cost":"NONE","seed_source_timestamp":62664889875800,"circlet_count":0,"master_deck":["AscendersBane","Strike_B","Strike_B","Strike_B","Strike_B","Defend_B","Defend_B","Defend_B","Defend_B","Zap+1","Dualcast","Rainbow","Barrage","Ball Lightning","Doom and Gloom","Machine Learning","Conserve Battery","Auto Shields","Capacitor+1","Barrage","Biased Cognition","Coolheaded","Loop+1","Capacitor"],"relics":["Cracked Core","Lantern","Regal Pillow","Philosopher\u0027s Stone","Turnip"],"potions_floor_usage":[8,16],"damage_taken":[{"damage":1,"enemies":"Cultist","floor":1,"turns":3},{"damage":0,"enemies":"2 Louse","floor":2,"turns":3},{"damage":6,"enemies":"Jaw Worm","floor":4,"turns":4},{"damage":20,"enemies":"Exordium Wildlife","floor":5,"turns":5},{"damage":6,"enemies":"Blue Slaver","floor":7,"turns":3},{"damage":24,"enemies":"Gremlin Nob","floor":8,"turns":4},{"damage":11,"enemies":"Large Slime","floor":11,"turns":4},{"damage":9,"enemies":"Exordium Thugs","floor":12,"turns":4},{"damage":22,"enemies":"The Guardian","floor":16,"turns":8},{"damage":38,"enemies":"2 Thieves","floor":18,"turns":3},{"damage":15,"enemies":"Spheric Guardian","floor":19,"turns":4},{"damage":14,"enemies":"Snake Plant","floor":21,"turns":1}],"seed_played":"7859039135651184719","potions_obtained":[{"floor":5,"key":"PowerPotion"},{"floor":8,"key":"Energy Potion"},{"floor":12,"key":"SteroidPotion"}],"is_trial":false,"path_per_floor":["M","M","$","M","M","R","M","E","T","R","M","M","R","?","R","B",null,"M","M","$","M"],"character_chosen":"DEFECT","items_purchased":["Doom and Gloom","Turnip","Capacitor"],"campfire_rested":2,"item_purchase_floors":[3,20,20],"current_hp_per_floor":[67,67,67,61,41,41,35,11,11,48,37,28,65,65,65,43,67,29,14,14,0],"gold":11,"neow_bonus":"ONE_RANDOM_RARE_CARD","is_prod":false,"is_daily":false,"chose_seed":false,"campfire_upgraded":2,"win_rate":0,"timestamp":1548533966,"path_taken":["M","?","?","M","M","R","M","E","T","R","?","?","R","?","R","BOSS","M","M","$","M"],"build_version":"2019-01-23","purchased_purges":0,"victory":false,"max_hp_per_floor":[75,75,75,75,75,75,75,75,75,75,75,75,75,75,75,75,75,75,75,75,75],"card_choices":[{"not_picked":["Go for the Eyes","Steam"],"picked":"Barrage","floor":1},{"not_picked":["Hologram","Genetic Algorithm"],"picked":"Ball Lightning","floor":2},{"not_picked":["Conserve Battery","Leap"],"picked":"Machine Learning","floor":4},{"not_picked":["Turbo","Recycle"],"picked":"Conserve Battery","floor":5},{"not_picked":["Beam Cell","Reinforced Body"],"picked":"Auto Shields","floor":7},{"not_picked":["Streamline","Auto Shields","Sweeping Beam"],"picked":"SKIP","floor":8},{"not_picked":["Steam","Redo"],"picked":"Capacitor","floor":11},{"not_picked":["Sweeping Beam","Cold Snap"],"picked":"Barrage","floor":12},{"not_picked":["Multi-Cast","Meteor Strike"],"picked":"Biased Cognition","floor":16},{"not_picked":["Blizzard","Recycle"],"picked":"Coolheaded","floor":18},{"not_picked":["Compile Driver","Beam Cell+1"],"picked":"Loop+1","floor":19}],"player_experience":535094,"relics_obtained":[{"floor":8,"key":"Lantern"},{"floor":9,"key":"Regal Pillow"}],"event_choices":[{"damage_healed":0,"gold_gain":0,"player_choice":"Ignored","damage_taken":0,"max_hp_gain":0,"max_hp_loss":0,"event_name":"Liars Game","floor":14,"gold_loss":0}],"is_beta":true,"boss_relics":[{"not_picked":["Runic Dome","Empty Cage"],"picked":"Philosopher\u0027s Stone"}],"items_purged_floors":[],"is_endless":false,"potions_floor_spawned":[5,8,12],"killed_by":"Snake Plant","ascension_level":11}