{"path_per_floor":["M","?","$","?","M","R","M","T","T","M","$","E","R","M","R","B",null,"M","?","$","M","M","R","M","R","T","R","M","M","M","?","R","B",null,"M","?","M","M","M","R","M","R","T","R","$","?","M","?","R","B"],"character_chosen":"DEFECT","items_purchased":["Chill","Capacitor","Orichalcum","Defragment"],"gold_per_floor":[118,118,21,21,36,36,57,82,82,101,26,60,60,80,80,206,206,206,206,63,63,63,63,63,63,63,63,63,63,63,63,63,63,63,63,63,63,63,63,63,63,63,63,63,7,7,7,7,7,7],"floor_reached":51,"campfire_rested":1,"playtime":2678,"item_purchase_floors":[],"current_hp_per_floor":[71,59,59,59,59,59,59,59,59,59,59,50,50,52,52,27,77,68,68,68,70,60,60,60,60,60,60,60,60,62,62,62,62,85,87,76,71,73,75,75,77,77,77,77,77,77,79,79,95,80],"items_purged":["Strike_B"],"gold":7,"score":726,"play_id":"741410e0-79fe-4af1-ac79-b7e3b214eacb","local_time":"20180521144735","is_prod":false,"is_daily":false,"chose_seed":false,"is_ascension_mode":false,"campfire_upgraded":10,"timestamp":1526928455,"campfire_choices":[{"data":"Rainbow","floor":40,"key":"SMITH"},{"data":"Reinforced Body","floor":42,"key":"SMITH"},{"data":"Reboot","floor":44,"key":"SMITH"},{"floor":49,"key":"REST"}],"path_taken":["M","?","?","?","M","R","M","?","T","?","$","E","R","M","R","BOSS","M","?","$","M","M","R","M","R","T","R","M","?","M","?","R","BOSS","M","?","M","M","M","R","M","R","T","R","?","?","?","?","R","BOSS"],"build_version":"2018-05-18","seed_source_timestamp":0,"purchased_purges":1,"victory":true,"master_deck":["Strike_B+1","Strike_B+1","Strike_B+1","Defend_B+1","Defend_B+1","Defend_B+1","Defend_B+1","Zap+1","Dualcast+1","Chill+1","Capacitor+1","Defragment+1","Seek+1","Reboot+1","FTL","Echo Form+1","Go for the Eyes","Rainbow+1","Coolheaded+1","Madness","Madness","Reinforced Body+1","Skim+1","Tempest+1","Skim+1","Coolheaded+1","Defragment","Echo Form"],"max_hp_per_floor":[77,77,77,71,73,73,73,73,73,73,73,75,75,77,77,77,77,79,79,79,81,83,83,83,83,83,83,83,83,85,85,85,85,85,87,87,87,89,91,91,93,93,93,93,93,93,95,95,95,95],"relics":["Cracked Core","Singing Bowl","Calipers","Golden Idol","DataDisk","Letter Opener","Mummified Hand","Ectoplasm","Orichalcum","Prayer Wheel","Sozu","The Courier"],"card_choices":[{"not_picked":["Steam","Reinforced Body"],"picked":"Defragment","floor":7.0},{"not_picked":["Streamline","Heatsinks"],"picked":"Seek","floor":10.0},{"not_picked":["Nova","Thunder Strike"],"picked":"Reboot","floor":16.0},{"not_picked":["Rebound","Streamline"],"picked":"FTL","floor":24.0},{"not_picked":["Barrage","Hologram"],"picked":"Echo Form","floor":28.0},{"not_picked":["Skim","Streamline"],"picked":"Go for the Eyes","floor":29.0},{"not_picked":["Creative AI","Thunder Strike"],"picked":"Rainbow","floor":33.0},{"not_picked":["Stack","Go for the Eyes+1"],"picked":"Coolheaded+1","floor":35},{"not_picked":["Ball Lightning+1","FTL","Darkness"],"picked":"Singing Bowl","floor":35},{"not_picked":["Beam Cell","Coolheaded+1"],"picked":"Reinforced Body","floor":37},{"not_picked":["Consume+1","Cold Snap+1"],"picked":"Skim+1","floor":37},{"not_picked":["Skim+1","Coolheaded+1","Stack"],"picked":"Singing Bowl","floor":38},{"not_picked":["Sweeping Beam","Hello World"],"picked":"Tempest+1","floor":38},{"not_picked":["Ball Lightning+1","Storm"],"picked":"Skim+1","floor":39},{"not_picked":["Capacitor","Go for the Eyes","Turbo"],"picked":"Singing Bowl","floor":39},{"not_picked":["Buffer","Capacitor+1","Recycle"],"picked":"Singing Bowl","floor":41},{"not_picked":["Skim","Ball Lightning+1"],"picked":"Coolheaded+1","floor":41},{"not_picked":["FTL","Cold Snap+1","Stack+1"],"picked":"Singing Bowl","floor":47},{"not_picked":["Cold Snap","FTL"],"picked":"Echo Form","floor":47}],"player_experience":258828,"potions_floor_usage":[],"damage_taken":[{"damage":6.0,"enemies":"Jaw Worm","floor":1.0,"turns":4.0},{"damage":2.0,"enemies":"2 Louse","floor":5.0,"turns":3.0},{"damage":0.0,"enemies":"Cultist","floor":7.0,"turns":3.0},{"damage":0.0,"enemies":"2 Fungi Beasts","floor":10.0,"turns":3.0},{"damage":11.0,"enemies":"Lagavulin","floor":12.0,"turns":7.0},{"damage":0.0,"enemies":"Looter","floor":14.0,"turns":2.0},{"damage":25.0,"enemies":"Slime Boss","floor":16.0,"turns":9.0},{"damage":11.0,"enemies":"Spheric Guardian","floor":18.0,"turns":4.0},{"damage":0.0,"enemies":"Chosen","floor":21.0,"turns":4.0},{"damage":12.0,"enemies":"Centurion and Healer","floor":22.0,"turns":6.0},{"damage":0.0,"enemies":"Snecko","floor":24.0,"turns":5.0},{"damage":0.0,"enemies":"Sentry and Sphere","floor":28.0,"turns":4.0},{"damage":0.0,"enemies":"Cultist and Chosen","floor":29.0,"turns":6.0},{"damage":0.0,"enemies":"Centurion and Healer","floor":30.0,"turns":5.0},{"damage":0.0,"enemies":"Automaton","floor":33.0,"turns":11.0},{"damage":0,"enemies":"Flame Bruiser 1 Orb","floor":35,"turns":4},{"damage":5,"enemies":"Orb Walker","floor":37,"turns":3},{"damage":0,"enemies":"4 Shapes","floor":38,"turns":5},{"damage":0,"enemies":"Maw","floor":39,"turns":5},{"damage":0,"enemies":"Flame Bruiser 2 Orb","floor":41,"turns":4},{"damage":0,"enemies":"3 Darklings","floor":47,"turns":4},{"damage":15,"enemies":"Time Eater","floor":50,"turns":10}],"relics_obtained":[{"floor":43,"key":"The Courier"}],"event_choices":[{"event_name":"Scrap Ooze","player_choice":"success","floor":2.0,"damage_taken":12.0},{"event_name":"Golden Idol","player_choice":"Lose Max HP","floor":4.0,"damage_taken":0.0},{"event_name":"Back to Basics","player_choice":"Simplicity","floor":19.0,"damage_taken":0.0},{"event_name":"Addict","player_choice":"Ignored","floor":31.0,"damage_taken":0.0},{"event_name":"Winding Halls","player_choice":"Embrace Madness","floor":36,"damage_taken":0},{"event_name":"The Lab","player_choice":"Got Potions","floor":46,"damage_taken":0},{"event_name":"Mysterious Sphere","player_choice":"Ignore","floor":48,"damage_taken":0}],"boss_relics":[{"not_picked":["Philosopher\u0027s Stone","Astrolabe"],"picked":"Sozu"}],"items_purged_floors":[],"potions_floor_spawned":[10,12,14,22,28,29,30,33,35,37,47],"seed_played":"6879131203595370034","ascension_level":0,"potions_obtained":[],"is_trial":false}