{"gold_per_floor":[116,128,128,128,128,172,197,233,233,257,278,302,341,359,359,359],"floor_reached":16,"playtime":3133,"items_purged":[],"score":122,"play_id":"bfc00c49-8008-401e-96ef-8253af83f203","local_time":"20190531221834","is_ascension_mode":false,"campfire_choices":[{"data":"Footwork","floor":15,"key":"SMITH"}],"neow_cost":"NONE","seed_source_timestamp":1166698764686233,"circlet_count":0,"master_deck":["Defend_G","Defend_G","Defend_G","Defend_G","Defend_G","Strike_G","Strike_G","Strike_G","Strike_G","Strike_G","Survivor","Neutralize+1","Well Laid Plans","Footwork+1","PiercingWail","Envenom","PiercingWail","Catalyst","Bullet Time"],"relics":["Cursed Key","Golden Idol","Omamori","Potion Belt","Smiling Mask","Sundial","Du-Vu Doll"],"potions_floor_usage":[8,8,8,8,13,13,16,16,16,16],"damage_taken":[{"damage":1,"enemies":"Jaw Worm","floor":1,"turns":4},{"damage":3,"enemies":"Small Slimes","floor":2,"turns":4},{"damage":2,"enemies":"Lagavulin","floor":6,"turns":13},{"damage":15,"enemies":"Gremlin Nob","floor":8,"turns":6},{"damage":0,"enemies":"2 Louse","floor":10,"turns":3},{"damage":1,"enemies":"Blue Slaver","floor":11,"turns":5},{"damage":0,"enemies":"Red Slaver","floor":12,"turns":6},{"damage":15,"enemies":"3 Sentries","floor":13,"turns":15},{"damage":7,"enemies":"3 Louse","floor":14,"turns":4},{"damage":28,"enemies":"Hexaghost","floor":16,"turns":10}],"seed_played":"8810628797615425614","potions_obtained":[{"floor":1,"key":"EntropicBrew"},{"floor":6,"key":"Regen Potion"},{"floor":8,"key":"Block Potion"},{"floor":10,"key":"Strength Potion"},{"floor":14,"key":"Explosive Potion"}],"is_trial":false,"path_per_floor":["M","M","?","?","?","E","T","E","T","M","M","M","E","M","R","B"],"character_chosen":"THE_SILENT","items_purchased":[],"campfire_rested":0,"item_purchase_floors":[],"current_hp_per_floor":[69,66,66,49,49,47,47,47,47,47,46,46,31,24,24,0],"gold":359,"neow_bonus":"BOSS_RELIC","is_prod":false,"is_daily":false,"chose_seed":false,"campfire_upgraded":1,"win_rate":0,"timestamp":1559366314,"path_taken":["M","M","?","?","?","E","?","E","T","M","M","?","E","M","R","BOSS"],"build_version":"2019-01-23","purchased_purges":0,"victory":false,"max_hp_per_floor":[70,70,70,70,70,70,70,70,70,70,70,70,70,70,70,70],"card_choices":[{"not_picked":["Escape Plan","Blade Dance"],"picked":"Well Laid Plans","floor":1},{"not_picked":["Heel Hook","Reflex"],"picked":"Footwork","floor":2},{"not_picked":["Calculated Gamble","Blade Dance"],"picked":"PiercingWail","floor":6},{"not_picked":["Deflect","Infinite Blades"],"picked":"Envenom","floor":8},{"not_picked":["Distraction","Finisher"],"picked":"PiercingWail","floor":10},{"not_picked":["Blade Dance","Backflip"],"picked":"Catalyst","floor":11},{"not_picked":["Eviscerate","Tactician","Acrobatics"],"picked":"SKIP","floor":12},{"not_picked":["Expertise","Prepared","Choke"],"picked":"SKIP","floor":13},{"not_picked":["Sucker Punch","Bouncing Flask"],"picked":"Bullet Time","floor":14}],"player_experience":159981,"relics_obtained":[{"floor":6,"key":"Omamori"},{"floor":7,"key":"Potion Belt"},{"floor":8,"key":"Smiling Mask"},{"floor":9,"key":"Sundial"},{"floor":13,"key":"Du-Vu Doll"}],"event_choices":[{"damage_healed":0,"gold_gain":0,"player_choice":"Grow","damage_taken":0,"max_hp_gain":0,"max_hp_loss":0,"event_name":"Living Wall","floor":3,"gold_loss":0,"cards_upgraded":["Neutralize"]},{"damage_healed":0,"gold_gain":0,"player_choice":"Take Damage","damage_taken":17,"relics_obtained":["Golden Idol"],"max_hp_gain":0,"max_hp_loss":0,"event_name":"Golden Idol","floor":4,"gold_loss":0},{"damage_healed":0,"gold_gain":0,"player_choice":"Ignored","damage_taken":0,"max_hp_gain":0,"max_hp_loss":0,"event_name":"Liars Game","floor":5,"gold_loss":0}],"is_beta":false,"boss_relics":[],"items_purged_floors":[],"is_endless":false,"potions_floor_spawned":[1,6,8,10,14],"killed_by":"Hexaghost","ascension_level":0}