{"gold_per_floor":[109,109,128,138,188,188,138,152,231,45,68,99,99,99,99,99],"floor_reached":16,"playtime":608,"items_purged":["Strike_G"],"score":103,"play_id":"1fd72e35-bc4d-41b1-988b-5b941a9ea1e8","local_time":"20181107005717","is_ascension_mode":true,"campfire_choices":[{"data":"Blade Dance","floor":6,"key":"SMITH"},{"floor":13,"key":"REST"},{"floor":15,"key":"REST"}],"neow_cost":"NONE","seed_source_timestamp":386696732203431,"circlet_count":0,"master_deck":["Defend_G","Defend_G","Defend_G","Defend_G","Defend_G","Strike_G","Strike_G","Strike_G","Survivor","Neutralize","Blade Dance+1","Blur","Choke","PiercingWail","Dagger Spray","Caltrops+1"],"relics":["Ring of the Snake","The Courier","Blood Vial","Odd Mushroom","Ancient Tea Set"],"potions_floor_usage":[11,12,16],"damage_taken":[{"damage":1,"enemies":"Jaw Worm","floor":1,"turns":6},{"damage":3,"enemies":"Small Slimes","floor":3,"turns":3},{"damage":0,"enemies":"2 Louse","floor":4,"turns":4},{"damage":18,"enemies":"Gremlin Gang","floor":8,"turns":5},{"damage":19,"enemies":"The Mushroom Lair","floor":11,"turns":6},{"damage":24,"enemies":"3 Sentries","floor":12,"turns":8},{"damage":66,"enemies":"Slime Boss","floor":16,"turns":9}],"seed_played":"8225900362326578102","potions_obtained":[{"floor":3,"key":"Block Potion"},{"floor":8,"key":"LiquidBronze"},{"floor":11,"key":"Swift Potion"}],"is_trial":false,"path_per_floor":["M","$","M","M","?","R","?","M","T","$","?","E","R","?","R","B"],"character_chosen":"THE_SILENT","items_purchased":["Blood Vial"],"campfire_rested":2,"item_purchase_floors":[10],"current_hp_per_floor":[76,76,73,73,73,73,73,55,55,55,38,16,39,39,62,0],"gold":99,"neow_bonus":"TEN_PERCENT_HP_BONUS","is_prod":false,"is_daily":false,"chose_seed":false,"campfire_upgraded":1,"win_rate":0,"timestamp":1541523437,"path_taken":["M","$","M","M","?","R","?","M","T","$","?","E","R","?","R","BOSS"],"build_version":"2018-11-01","purchased_purges":1,"victory":false,"max_hp_per_floor":[77,77,77,77,77,77,77,77,77,77,77,77,77,77,77,77],"card_choices":[{"not_picked":["Quick Slash","Flechettes"],"picked":"Blade Dance","floor":1},{"not_picked":["Blade Dance","Dagger Throw"],"picked":"Blur","floor":3},{"not_picked":["Calculated Gamble","Poisoned Stab"],"picked":"Choke","floor":4},{"not_picked":["Reflex","Poisoned Stab"],"picked":"PiercingWail","floor":8},{"not_picked":["Deadly Poison","Outmaneuver"],"picked":"Dagger Spray","floor":11},{"not_picked":["All Out Attack","Quick Slash"],"picked":"Caltrops","floor":12}],"player_experience":424370,"relics_obtained":[{"floor":9,"key":"The Courier"},{"floor":11,"key":"Odd Mushroom"},{"floor":12,"key":"Ancient Tea Set"}],"event_choices":[{"damage_healed":0,"gold_gain":50,"player_choice":"Gained Gold","damage_taken":0,"max_hp_gain":0,"max_hp_loss":0,"event_name":"Golden Wing","floor":5,"gold_loss":0},{"cards_removed":["Strike_G"],"damage_healed":0,"gold_gain":0,"player_choice":"Card Removal","damage_taken":0,"max_hp_gain":0,"max_hp_loss":0,"event_name":"The Cleric","floor":7,"gold_loss":50},{"damage_healed":0,"gold_gain":0,"player_choice":"Fought Mushrooms","damage_taken":0,"max_hp_gain":0,"max_hp_loss":0,"event_name":"Mushrooms","floor":11,"gold_loss":0},{"damage_healed":0,"gold_gain":0,"player_choice":"Upgraded","damage_taken":0,"max_hp_gain":0,"max_hp_loss":0,"event_name":"Upgrade Shrine","floor":14,"gold_loss":0,"cards_upgraded":["Caltrops"]}],"is_beta":false,"boss_relics":[],"items_purged_floors":[10],"is_endless":false,"potions_floor_spawned":[3,8,11],"killed_by":"Slime Boss","ascension_level":1}