{"gold_per_floor":[115,129,129,147,46,74,74,85,85,110,110,127,127,2,2,104,104,120,148,148,168,83,83,111,111,191,226,237,314,189,224,224,323,323,336,355,373,223,323,358,358,391,418,430,430,104,104,104,104,104,104,104,17,44,44],"floor_reached":55,"playtime":2852,"items_purged":["Regret","Strike_R","Strike_R","Strike_R","Bash"],"score":868,"play_id":"50cf751a-21be-436a-a431-28ebaf8a7bc1","local_time":"20190429133129","is_ascension_mode":true,"campfire_choices":[{"data":"Entrench","floor":7,"key":"SMITH"},{"data":"Body Slam","floor":11,"key":"SMITH"},{"floor":13,"key":"REST"},{"data":"Body Slam","floor":15,"key":"SMITH"},{"data":"Bloodletting","floor":23,"key":"SMITH"},{"floor":32,"key":"RECALL"},{"data":"Inflame","floor":41,"key":"SMITH"},{"data":"Limit Break","floor":45,"key":"SMITH"},{"data":"Shrug It Off","floor":47,"key":"SMITH"},{"data":"Madness","floor":49,"key":"SMITH"},{"data":"Flame Barrier","floor":52,"key":"SMITH"}],"neow_cost":"NONE","seed_source_timestamp":565321858633100,"circlet_count":0,"master_deck":["Strike_R","Strike_R","Defend_R","Defend_R","Defend_R","Inflame+1","Entrench+1","Shrug It Off+1","Battle Trance","Body Slam+1","Body Slam+1","Impervious","Bloodletting+1","J.A.X.","Rampage+1","Seeing Red","Flame Barrier+1","Ghostly Armor","Burning Pact+1","Limit Break+1","Shrug It Off+1","Madness","Madness+1","Finesse"],"relics":["Burning Blood","Pear","Oddly Smooth Stone","Dodecahedron","Runic Pyramid","Red Mask","Omamori","Blood Vial","Darkstone Periapt","Unceasing Top","Bottled Tornado","FossilizedHelix","Busted Crown","Incense Burner","Ginger","Orichalcum","PreservedInsect","Bronze Scales","Art of War"],"potions_floor_usage":[6,10,10,27,33,40,50,55],"damage_taken":[{"damage":6,"enemies":"Cultist","floor":1,"turns":3},{"damage":3,"enemies":"2 Louse","floor":2,"turns":4},{"damage":16,"enemies":"Jaw Worm","floor":4,"turns":3},{"damage":43,"enemies":"Lagavulin","floor":6,"turns":6},{"damage":17,"enemies":"3 Louse","floor":8,"turns":5},{"damage":24,"enemies":"Gremlin Nob","floor":10,"turns":4},{"damage":14,"enemies":"Large Slime","floor":12,"turns":6},{"damage":40,"enemies":"The Guardian","floor":16,"turns":14},{"damage":6,"enemies":"Chosen","floor":18,"turns":3},{"damage":0,"enemies":"Masked Bandits","floor":19,"turns":4},{"damage":6,"enemies":"Spheric Guardian","floor":21,"turns":3},{"damage":18,"enemies":"Book of Stabbing","floor":24,"turns":3},{"damage":41,"enemies":"Slavers","floor":27,"turns":6},{"damage":9,"enemies":"Snake Plant","floor":28,"turns":4},{"damage":12,"enemies":"Book of Stabbing","floor":31,"turns":5},{"damage":41,"enemies":"Champ","floor":33,"turns":13},{"damage":13,"enemies":"3 Shapes","floor":35,"turns":8},{"damage":11,"enemies":"Orb Walker","floor":36,"turns":3},{"damage":18,"enemies":"Maw","floor":37,"turns":7},{"damage":8,"enemies":"Mind Bloom Boss Battle","floor":39,"turns":7},{"damage":34,"enemies":"Reptomancer","floor":40,"turns":7},{"damage":3,"enemies":"Giant Head","floor":42,"turns":3},{"damage":1,"enemies":"Transient","floor":44,"turns":5},{"damage":17,"enemies":"Awakened One","floor":50,"turns":9},{"damage":37,"enemies":"Shield and Spear","floor":54,"turns":7},{"damage":61,"enemies":"The Heart","floor":55,"turns":3}],"seed_played":"7616393862358404201","potions_obtained":[{"floor":1,"key":"Weak Potion"},{"floor":6,"key":"SteroidPotion"},{"floor":8,"key":"Regen Potion"},{"floor":21,"key":"SkillPotion"},{"floor":28,"key":"Ancient Potion"},{"floor":31,"key":"FearPotion"},{"floor":35,"key":"SteroidPotion"},{"floor":37,"key":"SkillPotion"},{"floor":44,"key":"AttackPotion"},{"floor":54,"key":"SmokeBomb"}],"is_trial":false,"path_per_floor":["M","M","?","M","$","E","R","M","T","E","R","M","R","$","R","B",null,"M","?","?","M","?","R","E","$","T","E","M","T","$","E","R","B",null,"M","M","M","$","?","E","R","E","T","M","R","$","R","?","R","B",null,"R","$","E","B"],"character_chosen":"IRONCLAD","items_purchased":["Shrug It Off","Body Slam","Bronze Scales","Finesse"],"campfire_rested":1,"item_purchase_floors":[5,14,46,53],"current_hp_per_floor":[80,80,90,80,80,43,43,32,32,23,23,15,42,42,42,8,90,90,90,90,90,90,90,78,78,78,45,44,44,44,40,40,7,90,83,80,70,70,70,44,44,49,49,56,56,56,56,45,45,36,90,90,90,59,0],"gold":44,"neow_bonus":"REMOVE_CARD","is_prod":false,"is_daily":false,"chose_seed":false,"campfire_upgraded":9,"win_rate":0,"timestamp":1556559089,"path_taken":["M","?","?","M","$","E","R","M","T","E","R","M","R","?","R","BOSS","M","?","?","M","?","R","E","?","T","E","M","?","$","E","R","BOSS","M","M","M","$","?","E","R","E","T","M","R","$","R","?","R","BOSS","R","$","E","BOSS"],"build_version":"2019-01-23","purchased_purges":5,"victory":false,"max_hp_per_floor":[80,80,90,90,90,90,90,90,90,90,90,90,90,90,90,90,90,90,90,90,90,90,90,90,90,90,90,90,90,90,90,90,90,90,90,90,90,90,90,90,90,90,90,90,90,90,90,90,90,90,90,90,90,90,90],"card_choices":[{"not_picked":["Corruption","Second Wind","Perfected Strike"],"picked":"SKIP","floor":1},{"not_picked":["Battle Trance","Sword Boomerang"],"picked":"Inflame","floor":2},{"not_picked":["Searing Blow","Havoc"],"picked":"Entrench","floor":4},{"not_picked":["Sword Boomerang","Clash","Infernal Blade"],"picked":"SKIP","floor":6},{"not_picked":["Perfected Strike","Thunderclap"],"picked":"Battle Trance","floor":8},{"not_picked":["Combust","Clash"],"picked":"Body Slam","floor":10},{"not_picked":["Blood for Blood","Perfected Strike","Iron Wave"],"picked":"SKIP","floor":12},{"not_picked":["Reaper","Barricade"],"picked":"Impervious","floor":16},{"not_picked":["Searing Blow","Pummel+1","Iron Wave"],"picked":"SKIP","floor":18},{"not_picked":["Anger","Sword Boomerang"],"picked":"Bloodletting","floor":19},{"not_picked":["Sword Boomerang","Hemokinesis+1"],"picked":"Rampage+1","floor":21},{"not_picked":["True Grit","Hemokinesis","Twin Strike"],"picked":"SKIP","floor":24},{"not_picked":["Entrench","Wild Strike"],"picked":"Seeing Red","floor":27},{"not_picked":["Havoc","Iron Wave"],"picked":"Flame Barrier","floor":28},{"not_picked":["Dual Wield+1","Offering"],"picked":"Ghostly Armor","floor":31},{"not_picked":["Armaments"],"picked":"SKIP","floor":35},{"not_picked":[],"picked":"Burning Pact+1","floor":36},{"not_picked":["Iron Wave"],"picked":"SKIP","floor":37},{"not_picked":["Flex"],"picked":"SKIP","floor":40},{"not_picked":[],"picked":"Limit Break","floor":42},{"not_picked":[],"picked":"Shrug It Off+1","floor":44},{"not_picked":["Sword Boomerang+1"],"picked":"SKIP","floor":54}],"player_experience":214996,"relics_obtained":[{"floor":6,"key":"Oddly Smooth Stone"},{"floor":10,"key":"Dodecahedron"},{"floor":19,"key":"Red Mask"},{"floor":24,"key":"Blood Vial"},{"floor":26,"key":"Darkstone Periapt"},{"floor":27,"key":"Unceasing Top"},{"floor":29,"key":"Bottled Tornado"},{"floor":31,"key":"FossilizedHelix"},{"floor":39,"key":"Incense Burner"},{"floor":40,"key":"Ginger"},{"floor":42,"key":"Orichalcum"},{"floor":43,"key":"PreservedInsect"},{"floor":54,"key":"Art of War"}],"event_choices":[{"damage_healed":0,"gold_gain":0,"player_choice":"Box","damage_taken":0,"relics_obtained":["Pear"],"max_hp_gain":0,"max_hp_loss":0,"event_name":"Big Fish","floor":3,"gold_loss":0,"cards_obtained":["Regret"]},{"damage_healed":0,"gold_gain":0,"player_choice":"Fought Bandits","damage_taken":0,"max_hp_gain":0,"max_hp_loss":0,"event_name":"Masked Bandits","floor":19,"gold_loss":0},{"damage_healed":0,"gold_gain":0,"player_choice":"Obtain J.A.X.","damage_taken":0,"max_hp_gain":0,"max_hp_loss":0,"event_name":"Drug Dealer","floor":20,"gold_loss":0,"cards_obtained":["J.A.X."]},{"damage_healed":0,"gold_gain":0,"player_choice":"Obtained Relic","damage_taken":0,"relics_obtained":["Omamori"],"max_hp_gain":0,"max_hp_loss":0,"event_name":"Addict","floor":22,"gold_loss":85},{"damage_healed":0,"gold_gain":0,"player_choice":"Fight","damage_taken":0,"max_hp_gain":0,"max_hp_loss":0,"event_name":"MindBloom","floor":39,"gold_loss":0},{"damage_healed":0,"gold_gain":0,"player_choice":"Embrace Madness","damage_taken":11,"max_hp_gain":0,"max_hp_loss":0,"event_name":"Winding Halls","floor":48,"gold_loss":0,"cards_obtained":["Madness","Madness"]}],"is_beta":false,"boss_relics":[{"not_picked":["Velvet Choker","White Beast Statue"],"picked":"Runic Pyramid"},{"not_picked":["Mark of Pain","Black Blood"],"picked":"Busted Crown"}],"items_purged_floors":[5,14,30,38,46],"is_endless":false,"potions_floor_spawned":[1,6,8,21,28,31,35,37,44,54],"killed_by":"The Heart","ascension_level":2}