{"gold_per_floor":[110,285,235,235,258,258,102,102,102,102,133,133,96,112,112,231,231,251,272,34,34,34,34],"floor_reached":23,"playtime":1261,"items_purged":["Strike_R"],"score":213,"play_id":"b6030e26-438c-4d22-897d-a4f2e0bb074b","local_time":"20190511212856","is_ascension_mode":true,"campfire_choices":[{"data":"Bash","floor":6.0,"key":"SMITH"},{"data":"Inflame","floor":10.0,"key":"SMITH"},{"floor":12.0,"key":"REST"},{"data":"Clothesline","floor":15.0,"key":"SMITH"}],"neow_cost":"NONE","seed_source_timestamp":0,"circlet_count":0,"master_deck":["Strike_R","Strike_R","Strike_R","Defend_R","Defend_R","Defend_R","Defend_R","Bash+1","Clothesline+1","Inflame+1","Battle Trance","Limit Break","Anger+1","Heavy Blade+1","Ghostly Armor"],"special_seed":0,"relics":["Burning Blood","Golden Idol","Ice Cream","Charon\u0027s Ashes","Black Star","Kunai"],"potions_floor_usage":[18],"damage_taken":[{"damage":0.0,"enemies":"2 Louse","floor":1.0,"turns":3.0},{"damage":4.0,"enemies":"Small Slimes","floor":5.0,"turns":4.0},{"damage":55.0,"enemies":"3 Sentries","floor":11.0,"turns":12.0},{"damage":4.0,"enemies":"Jaw Worm","floor":14.0,"turns":4.0},{"damage":40.0,"enemies":"The Guardian","floor":16.0,"turns":14.0},{"damage":41,"enemies":"2 Thieves","floor":18,"turns":4},{"damage":23,"enemies":"Spheric Guardian","floor":19,"turns":4},{"damage":38,"enemies":"Slavers","floor":23,"turns":2}],"seed_played":"6576670514088123616","potions_obtained":[{"floor":5.0,"key":"SkillPotion"},{"floor":11.0,"key":"BloodPotion"},{"floor":16.0,"key":"Strength Potion"}],"is_trial":false,"path_per_floor":["M","?","?","?","M","R","$","T","T","R","E","R","$","M","R","B",null,"M","M","$","?","$","E"],"character_chosen":"IRONCLAD","items_purchased":["Inflame","Battle Trance","Kunai"],"campfire_rested":1,"item_purchase_floors":[7,13,20],"current_hp_per_floor":[88,88,88,66,68,68,68,68,68,68,19,45,45,55,55,21,88,53,36,36,36,36,0],"gold":34,"neow_bonus":"TEN_PERCENT_HP_BONUS","is_prod":false,"is_daily":false,"chose_seed":false,"campfire_upgraded":3,"win_rate":0,"timestamp":1557624536,"path_taken":["M","?","?","?","M","R","$","?","T","R","E","R","$","M","R","BOSS","M","M","$","?","$","E"],"build_version":"2019-01-23","purchased_purges":1,"victory":false,"max_hp_per_floor":[88,88,88,88,88,88,88,88,88,88,88,88,88,88,88,88,88,88,88,88,88,88,88],"card_choices":[{"not_picked":["Cleave","Heavy Blade"],"picked":"Clothesline","floor":1.0},{"not_picked":["Blood for Blood","Thunderclap","Body Slam"],"picked":"SKIP","floor":5.0},{"not_picked":["Pummel","Shockwave","Havoc"],"picked":"SKIP","floor":11.0},{"not_picked":["Combust","Havoc","Searing Blow"],"picked":"SKIP","floor":14.0},{"not_picked":["Exhume","Demon Form"],"picked":"Limit Break","floor":16.0},{"not_picked":["Twin Strike","Blood for Blood+1"],"picked":"Anger+1","floor":18},{"not_picked":["Reckless Charge","Twin Strike+1"],"picked":"Heavy Blade+1","floor":19}],"player_experience":261795,"relics_obtained":[{"floor":9.0,"key":"Ice Cream"},{"floor":11.0,"key":"Charon\u0027s Ashes"}],"event_choices":[{"damage_healed":0.0,"max_hp_gain":0.0,"max_hp_loss":0.0,"gold_gain":175.0,"event_name":"Liars Game","player_choice":"AGREE","floor":2.0,"gold_loss":0.0,"damage_taken":0.0,"cards_obtained":["Doubt"]},{"cards_removed":["Doubt"],"damage_healed":0.0,"max_hp_gain":0.0,"max_hp_loss":0.0,"gold_gain":0.0,"event_name":"The Cleric","player_choice":"Card Removal","floor":3.0,"gold_loss":50.0,"damage_taken":0.0},{"damage_healed":0.0,"max_hp_gain":0.0,"max_hp_loss":0.0,"gold_gain":0.0,"event_name":"Golden Idol","player_choice":"Take Damage","floor":4.0,"gold_loss":0.0,"damage_taken":22.0,"relics_obtained":["Golden Idol"]},{"damage_healed":0,"gold_gain":0,"cards_transformed":["Strike_R"],"player_choice":"Transformed","damage_taken":0,"max_hp_gain":0,"max_hp_loss":0,"event_name":"Transmorgrifier","floor":21,"gold_loss":0,"cards_obtained":["Ghostly Armor"]}],"is_beta":false,"boss_relics":[{"not_picked":["White Beast Statue","Astrolabe"],"picked":"Black Star"}],"items_purged_floors":[7],"is_endless":false,"potions_floor_spawned":[5,11,16],"killed_by":"Slavers","ascension_level":3}