{"gold_per_floor":[112,112,128,128,128,164,164,203,230,268,1,26,26,26,26,145,145,159,180,195,120,120,153,53,53,105,105,105,25,49,64,64,188,188,209,209,542,557,123,123,141,141,141,141,161,174,174,191,191,191],"floor_reached":50,"playtime":1766,"items_purged":["Strike_B","Strike_B","Defend_B"],"score":880,"play_id":"aeb8b3d7-0fb7-41f4-a681-e68b90455d01","local_time":"20190123132935","is_ascension_mode":true,"campfire_choices":[{"data":"Doom and Gloom","floor":7.0,"key":"SMITH"},{"data":"Loop","floor":13.0,"key":"SMITH"},{"floor":15.0,"key":"REST"},{"floor":27.0,"key":"REST"},{"floor":32.0,"key":"REST"},{"floor":40,"key":"REST"},{"floor":44,"key":"REST"},{"floor":49,"key":"REST"}],"neow_cost":"NONE","seed_source_timestamp":996356771312328,"circlet_count":0,"master_deck":["AscendersBane","Defend_B","Zap+1","Dualcast","All For One","Sweeping Beam","Gash","Doom and Gloom+1","Cold Snap","Loop+1","Loop+1","Go for the Eyes","Electrodynamics","Leap","Scrape","Loop","Self Repair","Leap","Loop","Defragment+1","Lockon+1","White Noise+1","Core Surge+1","Defragment","Cold Snap+1","Coolheaded","Apotheosis","BootSequence"],"special_seed":0,"relics":["Cracked Core","Bag of Marbles","Orichalcum","Bronze Scales","Sundial","OrangePellets","Sozu","Omamori","Smiling Mask","Kunai","Astrolabe","Happy Flower","Ancient Tea Set","Shuriken"],"potions_floor_usage":[],"damage_taken":[{"damage":0.0,"enemies":"2 Louse","floor":1.0,"turns":3.0},{"damage":0.0,"enemies":"Small Slimes","floor":3.0,"turns":1.0},{"damage":25.0,"enemies":"3 Sentries","floor":6.0,"turns":6.0},{"damage":8.0,"enemies":"Gremlin Nob","floor":8.0,"turns":3.0},{"damage":14.0,"enemies":"3 Sentries","floor":10.0,"turns":4.0},{"damage":0.0,"enemies":"Cultist","floor":12.0,"turns":2.0},{"damage":0.0,"enemies":"Slime Boss","floor":16.0,"turns":7.0},{"damage":5.0,"enemies":"Chosen","floor":18.0,"turns":3.0},{"damage":13.0,"enemies":"Shell Parasite","floor":19.0,"turns":4.0},{"damage":6.0,"enemies":"Sentry and Sphere","floor":20.0,"turns":3.0},{"damage":15.0,"enemies":"Gremlin Leader","floor":23.0,"turns":7.0},{"damage":29.0,"enemies":"Snecko","floor":30.0,"turns":5.0},{"damage":0.0,"enemies":"Cultist and Chosen","floor":31.0,"turns":3.0},{"damage":15.0,"enemies":"Champ","floor":33.0,"turns":9.0},{"damage":25.0,"enemies":"3 Darklings","floor":35.0,"turns":4.0},{"damage":11,"enemies":"Orb Walker","floor":38,"turns":3},{"damage":26,"enemies":"Writhing Mass","floor":41,"turns":6},{"damage":5,"enemies":"Transient","floor":45,"turns":5},{"damage":8,"enemies":"4 Shapes","floor":46,"turns":2},{"damage":15,"enemies":"Sphere and 2 Shapes","floor":48,"turns":4},{"damage":69,"enemies":"Donu and Deca","floor":50,"turns":4}],"seed_played":"-5056762643447200433","potions_obtained":[{"floor":1.0,"key":"AttackPotion"},{"floor":6.0,"key":"FearPotion"},{"floor":8.0,"key":"Weak Potion"},{"floor":10.0,"key":"Poison Potion"}],"is_trial":false,"path_per_floor":["?","?","?","?","$","?","?","T","?","?","?","M","?"],"character_chosen":"DEFECT","items_purchased":["Loop","OrangePellets","Leap","Loop","Defragment","Happy Flower","Ancient Tea Set"],"campfire_rested":6,"item_purchase_floors":[11,11,29,29,39,39,39],"current_hp_per_floor":[68,68,68,73,73,48,48,40,40,26,26,26,26,26,48,48,68,63,50,44,44,44,29,29,29,29,51,51,51,29,29,51,36,65,47,47,47,43,43,65,46,46,46,68,70,62,62,47,69,0],"gold":191,"neow_bonus":"ONE_RANDOM_RARE_CARD","is_prod":false,"is_daily":false,"chose_seed":false,"campfire_upgraded":2,"win_rate":0,"timestamp":1548268175,"path_taken":["M","?","M","?","?","E","R","E","T","E","$","M","R","?","R","BOSS","M","M","M","?","?","E","$","?","T","R","?","$","M","M","R","BOSS","M","?","?","M","$","R","M","?","T","R","M","?","?","M","R","BOSS"],"build_version":"2019-01-22","purchased_purges":3,"victory":false,"max_hp_per_floor":[75,75,75,80,74,74,74,74,74,74,74,74,74,74,74,74,74,74,74,74,74,74,74,74,74,74,74,74,74,74,74,74,74,74,74,74,74,74,74,74,74,74,74,74,74,74,74,74,74,74],"card_choices":[{"not_picked":["Skim","Static Discharge"],"picked":"Sweeping Beam","floor":1.0},{"not_picked":["Steam Power","Sweeping Beam"],"picked":"Gash","floor":3.0},{"not_picked":["Reinforced Body","Barrage"],"picked":"Doom and Gloom","floor":6.0},{"not_picked":["Ball Lightning","Aggregate"],"picked":"Cold Snap","floor":8.0},{"not_picked":["Force Field","Reprogram"],"picked":"Loop","floor":10.0},{"not_picked":["Ball Lightning","Static Discharge"],"picked":"Go for the Eyes","floor":12.0},{"not_picked":["Reboot","Rainbow"],"picked":"Electrodynamics","floor":16.0},{"not_picked":["Chaos","Stack"],"picked":"Leap","floor":18.0},{"not_picked":["Compile Driver+1","Beam Cell"],"picked":"Scrape","floor":19.0},{"not_picked":["Stack","Beam Cell"],"picked":"Loop","floor":20.0},{"not_picked":["Hologram+1","Sweeping Beam"],"picked":"Self Repair","floor":23.0},{"not_picked":["Double Energy","Ball Lightning","Barrage+1"],"picked":"SKIP","floor":30.0},{"not_picked":["Go for the Eyes","Rip and Tear"],"picked":"Defragment","floor":31.0},{"not_picked":["Steam Power","Sweeping Beam","Streamline"],"picked":"SKIP","floor":35.0},{"not_picked":["Double Energy+1","Cold Snap","Stack+1"],"picked":"SKIP","floor":38},{"not_picked":["Genetic Algorithm","Reinforced Body"],"picked":"Cold Snap+1","floor":41},{"not_picked":["Redo+1","Stack"],"picked":"Coolheaded","floor":45},{"not_picked":["Sunder+1","White Noise","Sweeping Beam"],"picked":"SKIP","floor":46},{"not_picked":["Sunder+1","White Noise","Sweeping Beam"],"picked":"SKIP","floor":46},{"not_picked":["HandOfGreed","Bandage Up"],"picked":"Apotheosis","floor":47},{"not_picked":["Darkness","Beam Cell+1"],"picked":"BootSequence","floor":48}],"player_experience":521641,"relics_obtained":[{"floor":6.0,"key":"Bag of Marbles"},{"floor":8.0,"key":"Orichalcum"},{"floor":9.0,"key":"Bronze Scales"},{"floor":10.0,"key":"Sundial"},{"floor":23.0,"key":"Omamori"},{"floor":26.0,"key":"Smiling Mask"},{"floor":28.0,"key":"Kunai"},{"floor":43,"key":"Shuriken"}],"event_choices":[{"damage_healed":0.0,"max_hp_gain":0.0,"max_hp_loss":0.0,"gold_gain":0.0,"event_name":"Living Wall","player_choice":"Grow","floor":2.0,"gold_loss":0.0,"damage_taken":0.0,"cards_upgraded":["Zap"]},{"damage_healed":0.0,"max_hp_gain":5.0,"max_hp_loss":0.0,"gold_gain":0.0,"event_name":"Big Fish","player_choice":"Donut","floor":4.0,"gold_loss":0.0,"damage_taken":0.0},{"damage_healed":0.0,"max_hp_gain":0.0,"max_hp_loss":6.0,"gold_gain":0.0,"event_name":"Golden Idol","player_choice":"Lose Max HP","floor":5.0,"gold_loss":0.0,"damage_taken":0.0,"relics_obtained":["Golden Idol"]},{"damage_healed":0.0,"max_hp_gain":0.0,"max_hp_loss":0.0,"gold_gain":0.0,"event_name":"Upgrade Shrine","player_choice":"Upgraded","floor":14.0,"gold_loss":0.0,"damage_taken":0.0,"cards_upgraded":["Loop"]},{"cards_removed":["Strike_B"],"damage_healed":0.0,"max_hp_gain":0.0,"max_hp_loss":0.0,"gold_gain":0.0,"event_name":"Back to Basics","player_choice":"Elegance","floor":25.0,"gold_loss":0.0,"damage_taken":0.0},{"damage_healed":0.0,"max_hp_gain":0.0,"max_hp_loss":0.0,"gold_gain":0.0,"event_name":"Tomb of Lord Red Mask","player_choice":"Ignored","floor":36.0,"gold_loss":0.0,"damage_taken":0.0},{"damage_healed":0.0,"max_hp_gain":0.0,"max_hp_loss":0.0,"gold_gain":333.0,"event_name":"The Moai Head","player_choice":"Gave Idol","floor":37.0,"relics_lost":["Golden Idol"],"gold_loss":0.0,"damage_taken":0.0},{"damage_healed":0,"gold_gain":0,"player_choice":"Upgraded","damage_taken":0,"max_hp_gain":0,"max_hp_loss":0,"event_name":"Upgrade Shrine","floor":42,"gold_loss":0,"cards_upgraded":["Defragment"]},{"damage_healed":0,"gold_gain":0,"player_choice":"Memory 1","damage_taken":0,"max_hp_gain":0,"max_hp_loss":0,"event_name":"SensoryStone","floor":47,"gold_loss":0}],"is_beta":true,"boss_relics":[{"not_picked":["Nuclear Battery","Eternal Feather"],"picked":"Sozu"},{"not_picked":["Tiny House","Runic Pyramid"],"picked":"Astrolabe"}],"items_purged_floors":[21,24,39],"is_endless":false,"potions_floor_spawned":[1,6,8,10,19,23,33,35,38,48],"killed_by":"Donu and Deca","ascension_level":10}