{"gold_per_floor":[119,194,369,380,394,17,43,43,43,43,63,76,76,88,88,192,192,210,10,0,0,16,16,51,71,71,71,86,114,214,15,15,120,120,138,156,169,189,289,289,300,300,300,300,300,300,48,58,58,58],"floor_reached":51,"playtime":2745,"items_purged":["Doubt","Decay"],"score":985,"play_id":"c7b4820c-b86e-4ab6-8155-d9a31969d52d","local_time":"20190105212552","is_ascension_mode":true,"campfire_choices":[{"data":"Metallicize","floor":8.0,"key":"SMITH"},{"data":"Cleave","floor":10.0,"key":"SMITH"},{"data":"Shrug It Off","floor":13.0,"key":"SMITH"},{"data":"Dual Wield","floor":15.0,"key":"SMITH"},{"floor":23,"key":"REST"},{"floor":27,"key":"REST"},{"floor":32,"key":"REST"},{"floor":40,"key":"DIG"},{"floor":42,"key":"DIG"},{"floor":49,"key":"DIG"}],"neow_cost":"PERCENT_DAMAGE","seed_source_timestamp":117774612921793,"circlet_count":0,"master_deck":["Strike_R","Strike_R","Strike_R","Strike_R","Strike_R","Defend_R","Defend_R+1","Defend_R","Defend_R","Bash","Limit Break+1","Cleave+1","Twin Strike","Iron Wave","Reaper","Metallicize+1","Flame Barrier","Dual Wield+1","Shrug It Off+1","Shrug It Off","Barricade","Entrench+1","Fiend Fire","Limit Break","Entrench+1"],"special_seed":0,"relics":["Burning Blood","Lantern","Potion Belt","Self Forming Clay","Fusion Hammer","Brimstone","Orichalcum","Mummified Hand","Pen Nib","Snecko Eye","Shovel","War Paint","Bag of Marbles","Sundial","Lee\u0027s Waffle","Red Skull"],"potions_floor_usage":[24,24,25,29,33,33,36,50,50,50,50],"damage_taken":[{"damage":9.0,"enemies":"2 Louse","floor":1.0,"turns":3.0},{"damage":10.0,"enemies":"Small Slimes","floor":4.0,"turns":3.0},{"damage":7.0,"enemies":"Jaw Worm","floor":5.0,"turns":2.0},{"damage":22.0,"enemies":"3 Sentries","floor":7.0,"turns":9.0},{"damage":16.0,"enemies":"3 Louse","floor":11.0,"turns":3.0},{"damage":9.0,"enemies":"Exordium Thugs","floor":12.0,"turns":5.0},{"damage":3.0,"enemies":"Blue Slaver","floor":14.0,"turns":6.0},{"damage":33.0,"enemies":"The Guardian","floor":16.0,"turns":22.0},{"damage":26.0,"enemies":"Chosen","floor":18.0,"turns":6.0},{"damage":13.0,"enemies":"2 Thieves","floor":22.0,"turns":3.0},{"damage":76,"enemies":"Slavers","floor":24,"turns":7},{"damage":33,"enemies":"Snake Plant","floor":25,"turns":5},{"damage":9,"enemies":"Centurion and Healer","floor":28,"turns":5},{"damage":48,"enemies":"Gremlin Leader","floor":29,"turns":5},{"damage":30,"enemies":"Collector","floor":33,"turns":8},{"damage":0,"enemies":"3 Shapes","floor":35,"turns":3},{"damage":0,"enemies":"Orb Walker","floor":36,"turns":1},{"damage":33,"enemies":"Sphere and 2 Shapes","floor":37,"turns":5},{"damage":6,"enemies":"Jaw Worm Horde","floor":38,"turns":4},{"damage":4,"enemies":"Mind Bloom Boss Battle","floor":39,"turns":6},{"damage":31,"enemies":"Maw","floor":41,"turns":5},{"damage":10,"enemies":"4 Shapes","floor":48,"turns":4},{"damage":80,"enemies":"Awakened One","floor":50,"turns":8}],"seed_played":"2168945618099748610","potions_obtained":[{"floor":1.0,"key":"Energy Potion"},{"floor":7.0,"key":"BloodPotion"},{"floor":16.0,"key":"BloodPotion"},{"floor":24,"key":"AttackPotion"},{"floor":25,"key":"LiquidBronze"},{"floor":29,"key":"SkillPotion"},{"floor":38,"key":"Regen Potion"},{"floor":39,"key":"EssenceOfSteel"},{"floor":41,"key":"Dexterity Potion"}],"is_trial":false,"path_per_floor":["M","?","?","M","M","$","E","R","T","R","M","M","R","M","R","B",null,"M","$","?","?","M","R","E","M","T","R","M","E","?","$","R","B",null,"M","M","M","M","?","R","M","R","T","?","?","?","$","M","R","B",null],"character_chosen":"IRONCLAD","items_purchased":["Reaper","Metallicize","Lantern","Brimstone","Block Potion","Energy Potion","Lee\u0027s Waffle","SteroidPotion"],"campfire_rested":3,"item_purchase_floors":[6,6,6,19,31,31,47,47],"current_hp_per_floor":[48,37,37,33,32,32,28,28,28,28,30,37,37,44,44,17,64,50,50,50,50,59,80,66,57,57,80,80,38,38,38,62,74,79,80,80,68,74,80,80,55,55,55,55,55,55,87,87,87,61],"gold":58,"neow_bonus":"THREE_RARE_CARDS","is_prod":false,"is_daily":false,"chose_seed":false,"campfire_upgraded":4,"win_rate":0,"timestamp":1546741552,"path_taken":["M","?","?","M","M","$","E","R","T","R","M","M","R","M","R","BOSS","M","$","?","?","M","R","E","?","T","R","M","E","?","$","R","BOSS","M","M","M","?","?","R","M","R","T","?","?","?","$","M","R","BOSS"],"build_version":"2019-01-03v4","purchased_purges":2,"victory":true,"max_hp_per_floor":[80,80,80,80,80,80,80,80,80,80,80,80,80,80,80,80,80,80,80,80,80,80,80,80,80,80,80,80,80,80,80,80,80,80,80,80,80,80,80,80,80,80,80,80,80,80,87,87,87,87],"card_choices":[{"not_picked":["Brutality","Offering"],"picked":"Limit Break","floor":0.0},{"not_picked":["Clothesline","Iron Wave"],"picked":"Cleave","floor":1.0},{"not_picked":["Fire Breathing","Clothesline"],"picked":"Twin Strike","floor":4.0},{"not_picked":["Perfected Strike","True Grit"],"picked":"Iron Wave","floor":5.0},{"not_picked":["Body Slam","Hemokinesis"],"picked":"Flame Barrier","floor":7.0},{"not_picked":["Twin Strike","Iron Wave"],"picked":"Dual Wield","floor":11.0},{"not_picked":["Reckless Charge","Clash"],"picked":"Shrug It Off","floor":12.0},{"not_picked":["Reckless Charge","Twin Strike"],"picked":"Shrug It Off","floor":14.0},{"not_picked":["Bludgeon","Juggernaut"],"picked":"Barricade","floor":16.0},{"not_picked":["Anger+1","Flame Barrier","Rampage"],"picked":"SKIP","floor":18.0},{"not_picked":["Infernal Blade+1","Havoc","Clash"],"picked":"SKIP","floor":22.0},{"not_picked":["Second Wind","Rampage+1"],"picked":"Entrench+1","floor":24},{"not_picked":["Cleave+1","Heavy Blade"],"picked":"Metallicize","floor":25},{"not_picked":["Bloodletting","Thunderclap","Iron Wave"],"picked":"SKIP","floor":28},{"not_picked":["Flex","Dual Wield+1"],"picked":"Fiend Fire","floor":29},{"not_picked":["Brutality","Dark Embrace"],"picked":"Limit Break","floor":33},{"not_picked":["Thunderclap","Perfected Strike","Sentinel"],"picked":"SKIP","floor":35},{"not_picked":["Sword Boomerang+1","Anger"],"picked":"Entrench+1","floor":36},{"not_picked":["Clash","Battle Trance+1","Headbutt"],"picked":"SKIP","floor":37},{"not_picked":["Corruption+1","Entrench","Spot Weakness"],"picked":"SKIP","floor":38},{"not_picked":["Feed","Twin Strike+1","Body Slam"],"picked":"SKIP","floor":41},{"not_picked":["Shrug It Off+1","Battle Trance+1","Heavy Blade"],"picked":"SKIP","floor":48}],"player_experience":456521,"relics_obtained":[{"floor":7.0,"key":"Potion Belt"},{"floor":9.0,"key":"Self Forming Clay"},{"floor":24,"key":"Orichalcum"},{"floor":26,"key":"Mummified Hand"},{"floor":29,"key":"Pen Nib"},{"floor":39,"key":"Shovel"},{"floor":40,"key":"War Paint"},{"floor":42,"key":"Bag of Marbles"},{"floor":43,"key":"Sundial"},{"floor":49,"key":"Red Skull"}],"event_choices":[{"damage_healed":0.0,"max_hp_gain":0.0,"max_hp_loss":0.0,"gold_gain":75.0,"event_name":"World of Goop","player_choice":"Gather Gold","floor":2.0,"gold_loss":0.0,"damage_taken":11.0},{"damage_healed":0.0,"max_hp_gain":0.0,"max_hp_loss":0.0,"gold_gain":175.0,"event_name":"Liars Game","player_choice":"AGREE","floor":3.0,"gold_loss":0.0,"damage_taken":0.0,"cards_obtained":["Doubt"]},{"damage_healed":0.0,"max_hp_gain":0.0,"max_hp_loss":0.0,"gold_gain":0.0,"event_name":"Masked Bandits","player_choice":"Paid Fearfully","floor":20.0,"gold_loss":10.0,"damage_taken":0.0},{"damage_healed":0.0,"max_hp_gain":0.0,"max_hp_loss":0.0,"gold_gain":0.0,"event_name":"Wheel of Change","player_choice":"Cursed","floor":21.0,"gold_loss":0.0,"damage_taken":0.0,"cards_obtained":["Decay"]},{"damage_healed":0,"gold_gain":100,"player_choice":"Pray","damage_taken":0,"max_hp_gain":0,"max_hp_loss":0,"event_name":"Golden Shrine","floor":30,"gold_loss":0},{"damage_healed":0,"gold_gain":0,"player_choice":"Fight","damage_taken":0,"max_hp_gain":0,"max_hp_loss":0,"event_name":"MindBloom","floor":39,"gold_loss":0},{"damage_healed":0,"gold_gain":0,"player_choice":"Ignored","damage_taken":0,"max_hp_gain":0,"max_hp_loss":0,"event_name":"Mysterious Sphere","floor":44,"gold_loss":0},{"cards_removed":["Metallicize"],"damage_healed":0,"gold_gain":0,"player_choice":"Removed Power","damage_taken":0,"max_hp_gain":0,"max_hp_loss":0,"event_name":"Falling","floor":45,"gold_loss":0},{"damage_healed":0,"gold_gain":0,"player_choice":"Ignored","damage_taken":0,"max_hp_gain":0,"max_hp_loss":0,"event_name":"Tomb of Lord Red Mask","floor":46,"gold_loss":0}],"is_beta":true,"boss_relics":[{"not_picked":["Black Blood","Lizard Tail"],"picked":"Fusion Hammer"},{"not_picked":["Velvet Choker","Sozu"],"picked":"Snecko Eye"}],"items_purged_floors":[6,31],"is_endless":false,"potions_floor_spawned":[1,7,16,24,25,29,38,39,41],"ascension_level":9}