{"gold_per_floor":[115,130,28,46,46,46,66,66,66,66,80,80,413,431,431,532,532,551,95,195,205,205,205,8,20],"floor_reached":25,"playtime":1859,"items_purged":["Strike_G"],"score":274,"play_id":"7b20ba95-012d-45f3-a3c5-32dd0cc2bc1f","local_time":"20190418002435","is_ascension_mode":true,"campfire_choices":[{"data":"Skewer","floor":6,"key":"SMITH"},{"data":"Predator","floor":8,"key":"SMITH"},{"floor":10,"key":"REST"},{"floor":15,"key":"REST"},{"floor":23,"key":"REST"}],"neow_cost":"NONE","seed_source_timestamp":507150688942576,"circlet_count":0,"master_deck":["Defend_G","Defend_G","Defend_G","Defend_G","Defend_G","Survivor","Neutralize","Skewer+1","Predator+1","Deflect","Dagger Spray","PiercingWail","Deflect","Well Laid Plans","Doppelganger","Quick Slash+1","Outmaneuver+1","Prepared"],"relics":["Ring of the Snake","NlothsMask","Old Coin","Empty Cage","Mercury Hourglass","TwistedFunnel","Frozen Eye"],"potions_floor_usage":[13,13,16],"damage_taken":[{"damage":0,"enemies":"Small Slimes","floor":1,"turns":4},{"damage":6,"enemies":"Cultist","floor":2,"turns":3},{"damage":4,"enemies":"2 Louse","floor":4,"turns":2},{"damage":10,"enemies":"Exordium Thugs","floor":7,"turns":6},{"damage":6,"enemies":"Large Slime","floor":11,"turns":6},{"damage":47,"enemies":"Lagavulin","floor":13,"turns":9},{"damage":0,"enemies":"Lots of Slimes","floor":14,"turns":3},{"damage":26,"enemies":"Hexaghost","floor":16,"turns":9},{"damage":13,"enemies":"Shell Parasite","floor":18,"turns":9},{"damage":23,"enemies":"2 Thieves","floor":21,"turns":4},{"damage":20,"enemies":"Snecko","floor":25,"turns":6}],"seed_played":"-2934972499623673013","potions_obtained":[{"floor":2,"key":"Fire Potion"},{"floor":7,"key":"LiquidBronze"},{"floor":11,"key":"PowerPotion"},{"floor":16,"key":"SmokeBomb"},{"floor":25,"key":"Block Potion"}],"is_trial":false,"path_per_floor":["M","M","$","M","?","R","M","R","T","R","M","?","E","M","R","B",null,"M","$","?","M","?","R","$","M"],"character_chosen":"THE_SILENT","items_purchased":["Dagger Spray","Mercury Hourglass","TwistedFunnel","Frozen Eye"],"campfire_rested":3,"item_purchase_floors":[3,19,19,24],"current_hp_per_floor":[63,57,57,53,53,53,43,43,43,64,58,58,11,11,32,6,54,41,41,41,18,18,39,39,19],"gold":20,"neow_bonus":"THREE_CARDS","is_prod":false,"is_daily":false,"chose_seed":false,"campfire_upgraded":2,"win_rate":0,"timestamp":1555518275,"path_taken":["M","M","$","M","?","R","M","R","T","R","?","?","E","M","R","BOSS","M","$","?","?","?","R","$","M"],"build_version":"2019-01-23","purchased_purges":1,"victory":false,"max_hp_per_floor":[70,70,70,70,70,70,70,70,70,70,70,70,70,70,70,70,70,70,70,70,70,70,70,70,70],"card_choices":[{"not_picked":["Prepared","Setup"],"picked":"Skewer","floor":0},{"not_picked":["Cloak And Dagger","PiercingWail"],"picked":"Predator","floor":1},{"not_picked":["Acrobatics","Skewer"],"picked":"Deflect","floor":2},{"not_picked":["Blade Dance","Deadly Poison"],"picked":"PiercingWail","floor":4},{"not_picked":["Riddle With Holes","Quick Slash","Slice"],"picked":"SKIP","floor":7},{"not_picked":["Outmaneuver","Skewer"],"picked":"Deflect","floor":11},{"not_picked":["A Thousand Cuts","Reflex","Poisoned Stab"],"picked":"SKIP","floor":13},{"not_picked":["PiercingWail","Bane"],"picked":"Well Laid Plans","floor":14},{"not_picked":["Venomology","After Image"],"picked":"Doppelganger","floor":16},{"not_picked":["Endless Agony","Skewer"],"picked":"Quick Slash+1","floor":18},{"not_picked":["Flying Knee","Blade Dance"],"picked":"Outmaneuver+1","floor":21}],"player_experience":800435,"relics_obtained":[{"floor":13,"key":"Old Coin"}],"event_choices":[{"damage_healed":0,"gold_gain":0,"player_choice":"Trade","damage_taken":0,"relics_obtained":["NlothsMask"],"max_hp_gain":0,"max_hp_loss":0,"event_name":"FaceTrader","floor":5,"gold_loss":0},{"cards_removed":["Strike_G"],"damage_healed":0,"gold_gain":0,"player_choice":"Offered Basic","damage_taken":0,"max_hp_gain":0,"max_hp_loss":0,"event_name":"Bonfire Elementals","floor":12,"gold_loss":0},{"damage_healed":0,"gold_gain":100,"player_choice":"Pray","damage_taken":0,"max_hp_gain":0,"max_hp_loss":0,"event_name":"Golden Shrine","floor":20,"gold_loss":0},{"damage_healed":0,"gold_gain":0,"cards_transformed":["Strike_G"],"player_choice":"Transformed","damage_taken":0,"max_hp_gain":0,"max_hp_loss":0,"event_name":"Transmorgrifier","floor":22,"gold_loss":0,"cards_obtained":["Prepared"]}],"is_beta":false,"boss_relics":[{"not_picked":["Runic Dome","Calling Bell"],"picked":"Empty Cage"}],"items_purged_floors":[3],"is_endless":false,"potions_floor_spawned":[2,7,11,16,25],"killed_by":"Snecko","ascension_level":7}