{"gold_per_floor":[113,113,74,86,36,36,54,54,54,54,54,69,81,109,109,212,212,226,58,58,58,58,85,85,104,104,145,174,186,247,259,271,385,397,427,439,467,479],"floor_reached":38,"playtime":1718,"items_purged":[],"score":533,"play_id":"ea262428-2997-4911-a670-72b8a24ec293","local_time":"20190331201859","is_ascension_mode":true,"campfire_choices":[{"data":"Caltrops","floor":6,"key":"SMITH"},{"data":"Dagger Spray","floor":10,"key":"SMITH"},{"floor":15,"key":"REST"},{"data":"Apotheosis","floor":24,"key":"SMITH"},{"floor":29,"key":"REST"},{"floor":32,"key":"REST"}],"neow_cost":"NONE","seed_source_timestamp":187635905326764,"circlet_count":0,"master_deck":["Defend_G","Defend_G","Defend_G","Defend_G+1","Defend_G","Survivor+1","Neutralize+1","Dagger Spray+1","Caltrops+1","Dagger Throw","Acrobatics","Terror","Noxious Fumes","Night Terror","Prepared+1","Adrenaline+1","Setup+1","Underhanded Strike","Apotheosis+1","Escape Plan","Footwork","Die Die Die","Calculated Gamble"],"relics":["Ring of the Snake","Anchor","Regal Pillow","Astrolabe","MutagenicStrength","Bronze Scales","MawBank","Oddly Smooth Stone","Orichalcum","FossilizedHelix","Eternal Feather"],"potions_floor_usage":[23,27,33,33,38,38],"damage_taken":[{"damage":3,"enemies":"Small Slimes","floor":1,"turns":7},{"damage":0,"enemies":"2 Louse","floor":4,"turns":2},{"damage":0,"enemies":"Jaw Worm","floor":7,"turns":6},{"damage":0,"enemies":"Looter","floor":12,"turns":2},{"damage":0,"enemies":"Red Slaver","floor":13,"turns":3},{"damage":17,"enemies":"Lagavulin","floor":14,"turns":8},{"damage":15,"enemies":"The Guardian","floor":16,"turns":9},{"damage":0,"enemies":"Shell Parasite","floor":18,"turns":3},{"damage":21,"enemies":"Slavers","floor":23,"turns":5},{"damage":11,"enemies":"Spheric Guardian","floor":25,"turns":5},{"damage":4,"enemies":"Book of Stabbing","floor":27,"turns":3},{"damage":9,"enemies":"3 Cultists","floor":28,"turns":4},{"damage":53,"enemies":"Champ","floor":33,"turns":19},{"damage":0,"enemies":"3 Shapes","floor":35,"turns":6},{"damage":26,"enemies":"3 Darklings","floor":37,"turns":4},{"damage":38,"enemies":"Jaw Worm Horde","floor":38,"turns":3}],"seed_played":"1353385707466087630","potions_obtained":[{"floor":7,"key":"GhostInAJar"},{"floor":12,"key":"Poison Potion"},{"floor":16,"key":"AttackPotion"},{"floor":23,"key":"Strength Potion"},{"floor":33,"key":"SkillPotion"},{"floor":35,"key":"EssenceOfSteel"},{"floor":37,"key":"FearPotion"}],"is_trial":false,"path_per_floor":["M","$","?","M","?","R","M","?","T","R","?","M","M","E","R","B",null,"M","$","?","$","?","E","R","M","T","E","M","R","T","?","R","B",null,"M","?","M","M"],"character_chosen":"THE_SILENT","items_purchased":["Apotheosis"],"campfire_rested":3,"item_purchase_floors":[19],"current_hp_per_floor":[60,60,60,60,60,60,60,46,46,46,46,46,46,29,65,50,65,65,65,65,65,65,44,44,33,33,29,20,56,56,56,70,17,57,57,57,31,0],"gold":479,"neow_bonus":"UPGRADE_CARD","is_prod":false,"is_daily":false,"chose_seed":false,"campfire_upgraded":3,"win_rate":0,"timestamp":1554034739,"path_taken":["M","$","?","M","?","R","M","?","T","R","?","M","?","E","R","BOSS","M","$","?","$","?","E","R","M","T","E","M","R","?","?","R","BOSS","M","?","?","M"],"build_version":"2019-01-23","purchased_purges":0,"victory":false,"max_hp_per_floor":[70,70,70,70,70,70,70,70,70,70,70,70,70,70,70,70,70,70,70,70,70,70,70,70,70,70,70,70,70,70,70,70,70,70,70,70,70,70],"card_choices":[{"not_picked":["Prepared","Sucker Punch"],"picked":"Dagger Spray","floor":1},{"not_picked":["Outmaneuver","Bane"],"picked":"Caltrops","floor":4},{"not_picked":["Blade Dance","Concentrate"],"picked":"Dagger Throw","floor":7},{"not_picked":["Dagger Throw","Flying Knee"],"picked":"Acrobatics","floor":12},{"not_picked":["Masterful Stab","Dagger Spray"],"picked":"Terror","floor":13},{"not_picked":["Wraith Form v2","Deflect"],"picked":"Noxious Fumes","floor":14},{"not_picked":["Tools of the Trade","Burst"],"picked":"Night Terror","floor":16},{"not_picked":["Backflip","Bouncing Flask"],"picked":"Underhanded Strike","floor":18},{"not_picked":["Night Terror","Sucker Punch","Backflip"],"picked":"SKIP","floor":23},{"not_picked":["Cloak And Dagger","Outmaneuver"],"picked":"Footwork","floor":25},{"not_picked":["Blade Dance+1","Dagger Spray+1","A Thousand Cuts"],"picked":"SKIP","floor":27},{"not_picked":["Poisoned Stab+1","Slice","Deadly Poison"],"picked":"SKIP","floor":28},{"not_picked":["After Image","Wraith Form v2"],"picked":"Die Die Die","floor":33},{"not_picked":["Blade Dance+1","Deflect+1","Quick Slash"],"picked":"SKIP","floor":35},{"not_picked":["Deadly Poison","Blade Dance","Sucker Punch"],"picked":"SKIP","floor":37}],"player_experience":714916,"relics_obtained":[{"floor":9,"key":"Anchor"},{"floor":14,"key":"Regal Pillow"},{"floor":23,"key":"Bronze Scales"},{"floor":26,"key":"MawBank"},{"floor":27,"key":"Oddly Smooth Stone"},{"floor":30,"key":"Orichalcum"}],"event_choices":[{"damage_healed":0,"gold_gain":0,"player_choice":"Left Gold","damage_taken":0,"max_hp_gain":0,"max_hp_loss":0,"event_name":"World of Goop","floor":3,"gold_loss":39},{"cards_removed":["Strike_G"],"damage_healed":0,"gold_gain":0,"player_choice":"Card Removal","damage_taken":0,"max_hp_gain":0,"max_hp_loss":0,"event_name":"The Cleric","floor":5,"gold_loss":50},{"damage_healed":0,"gold_gain":0,"player_choice":"Entered Light","damage_taken":14,"max_hp_gain":0,"max_hp_loss":0,"event_name":"Shining Light","floor":8,"gold_loss":0,"cards_upgraded":["Strike_G","Defend_G"]},{"damage_healed":0,"gold_gain":0,"player_choice":"Forge","damage_taken":0,"max_hp_gain":0,"max_hp_loss":0,"event_name":"Accursed Blacksmith","floor":11,"gold_loss":0,"cards_upgraded":["Survivor"]},{"damage_healed":0,"gold_gain":0,"player_choice":"Read","damage_taken":0,"max_hp_gain":0,"max_hp_loss":0,"event_name":"The Library","floor":20,"gold_loss":0,"cards_obtained":["Escape Plan"]},{"damage_healed":0,"gold_gain":0,"player_choice":"Inject Mutagens","damage_taken":0,"relics_obtained":["MutagenicStrength"],"max_hp_gain":0,"max_hp_loss":0,"event_name":"Drug Dealer","floor":22,"gold_loss":0},{"damage_healed":0,"gold_gain":0,"player_choice":"Opened","damage_taken":0,"relics_obtained":["FossilizedHelix"],"max_hp_gain":0,"max_hp_loss":0,"event_name":"The Mausoleum","floor":31,"gold_loss":0},{"damage_healed":0,"gold_gain":0,"cards_transformed":["Strike_G"],"player_choice":"Transformed","damage_taken":0,"max_hp_gain":0,"max_hp_loss":0,"event_name":"Transmorgrifier","floor":36,"gold_loss":0,"cards_obtained":["Calculated Gamble"]}],"is_beta":false,"boss_relics":[{"not_picked":["Snecko Eye","Runic Pyramid"],"picked":"Astrolabe"},{"not_picked":["Velvet Choker","Lizard Tail"],"picked":"Eternal Feather"}],"items_purged_floors":[],"is_endless":false,"potions_floor_spawned":[7,12,16,23,25,33,35,37],"killed_by":"Jaw Worm Horde","ascension_level":6}