{"gold_per_floor":[109,125,125,125,138,138,155,188,188,188,214,11,11,11,11,107,107,123,222,222,137,153,153,180,180,180,37,37,53,53,88,88,190,190,210,230,248,265,277,305,305,305,356,382,395,45,45,59,59,59],"floor_reached":51,"playtime":3700,"items_purged":["Strike_B","Defend_B"],"score":1019,"play_id":"36029bad-2f0a-402c-8cf8-ac1a53956054","local_time":"20180821174703","is_ascension_mode":true,"campfire_choices":[{"data":"Zap","floor":6,"key":"SMITH"},{"floor":10,"key":"REST"},{"data":"Dualcast","floor":13,"key":"SMITH"},{"floor":15,"key":"REST"},{"data":"Fission","floor":23,"key":"SMITH"},{"data":"Hologram","floor":25,"key":"SMITH"},{"data":"Deep Breath","floor":28,"key":"SMITH"},{"data":"Ball Lightning","floor":30,"key":"SMITH"},{"data":"Defend_B","floor":32,"key":"PURGE"},{"data":"Defend_B","floor":41,"key":"PURGE"},{"data":"Strike_B","floor":47,"key":"PURGE"},{"data":"Defend_B","floor":49,"key":"PURGE"}],"neow_cost":"PERCENT_DAMAGE","seed_source_timestamp":513182737323285,"circlet_count":0,"master_deck":["Strike_B","Zap+1","Dualcast+1","Ball Lightning+1","Hologram+1","Chill","Leap","Reprogram","Beam Cell","Beam Cell","Fission+1","Gash+1","Chill","Deep Breath+1","BootSequence","Go for the Eyes+1","Hologram","Beam Cell","White Noise+1","Gash+1","Beam Cell","Steam+1","Gash","Secret Weapon","Jack Of All Trades","Steam+1"],"relics":["Cracked Core","Sundial","Unceasing Top","Pear","The Courier","Centennial Puzzle","Lantern","Sozu","Dream Catcher","Pen Nib","Blue Candle","Peace Pipe","Lizard Tail","Frozen Egg 2","Torii","Anchor","Kunai"],"potions_floor_usage":[7,11,29],"damage_taken":[{"damage":0,"enemies":"2 Louse","floor":1,"turns":2},{"damage":0,"enemies":"Small Slimes","floor":2,"turns":2},{"damage":0,"enemies":"Jaw Worm","floor":5,"turns":3},{"damage":25,"enemies":"Gremlin Gang","floor":7,"turns":5},{"damage":5,"enemies":"Lagavulin","floor":8,"turns":8},{"damage":19,"enemies":"3 Sentries","floor":11,"turns":9},{"damage":20,"enemies":"The Guardian","floor":16,"turns":11},{"damage":2,"enemies":"3 Byrds","floor":18,"turns":5},{"damage":0,"enemies":"Shell Parasite","floor":22,"turns":3},{"damage":0,"enemies":"Gremlin Leader","floor":24,"turns":6},{"damage":0,"enemies":"Snake Plant","floor":29,"turns":2},{"damage":1,"enemies":"Slavers","floor":31,"turns":5},{"damage":4,"enemies":"Collector","floor":33,"turns":5},{"damage":0,"enemies":"3 Shapes","floor":35,"turns":2},{"damage":0,"enemies":"Flame Bruiser 1 Orb","floor":36,"turns":1},{"damage":0,"enemies":"3 Darklings","floor":37,"turns":2},{"damage":0,"enemies":"Flame Bruiser 2 Orb","floor":38,"turns":4},{"damage":3,"enemies":"Maw","floor":39,"turns":5},{"damage":20,"enemies":"2 Orb Walkers","floor":40,"turns":4},{"damage":0,"floor":42,"turns":1},{"damage":0,"enemies":"Giant Head","floor":44,"turns":3},{"damage":0,"enemies":"3 Darklings","floor":45,"turns":2},{"damage":0,"enemies":"Flame Bruiser 2 Orb","floor":48,"turns":1},{"damage":0,"enemies":"Awakened One","floor":50,"turns":3}],"seed_played":"4924877195773646921","potions_obtained":[{"floor":5,"key":"EssenceOfSteel"},{"floor":8,"key":"Explosive Potion"},{"floor":11,"key":"SneckoOil"}],"is_trial":false,"path_per_floor":["M","M","?","?","M","R","M","E","T","R","E","$","R","$","R","B",null,"M","?","?","?","M","R","E","R","T","$","R","M","R","E","R","B",null,"M","M","M","M","M","E","R","?","T","E","M","$","R","M","R","B"],"character_chosen":"DEFECT","items_purchased":["Lantern","Beam Cell","Deep Breath","BootSequence","Gash","Secret Weapon","Jack Of All Trades"],"campfire_rested":2,"item_purchase_floors":[12,12,27,27,46,46,46],"current_hp_per_floor":[54,54,42,42,42,42,17,22,22,47,28,28,28,28,53,33,85,83,83,83,83,83,83,83,83,83,83,83,83,83,82,82,78,85,85,85,85,85,82,62,62,62,62,62,62,62,62,62,62,62],"gold":59,"neow_bonus":"ONE_RARE_RELIC","is_prod":false,"is_daily":false,"chose_seed":false,"campfire_upgraded":6,"win_rate":0,"timestamp":1534888023,"path_taken":["M","M","?","?","?","R","?","E","T","R","E","$","R","?","R","BOSS","M","?","?","?","M","R","E","R","T","$","R","?","R","E","R","BOSS","M","M","?","M","M","E","R","?","T","E","M","$","R","M","R","BOSS"],"build_version":"2018-08-20","purchased_purges":2,"victory":true,"max_hp_per_floor":[75,75,75,75,75,75,75,85,85,85,85,85,85,85,85,85,85,85,85,85,85,85,85,85,85,85,85,85,85,85,85,85,85,85,85,85,85,85,85,85,85,85,85,85,85,85,85,85,85,85],"card_choices":[{"not_picked":["Beam Cell","Gash"],"picked":"Ball Lightning","floor":1},{"not_picked":["Compile Driver","Steam"],"picked":"Hologram","floor":2},{"not_picked":["Redo","Leap"],"picked":"Chill","floor":5},{"not_picked":["Meteor Strike","Streamline"],"picked":"Leap","floor":7},{"not_picked":["Doom and Gloom","Ball Lightning"],"picked":"Reprogram","floor":8},{"not_picked":["Compile Driver","Storm"],"picked":"Beam Cell","floor":11},{"not_picked":["Buffer","Rainbow"],"picked":"Fission","floor":16},{"not_picked":["Tempest","Skim"],"picked":"Gash+1","floor":18},{"not_picked":["Force Field","Static Discharge+1","Leap+1"],"picked":"SKIP","floor":22},{"not_picked":["Consume","Compile Driver"],"picked":"Chill","floor":24},{"not_picked":["Barrage+1","Coolheaded+1","Cold Snap+1"],"picked":"SKIP","floor":29},{"not_picked":["Lockon","Static Discharge","Force Field"],"picked":"SKIP","floor":31},{"not_picked":["Leap+1","Steam+1"],"picked":"Go for the Eyes+1","floor":35},{"not_picked":["Sweeping Beam","Redo"],"picked":"Hologram","floor":36},{"not_picked":["Streamline","Hello World"],"picked":"Beam Cell","floor":37},{"not_picked":["Go for the Eyes+1","BootSequence"],"picked":"White Noise+1","floor":38},{"not_picked":["Aggregate","Beam Cell+1"],"picked":"Gash+1","floor":39},{"not_picked":["Streamline+1","Ball Lightning"],"picked":"Beam Cell","floor":40},{"not_picked":["Compile Driver+1","Stack+1"],"picked":"Steam+1","floor":42},{"not_picked":["Hologram+1","Rip and Tear","Streamline+1"],"picked":"SKIP","floor":44},{"not_picked":["Buffer+1","Stack","Barrage+1"],"picked":"SKIP","floor":45},{"not_picked":["Turbo+1","Ball Lightning+1"],"picked":"Steam+1","floor":48}],"player_experience":284542,"relics_obtained":[{"floor":8,"key":"Pear"},{"floor":9,"key":"The Courier"},{"floor":11,"key":"Centennial Puzzle"},{"floor":24,"key":"Pen Nib"},{"floor":26,"key":"Blue Candle"},{"floor":31,"key":"Peace Pipe"},{"floor":40,"key":"Frozen Egg 2"},{"floor":42,"key":"Torii"},{"floor":43,"key":"Anchor"},{"floor":44,"key":"Kunai"}],"event_choices":[{"event_name":"Scrap Ooze","player_choice":"success","floor":3,"damage_taken":12},{"event_name":"Living Wall","player_choice":"Forget","floor":4,"damage_taken":0},{"event_name":"Nest","player_choice":"Stole From Cult","floor":19,"damage_taken":0},{"event_name":"Vampires","player_choice":"Ignored","floor":20,"damage_taken":0},{"event_name":"Addict","player_choice":"Obtained Relic","floor":21,"damage_taken":0},{"event_name":"MindBloom","player_choice":"Fight","floor":42,"damage_taken":0}],"is_beta":true,"boss_relics":[{"not_picked":["Calling Bell","Orrery"],"picked":"Sozu"},{"not_picked":["Runic Pyramid","Astrolabe"],"picked":"Lizard Tail"}],"items_purged_floors":[12,46],"is_endless":false,"potions_floor_spawned":[5,8,11,22,24,31,35,38,40],"ascension_level":4}