{"gold_per_floor":[131,143,155,178,205,250,274,303,369,381,393,425,451,475,487,499],"floor_reached":16,"playtime":1439,"items_purged":[],"score":111,"play_id":"8a2781c3-334b-43fd-8808-155efa994853","local_time":"20190124204354","is_ascension_mode":true,"campfire_choices":[{"floor":11,"key":"REST"},{"floor":15,"key":"RECALL"}],"neow_cost":"NONE","seed_source_timestamp":444017407603187,"circlet_count":0,"master_deck":["Strike_R","Strike_R","Strike_R","Strike_R","Strike_R","Defend_R","Defend_R","Defend_R","Defend_R","Bash","Armaments","Regret","Warcry","Body Slam","Anger","Iron Wave","Rage+1","Pommel Strike","Cleave","Pommel Strike"],"relics":["Burning Blood","MawBank","Regal Pillow","Pear"],"potions_floor_usage":[16],"damage_taken":[{"damage":6,"enemies":"Jaw Worm","floor":1,"turns":3},{"damage":2,"enemies":"Small Slimes","floor":4,"turns":3},{"damage":3,"enemies":"Cultist","floor":5,"turns":4},{"damage":57,"enemies":"3 Sentries","floor":6,"turns":14},{"damage":25,"enemies":"Lots of Slimes","floor":7,"turns":6},{"damage":10,"enemies":"Blue Slaver","floor":8,"turns":4},{"damage":37,"enemies":"Gremlin Gang","floor":12,"turns":7},{"damage":2,"enemies":"2 Fungi Beasts","floor":13,"turns":4},{"damage":2,"enemies":"3 Louse","floor":14,"turns":4},{"damage":35,"enemies":"Hexaghost","floor":16,"turns":8}],"seed_played":"8807885691452418383","potions_obtained":[{"floor":1,"key":"FearPotion"},{"floor":3,"key":"SkillPotion"},{"floor":3,"key":"FearPotion"},{"floor":8,"key":"PowerPotion"}],"is_trial":false,"path_per_floor":["M","?","?","M","M","E","M","M","T","?","R","M","M","M","R","B"],"character_chosen":"IRONCLAD","items_purchased":[],"campfire_rested":1,"item_purchase_floors":[],"current_hp_per_floor":[80,80,80,80,80,39,20,16,16,16,58,27,31,35,35,0],"gold":499,"neow_bonus":"RANDOM_COMMON_RELIC","is_prod":false,"is_daily":false,"chose_seed":false,"campfire_upgraded":0,"win_rate":0,"timestamp":1548380634,"path_taken":["M","?","?","?","?","E","M","M","T","?","R","M","?","M","R","BOSS"],"build_version":"2019-01-23","purchased_purges":0,"victory":false,"max_hp_per_floor":[80,80,80,80,80,90,90,90,90,90,90,90,90,90,90,90],"card_choices":[{"not_picked":["Reckless Charge","Cleave"],"picked":"Armaments","floor":1},{"not_picked":["Wild Strike","True Grit"],"picked":"Warcry","floor":4},{"not_picked":["Headbutt","Sword Boomerang"],"picked":"Body Slam","floor":5},{"not_picked":["Cleave","Impervious"],"picked":"Anger","floor":6},{"not_picked":["Anger","Sever Soul"],"picked":"Iron Wave","floor":7},{"not_picked":["Warcry","Rupture"],"picked":"Rage","floor":8},{"not_picked":["Warcry","Body Slam"],"picked":"Pommel Strike","floor":12},{"not_picked":["Sever Soul","Hemokinesis"],"picked":"Cleave","floor":13},{"not_picked":["True Grit","Headbutt"],"picked":"Pommel Strike","floor":14}],"player_experience":76061,"relics_obtained":[{"floor":6,"key":"Pear"}],"event_choices":[{"damage_healed":0,"gold_gain":0,"player_choice":"Box","damage_taken":0,"relics_obtained":["Regal Pillow"],"max_hp_gain":0,"max_hp_loss":0,"event_name":"Big Fish","floor":2,"gold_loss":0,"cards_obtained":["Regret"]},{"damage_healed":0,"gold_gain":0,"player_choice":"Got Potions","damage_taken":0,"max_hp_gain":0,"max_hp_loss":0,"event_name":"Lab","floor":3,"gold_loss":0},{"damage_healed":0,"gold_gain":0,"player_choice":"Upgraded","damage_taken":0,"max_hp_gain":0,"max_hp_loss":0,"event_name":"Upgrade Shrine","floor":10,"gold_loss":0,"cards_upgraded":["Rage"]}],"is_beta":false,"boss_relics":[],"items_purged_floors":[],"is_endless":false,"potions_floor_spawned":[1,8,12,13],"killed_by":"Hexaghost","ascension_level":1}