{"gold_per_floor":[116,128,128,152,117,160,160,160,185,221,0,43,43,59,59,183,183,196,185,210,135,98,132,28,28,28,64,64,264,302,317,317,437,437,455,216,341,341,341,341,365,365,392,423,423,459,478,96,96,96,96,96,61,94,94],"floor_reached":55,"playtime":6711,"items_purged":["Strike_B"],"score":897,"play_id":"c51873e0-4824-4a6a-97b6-40a37d8a49cb","local_time":"20190523193708","is_ascension_mode":false,"campfire_choices":[{"data":"Zap","floor":8,"key":"SMITH"},{"data":"Dualcast","floor":15,"key":"SMITH"},{"floor":25,"key":"RECALL"},{"data":"Chill","floor":28,"key":"SMITH"},{"floor":32,"key":"REST"},{"floor":40,"key":"DIG"},{"floor":42,"key":"DIG"},{"floor":45,"key":"DIG"},{"floor":49,"key":"DIG"},{"floor":52,"key":"DIG"}],"neow_cost":"NONE","seed_source_timestamp":462228324551435,"circlet_count":0,"master_deck":["Strike_B","Strike_B","Defend_B+1","Defend_B","Defend_B","Defend_B","Zap+1","Dualcast+1","Genetic Algorithm+1","Coolheaded","Electrodynamics","Chill","Cold Snap","Coolheaded","Echo Form","Coolheaded","Seek","Cold Snap","Go for the Eyes","Ball Lightning","Glacier","Chill+1","Glacier","Blizzard","Core Surge","Hologram+1","Consume+1","Coolheaded","Capacitor"],"relics":["Cracked Core","Golden Idol","War Paint","Omamori","Juzu Bracelet","Dodecahedron","Eternal Feather","Bronze Scales","Darkstone Periapt","Happy Flower","PreservedInsect","Sozu","Singing Bowl","Shovel","Pantograph","Centennial Puzzle","Regal Pillow","Art of War","Gremlin Horn","Meat on the Bone","Turnip","Mango","Sundial","Oddly Smooth Stone"],"potions_floor_usage":[6,6,12,16,23,23,27,27,30,33,33,33],"damage_taken":[{"damage":1,"enemies":"Jaw Worm","floor":1,"turns":4},{"damage":13,"enemies":"Small Slimes","floor":2,"turns":5},{"damage":0,"enemies":"2 Louse","floor":4,"turns":3},{"damage":20,"enemies":"Lagavulin","floor":6,"turns":8},{"damage":43,"enemies":"Gremlin Nob","floor":10,"turns":6},{"damage":8,"enemies":"Lagavulin","floor":12,"turns":7},{"damage":3,"enemies":"Blue Slaver","floor":14,"turns":4},{"damage":22,"enemies":"Slime Boss","floor":16,"turns":8},{"damage":0,"enemies":"3 Byrds","floor":18,"turns":1},{"damage":6,"enemies":"2 Thieves","floor":19,"turns":4},{"damage":15,"enemies":"Snake Plant","floor":20,"turns":4},{"damage":18,"enemies":"Book of Stabbing","floor":23,"turns":8},{"damage":0,"enemies":"Gremlin Leader","floor":27,"turns":7},{"damage":26,"enemies":"Slavers","floor":30,"turns":5},{"damage":0,"enemies":"Cultist and Chosen","floor":31,"turns":6},{"damage":8,"enemies":"Automaton","floor":33,"turns":11},{"damage":0,"enemies":"3 Darklings","floor":35,"turns":3},{"damage":3,"enemies":"Mind Bloom Boss Battle","floor":37,"turns":11},{"damage":0,"enemies":"3 Shapes","floor":41,"turns":2},{"damage":0,"enemies":"Giant Head","floor":44,"turns":9},{"damage":13,"enemies":"Nemesis","floor":46,"turns":7},{"damage":16,"enemies":"Transient","floor":47,"turns":5},{"damage":39,"enemies":"Awakened One","floor":50,"turns":18},{"damage":38,"enemies":"Shield and Spear","floor":54,"turns":6},{"damage":91,"enemies":"The Heart","floor":55,"turns":11}],"seed_played":"5248567730246814567","potions_obtained":[{"floor":1,"key":"PowerPotion"},{"floor":4,"key":"PowerPotion"},{"floor":10,"key":"Energy Potion"},{"floor":12,"key":"SkillPotion"},{"floor":19,"key":"AttackPotion"},{"floor":20,"key":"Weak Potion"},{"floor":30,"key":"SteroidPotion"},{"floor":31,"key":"PowerPotion"}],"is_trial":false,"path_per_floor":["M","M","?","M","?","E","?","R","T","E","$","E","?","M","R","B",null,"M","M","M","?","$","E","$","R","T","E","R","?","E","M","R","B",null,"M","$","?","?","?","R","M","R","T","E","R","E","M","$","R","B",null,"R","$","E","B"],"character_chosen":"DEFECT","items_purchased":["Juzu Bracelet","Cold Snap","Coolheaded","Glacier","EntropicBrew","Singing Bowl","Turnip","Capacitor"],"campfire_rested":1,"item_purchase_floors":[11,11,11,22,24,36,48,53],"current_hp_per_floor":[81,68,48,48,68,48,75,75,75,32,32,24,44,41,41,19,82,82,76,61,61,61,43,43,55,55,55,67,67,41,41,80,72,82,82,82,79,81,80,80,80,80,80,82,82,71,55,55,84,59,98,98,98,62,0],"gold":94,"neow_bonus":"TEN_PERCENT_HP_BONUS","is_prod":false,"is_daily":false,"chose_seed":false,"campfire_upgraded":3,"win_rate":0,"timestamp":1558665428,"path_taken":["M","M","?","M","?","E","?","R","T","E","?","E","?","M","R","BOSS","M","M","M","?","$","E","$","R","T","E","R","?","E","M","R","BOSS","M","$","?","?","?","R","M","R","T","E","R","E","M","$","R","BOSS","R","$","E","BOSS"],"build_version":"2019-01-23","purchased_purges":1,"victory":false,"max_hp_per_floor":[82,82,82,82,82,82,82,82,82,82,82,82,82,82,82,82,82,82,82,82,82,82,82,82,82,82,82,82,82,82,82,82,82,82,82,82,82,84,80,80,80,80,80,82,82,84,84,84,98,98,98,98,98,100,100],"card_choices":[{"not_picked":["Coolheaded","Force Field"],"picked":"Genetic Algorithm","floor":1},{"not_picked":["Capacitor","Compile Driver"],"picked":"Coolheaded","floor":2},{"not_picked":["Rebound","Hologram"],"picked":"Electrodynamics","floor":4},{"not_picked":["Doom and Gloom","FTL"],"picked":"Chill","floor":6},{"not_picked":["Stack","Force Field","Tempest"],"picked":"SKIP","floor":10},{"not_picked":["Turbo","Gash"],"picked":"Echo Form","floor":12},{"not_picked":["Steam Power","Darkness"],"picked":"Coolheaded","floor":14},{"not_picked":["Meteor Strike","Reboot"],"picked":"Seek","floor":16},{"not_picked":["Compile Driver","Barrage"],"picked":"Cold Snap","floor":18},{"not_picked":["Rebound+1","Gash"],"picked":"Go for the Eyes","floor":19},{"not_picked":["Steam","Barrage"],"picked":"Ball Lightning","floor":20},{"not_picked":["Rebound","Ball Lightning"],"picked":"Chill","floor":23},{"not_picked":["Rainbow","Core Surge"],"picked":"Glacier","floor":27},{"not_picked":["Gash+1","Lockon+1"],"picked":"Blizzard","floor":30},{"not_picked":["Skim","Turbo","Steam+1"],"picked":"SKIP","floor":31},{"not_picked":["Amplify","All For One"],"picked":"Core Surge","floor":33},{"not_picked":["Rebound+1","Aggregate+1","Melter"],"picked":"SKIP","floor":35},{"not_picked":["Cold Snap","Sweeping Beam+1"],"picked":"Hologram+1","floor":37},{"not_picked":["Dramatic Entrance","Deep Breath","Flash of Steel"],"picked":"Singing Bowl","floor":38},{"not_picked":["Beam Cell","Steam"],"picked":"Consume+1","floor":41},{"not_picked":["Rainbow","Thunder Strike","Force Field"],"picked":"Singing Bowl","floor":44},{"not_picked":["Streamline+1","Hologram+1","Reinforced Body+1"],"picked":"Singing Bowl","floor":46},{"not_picked":["Hello World","Barrage"],"picked":"Coolheaded","floor":47},{"not_picked":["Coolheaded","Hello World","Cold Snap"],"picked":"Singing Bowl","floor":54}],"player_experience":62500,"relics_obtained":[{"floor":6,"key":"War Paint"},{"floor":10,"key":"Omamori"},{"floor":12,"key":"Dodecahedron"},{"floor":23,"key":"Bronze Scales"},{"floor":26,"key":"Darkstone Periapt"},{"floor":27,"key":"Happy Flower"},{"floor":30,"key":"PreservedInsect"},{"floor":37,"key":"Shovel"},{"floor":40,"key":"Pantograph"},{"floor":42,"key":"Centennial Puzzle"},{"floor":43,"key":"Regal Pillow"},{"floor":44,"key":"Art of War"},{"floor":45,"key":"Gremlin Horn"},{"floor":46,"key":"Meat on the Bone"},{"floor":49,"key":"Mango"},{"floor":52,"key":"Sundial"},{"floor":54,"key":"Oddly Smooth Stone"}],"event_choices":[{"damage_healed":0,"gold_gain":0,"player_choice":"Take Damage","damage_taken":20,"relics_obtained":["Golden Idol"],"max_hp_gain":0,"max_hp_loss":0,"event_name":"Golden Idol","floor":3,"gold_loss":0},{"damage_healed":20,"gold_gain":0,"player_choice":"Healed","damage_taken":0,"max_hp_gain":0,"max_hp_loss":0,"event_name":"The Cleric","floor":5,"gold_loss":35},{"damage_healed":27,"gold_gain":0,"player_choice":"Banana","damage_taken":0,"max_hp_gain":0,"max_hp_loss":0,"event_name":"Big Fish","floor":7,"gold_loss":0},{"damage_healed":20,"gold_gain":0,"player_choice":"Healed and dodged fight","damage_taken":0,"max_hp_gain":0,"max_hp_loss":0,"event_name":"Mushrooms","floor":13,"gold_loss":0,"cards_obtained":["Parasite"]},{"cards_removed":["Strike_B"],"damage_healed":0,"gold_gain":0,"player_choice":"Gave Gold","damage_taken":0,"max_hp_gain":0,"max_hp_loss":0,"event_name":"Beggar","floor":21,"gold_loss":75},{"damage_healed":0,"gold_gain":200,"player_choice":"Gold","damage_taken":0,"max_hp_gain":0,"max_hp_loss":0,"event_name":"Wheel of Change","floor":29,"gold_loss":0},{"damage_healed":0,"gold_gain":0,"player_choice":"Fight","damage_taken":0,"max_hp_gain":0,"max_hp_loss":0,"event_name":"MindBloom","floor":37,"gold_loss":0},{"damage_healed":0,"gold_gain":0,"player_choice":"Memory 1","damage_taken":0,"max_hp_gain":0,"max_hp_loss":0,"event_name":"SensoryStone","floor":38,"gold_loss":0},{"damage_healed":0,"gold_gain":0,"player_choice":"Max HP","damage_taken":0,"max_hp_gain":0,"max_hp_loss":4,"event_name":"Winding Halls","floor":39,"gold_loss":0}],"is_beta":false,"boss_relics":[{"not_picked":["Velvet Choker","Astrolabe"],"picked":"Eternal Feather"},{"not_picked":["Calling Bell","Pandora\u0027s Box"],"picked":"Sozu"}],"items_purged_floors":[48],"is_endless":false,"potions_floor_spawned":[1,4,10,12,19,20,30,31,44,54],"killed_by":"The Heart","ascension_level":0}