{"gold_per_floor":[117,135,235,246,246,281,27,27,54,54,69,80,80,80,80,176,176,193,193,193,292,304,304,67,67,67,126,126,139,139,139,139,238,238,256,274,274,286,286,286,312,328,377,477,577,588,143,153,153,153],"floor_reached":51,"playtime":2372,"items_purged":["Writhe","Capacitor+1"],"score":713,"play_id":"ce381e8b-9aee-4b2d-ab41-772e0349f265","local_time":"20190202173912","is_ascension_mode":false,"campfire_choices":[{"floor":8.0,"key":"REST"},{"data":"Buffer","floor":10.0,"key":"SMITH"},{"data":"Zap","floor":13.0,"key":"SMITH"},{"data":"Static Discharge","floor":15.0,"key":"SMITH"},{"data":"Capacitor","floor":25.0,"key":"SMITH"},{"data":"Coolheaded","floor":30.0,"key":"SMITH"},{"floor":32.0,"key":"REST"},{"data":"Coolheaded","floor":40,"key":"SMITH"},{"data":"Reboot","floor":49,"key":"SMITH"}],"neow_cost":"NONE","seed_source_timestamp":22532126270900,"circlet_count":0,"master_deck":["Strike_B+1","Strike_B","Defend_B","Defend_B","Defend_B","Defend_B","Zap+1","Dualcast","Buffer+1","Ball Lightning+1","Cold Snap","Capacitor+1","Static Discharge+1","Biased Cognition","Leap","Reboot+1","Coolheaded+1","Darkness","Static Discharge","Coolheaded+1","Core Surge","Static Discharge","Defragment+1","Master of Strategy","Coolheaded","Coolheaded+1"],"special_seed":0,"relics":["Cracked Core","Anchor","Symbiotic Virus","Dream Catcher","Nuclear Battery","Nilry\u0027s Codex","MutagenicStrength","Pantograph","Membership Card","Blue Candle","Tiny Chest","Bottled Tornado","Inserter","DataDisk","Ancient Tea Set","Nunchaku","Frozen Eye","Pear","Ornamental Fan"],"potions_floor_usage":[42,42,50],"damage_taken":[{"damage":6.0,"enemies":"Jaw Worm","floor":1.0,"turns":4.0},{"damage":0.0,"enemies":"Cultist","floor":2.0,"turns":3.0},{"damage":6.0,"enemies":"2 Louse","floor":4.0,"turns":2.0},{"damage":24.0,"enemies":"3 Sentries","floor":6.0,"turns":6.0},{"damage":0.0,"enemies":"Exordium Wildlife","floor":11.0,"turns":4.0},{"damage":0.0,"enemies":"Blue Slaver","floor":12.0,"turns":3.0},{"damage":24.0,"enemies":"Hexaghost","floor":16.0,"turns":6.0},{"damage":0.0,"enemies":"3 Byrds","floor":18.0,"turns":5.0},{"damage":0.0,"enemies":"Shell Parasite","floor":22.0,"turns":5.0},{"damage":6.0,"enemies":"Gremlin Leader","floor":27.0,"turns":6.0},{"damage":9.0,"enemies":"Snake Plant","floor":29.0,"turns":4.0},{"damage":55.0,"enemies":"Collector","floor":33.0,"turns":8.0},{"damage":11.0,"enemies":"3 Shapes","floor":35.0,"turns":5.0},{"damage":0,"enemies":"3 Darklings","floor":36,"turns":9},{"damage":0,"enemies":"Sphere and 2 Shapes","floor":38,"turns":4},{"damage":0,"enemies":"Spire Growth","floor":42,"turns":6},{"damage":3,"enemies":"Mind Bloom Boss Battle","floor":44,"turns":5},{"damage":3,"enemies":"4 Shapes","floor":46,"turns":6},{"damage":0,"enemies":"Jaw Worm Horde","floor":48,"turns":4},{"damage":2,"enemies":"Awakened One","floor":50,"turns":17}],"seed_played":"-1150725806258766806","potions_obtained":[{"floor":2.0,"key":"LiquidBronze"},{"floor":6.0,"key":"GamblersBrew"},{"floor":16.0,"key":"AttackPotion"},{"floor":18.0,"key":"Explosive Potion"},{"floor":27.0,"key":"Weak Potion"},{"floor":29.0,"key":"Dexterity Potion"},{"floor":33.0,"key":"Energy Potion"},{"floor":44,"key":"Fire Potion"},{"floor":48,"key":"Ancient Potion"}],"is_trial":false,"path_per_floor":["M","M","?","M","?","E","$","R","T","R","M","M","R","?","R","B",null,"M","?","?","?","M","?","$","R","T","E","T","M","R","?","R","B",null,"M","M","?","M","?","R","T","M","T","?","?","M","$","M","R","B",null],"character_chosen":"DEFECT","items_purchased":["Symbiotic Virus","Membership Card","Frozen Eye","Pear","Ornamental Fan","Coolheaded","Fire Potion"],"campfire_rested":2,"item_purchase_floors":[7,24,47,47,47,47,47],"current_hp_per_floor":[69,69,69,63,48,24,24,46,46,46,46,46,46,39,39,15,75,75,59,59,59,59,59,59,59,59,53,53,44,44,30,54,24,80,69,69,69,69,69,69,69,69,69,73,73,70,80,80,80,84],"gold":153,"neow_bonus":"TRANSFORM_CARD","is_prod":false,"is_daily":false,"chose_seed":false,"campfire_upgraded":7,"win_rate":0,"timestamp":1549147152,"path_taken":["M","M","?","?","?","E","?","R","T","R","M","M","R","?","R","BOSS","M","?","?","?","M","?","$","R","T","E","?","?","R","?","R","BOSS","M","M","?","M","?","R","?","M","T","?","?","?","?","M","R","BOSS"],"build_version":"2019-01-23","purchased_purges":2,"victory":true,"max_hp_per_floor":[75,75,75,75,75,75,75,75,75,75,75,75,75,75,75,75,75,75,75,75,75,75,75,75,75,75,75,75,75,75,80,80,80,80,80,80,80,80,76,76,76,76,76,76,76,76,86,86,86,86],"card_choices":[{"not_picked":["Redo","Static Discharge"],"picked":"Ball Lightning","floor":1.0},{"not_picked":["Streamline","Coolheaded"],"picked":"Cold Snap","floor":2.0},{"not_picked":["Cold Snap","Coolheaded"],"picked":"Capacitor","floor":4.0},{"not_picked":["Streamline","Sunder"],"picked":"Static Discharge","floor":6.0},{"not_picked":["Leap","Chaos"],"picked":"Biased Cognition","floor":11.0},{"not_picked":["Gash","Barrage"],"picked":"Leap","floor":12.0},{"not_picked":["Fission","Hyperbeam"],"picked":"Reboot","floor":16.0},{"not_picked":["Turbo","Steam+1"],"picked":"Coolheaded","floor":18.0},{"not_picked":["Steam+1","Recycle"],"picked":"Darkness","floor":22.0},{"not_picked":["Barrage","Streamline+1"],"picked":"Static Discharge","floor":27.0},{"not_picked":["Doom and Gloom","Streamline+1"],"picked":"Coolheaded","floor":29.0},{"not_picked":["Fission","Hyperbeam"],"picked":"Core Surge","floor":33.0},{"not_picked":["Chaos","Streamline+1"],"picked":"Static Discharge","floor":35.0},{"not_picked":["Recycle+1","Go for the Eyes"],"picked":"Defragment+1","floor":36},{"not_picked":["Impatience","Trip"],"picked":"Master of Strategy","floor":37},{"not_picked":["Steam Power+1","Rebound","Barrage"],"picked":"SKIP","floor":38},{"not_picked":["Stack","Barrage+1","Leap+1"],"picked":"SKIP","floor":42},{"not_picked":["Chill","Conserve Battery+1"],"picked":"Capacitor+1","floor":46},{"not_picked":["Reinforced Body","Skim+1"],"picked":"Coolheaded+1","floor":48}],"player_experience":561439,"relics_obtained":[{"floor":6.0,"key":"Anchor"},{"floor":9.0,"key":"Dream Catcher"},{"floor":19.0,"key":"Nilry\u0027s Codex"},{"floor":26.0,"key":"Blue Candle"},{"floor":27.0,"key":"Tiny Chest"},{"floor":28.0,"key":"Bottled Tornado"},{"floor":41,"key":"DataDisk"},{"floor":43,"key":"Ancient Tea Set"},{"floor":44,"key":"Nunchaku"}],"event_choices":[{"damage_healed":0.0,"max_hp_gain":0.0,"max_hp_loss":0.0,"gold_gain":100.0,"event_name":"Golden Shrine","player_choice":"Pray","floor":3.0,"gold_loss":0.0,"damage_taken":0.0},{"damage_healed":0.0,"max_hp_gain":0.0,"max_hp_loss":0.0,"gold_gain":0.0,"event_name":"Shining Light","player_choice":"Entered Light","floor":5.0,"gold_loss":0.0,"damage_taken":15.0,"cards_upgraded":["Ball Lightning","Strike_B"]},{"cards_removed":["Strike_B"],"damage_healed":0.0,"max_hp_gain":0.0,"max_hp_loss":0.0,"gold_gain":0.0,"event_name":"Golden Wing","player_choice":"Card Removal","floor":14.0,"gold_loss":0.0,"damage_taken":7.0},{"damage_healed":0.0,"max_hp_gain":0.0,"max_hp_loss":0.0,"gold_gain":0.0,"event_name":"Cursed Tome","player_choice":"Obtained Book","floor":19.0,"gold_loss":0.0,"damage_taken":16.0},{"damage_healed":0.0,"max_hp_gain":0.0,"max_hp_loss":0.0,"gold_gain":0.0,"event_name":"Drug Dealer","player_choice":"Inject Mutagens","floor":20.0,"gold_loss":0.0,"damage_taken":0.0,"relics_obtained":["MutagenicStrength"]},{"damage_healed":0.0,"max_hp_gain":0.0,"max_hp_loss":0.0,"gold_gain":99.0,"event_name":"Nest","player_choice":"Stole From Cult","floor":21.0,"gold_loss":0.0,"damage_taken":0.0},{"damage_healed":0.0,"max_hp_gain":0.0,"max_hp_loss":0.0,"gold_gain":0.0,"event_name":"The Mausoleum","player_choice":"Opened","floor":23.0,"gold_loss":0.0,"damage_taken":0.0,"relics_obtained":["Pantograph"],"cards_obtained":["Writhe"]},{"damage_healed":0.0,"max_hp_gain":5.0,"max_hp_loss":0.0,"gold_gain":0.0,"event_name":"Forgotten Altar","player_choice":"Shed Blood","floor":31.0,"gold_loss":0.0,"damage_taken":19.0},{"damage_healed":0,"gold_gain":0,"player_choice":"Memory 1","damage_taken":0,"max_hp_gain":0,"max_hp_loss":0,"event_name":"SensoryStone","floor":37,"gold_loss":0},{"damage_healed":0,"gold_gain":0,"player_choice":"Max HP","damage_taken":0,"max_hp_gain":0,"max_hp_loss":4,"event_name":"Winding Halls","floor":39,"gold_loss":0},{"damage_healed":0,"gold_gain":0,"player_choice":"Fight","damage_taken":0,"max_hp_gain":0,"max_hp_loss":0,"event_name":"MindBloom","floor":44,"gold_loss":0},{"damage_healed":0,"gold_gain":100,"player_choice":"Pray","damage_taken":0,"max_hp_gain":0,"max_hp_loss":0,"event_name":"Golden Shrine","floor":45,"gold_loss":0}],"is_beta":true,"boss_relics":[{"not_picked":["Tiny House","Calling Bell"],"picked":"Nuclear Battery"},{"not_picked":["Lizard Tail","Pandora\u0027s Box"],"picked":"Inserter"}],"items_purged_floors":[24,47],"is_endless":false,"potions_floor_spawned":[2,6,16,18,27,29,33,36,38,44,48],"ascension_level":0}