{"gold_per_floor":[113,124,124,83,99,124,143,159,159,193,193,208,239,249,249,346,346,362,362,362,362,378,378],"floor_reached":23,"playtime":1552,"items_purged":[],"score":238,"play_id":"472dc8ab-be23-49c5-96f8-5f42f55c6907","local_time":"20190114234136","is_ascension_mode":false,"campfire_choices":[{"data":"Hologram","floor":11,"key":"SMITH"},{"floor":15,"key":"REST"}],"neow_cost":"TEN_PERCENT_HP_LOSS","seed_source_timestamp":810510144803561,"circlet_count":0,"master_deck":["Strike_B+1","Strike_B+1","Strike_B+1","Strike_B+1","Defend_B+1","Defend_B+1","Defend_B+1","Defend_B+1","Zap","Dualcast","Echo Form","Ball Lightning","Go for the Eyes","Self Repair","Cold Snap","Creative AI+1","Reinforced Body","Go for the Eyes","Hologram+1","Storm+1","Leap","Cold Snap","Buffer+1","RitualDagger","Ghostly","Ghostly","Ghostly","Ghostly","Ghostly","White Noise"],"relics":["Cracked Core","Frozen Egg 2","Darkstone Periapt","Bronze Scales","Bottled Lightning","Nuclear Battery"],"potions_floor_usage":[13],"damage_taken":[{"damage":1,"enemies":"Cultist","floor":1,"turns":3},{"damage":0,"enemies":"Small Slimes","floor":2,"turns":3},{"damage":6,"enemies":"2 Louse","floor":5,"turns":3},{"damage":13,"enemies":"Lagavulin","floor":6,"turns":7},{"damage":8,"enemies":"2 Fungi Beasts","floor":7,"turns":4},{"damage":13,"enemies":"Looter","floor":8,"turns":4},{"damage":24,"enemies":"Gremlin Nob","floor":10,"turns":5},{"damage":21,"enemies":"3 Louse","floor":12,"turns":3},{"damage":4,"enemies":"3 Sentries","floor":13,"turns":6},{"damage":5,"enemies":"Blue Slaver","floor":14,"turns":4},{"damage":4,"enemies":"Slime Boss","floor":16,"turns":7},{"damage":32,"enemies":"2 Thieves","floor":18,"turns":5},{"damage":13,"enemies":"3 Byrds","floor":22,"turns":3},{"damage":32,"enemies":"Slavers","floor":23,"turns":1}],"seed_played":"-7759267522498600809","potions_obtained":[{"floor":2,"key":"GamblersBrew"},{"floor":7,"key":"SteroidPotion"},{"floor":8,"key":"Energy Potion"},{"floor":10,"key":"Fire Potion"},{"floor":13,"key":"SteroidPotion"}],"is_trial":false,"path_per_floor":["M","M","?","$","M","E","M","M","T","E","R","M","E","M","R","B",null,"M","?","?","?","M","E"],"character_chosen":"DEFECT","items_purchased":["Self Repair"],"campfire_rested":1,"item_purchase_floors":[4],"current_hp_per_floor":[67,67,61,61,62,56,55,49,49,39,39,18,21,23,43,39,68,43,37,37,34,28,0],"gold":378,"neow_bonus":"THREE_RARE_CARDS","is_prod":false,"is_daily":false,"chose_seed":false,"campfire_upgraded":1,"win_rate":0.0,"timestamp":1547527296,"path_taken":["M","M","?","?","M","E","M","M","T","E","R","M","E","M","R","BOSS","M","?","?","?","M","E"],"build_version":"2019-01-10","purchased_purges":0,"victory":false,"max_hp_per_floor":[68,68,68,68,68,68,68,68,68,68,68,68,68,68,68,68,68,68,68,68,34,34,34],"card_choices":[{"not_picked":["Seek","Rainbow"],"picked":"Echo Form","floor":0},{"not_picked":["Beam Cell","Hologram"],"picked":"Ball Lightning","floor":1},{"not_picked":["Sweeping Beam","Hologram"],"picked":"Go for the Eyes","floor":2},{"not_picked":["Streamline","Fusion"],"picked":"Cold Snap","floor":5},{"not_picked":["Ball Lightning","Undo"],"picked":"Creative AI","floor":6},{"not_picked":["Auto Shields","Stack"],"picked":"Reinforced Body","floor":7},{"not_picked":["Sweeping Beam","Stack"],"picked":"Go for the Eyes","floor":8},{"not_picked":["Thunder Strike","Barrage"],"picked":"Hologram","floor":10},{"not_picked":["Ball Lightning","Rebound"],"picked":"Storm+1","floor":12},{"not_picked":["Chaos","Barrage"],"picked":"Leap","floor":13},{"not_picked":["Rebound","Go for the Eyes"],"picked":"Cold Snap","floor":14},{"not_picked":["Meteor Strike","Amplify"],"picked":"Buffer+1","floor":16},{"not_picked":["Fusion","Streamline","Gash"],"picked":"SKIP","floor":18},{"not_picked":["Conserve Battery","Beam Cell"],"picked":"White Noise","floor":22}],"player_experience":48952,"relics_obtained":[{"floor":6,"key":"Frozen Egg 2"},{"floor":9,"key":"Darkstone Periapt"},{"floor":10,"key":"Bronze Scales"},{"floor":13,"key":"Bottled Lightning"}],"event_choices":[{"damage_healed":0,"gold_gain":0,"player_choice":"Damaged","damage_taken":6,"max_hp_gain":0,"max_hp_loss":0,"event_name":"Wheel of Change","floor":3,"gold_loss":0},{"damage_healed":0,"gold_gain":0,"player_choice":"Joined the Cult","damage_taken":6,"max_hp_gain":0,"max_hp_loss":0,"event_name":"Nest","floor":19,"gold_loss":0,"cards_obtained":["RitualDagger"]},{"damage_healed":0,"gold_gain":0,"player_choice":"Simplicity","damage_taken":0,"max_hp_gain":0,"max_hp_loss":0,"event_name":"Back to Basics","floor":20,"gold_loss":0,"cards_upgraded":["Strike_B","Strike_B","Strike_B","Strike_B","Defend_B","Defend_B","Defend_B","Defend_B"]},{"damage_healed":0,"gold_gain":0,"player_choice":"Became a Ghost","damage_taken":0,"max_hp_gain":0,"max_hp_loss":34,"event_name":"Ghosts","floor":21,"gold_loss":0,"cards_obtained":["Ghostly","Ghostly","Ghostly","Ghostly","Ghostly"]}],"is_beta":false,"boss_relics":[{"not_picked":["Cursed Key","Snecko Eye"],"picked":"Nuclear Battery"}],"items_purged_floors":[],"is_endless":false,"potions_floor_spawned":[2,7,8,10,13],"killed_by":"Slavers","ascension_level":0}