{"gold_per_floor":[116,18,18,33,33,33,33,33,33,208,239,239,41,56,56,56],"floor_reached":16,"playtime":503,"items_purged":["Strike_R","Doubt"],"score":106,"play_id":"899f5a79-193b-4be3-9b41-b58a17e1fd09","local_time":"20190429122406","is_ascension_mode":true,"campfire_choices":[{"floor":6,"key":"RECALL"},{"data":"Shrug It Off","floor":8,"key":"SMITH"},{"data":"Pommel Strike","floor":15,"key":"SMITH"}],"neow_cost":"TEN_PERCENT_HP_LOSS","seed_source_timestamp":563634011871400,"circlet_count":0,"master_deck":["Strike_R","Strike_R","Strike_R","Defend_R","Defend_R","Bash","Shrug It Off+1","Reaper","Flex+1","Pommel Strike+1","Dual Wield+1"],"relics":["Burning Blood","Meat on the Bone","Toxic Egg 2"],"potions_floor_usage":[11,16],"damage_taken":[{"damage":23,"enemies":"Jaw Worm","floor":1,"turns":4},{"damage":1,"enemies":"Cultist","floor":4,"turns":4},{"damage":31,"enemies":"Gremlin Nob","floor":11,"turns":5},{"damage":6,"enemies":"Small Slimes","floor":14,"turns":5},{"damage":70,"enemies":"The Guardian","floor":16,"turns":9}],"seed_played":"-3460307981721869637","potions_obtained":[{"floor":4,"key":"AttackPotion"},{"floor":14,"key":"Strength Potion"}],"is_trial":false,"path_per_floor":["M","$","?","M","?","R","$","R","T","?","E","T","$","M","R","B"],"character_chosen":"IRONCLAD","items_purchased":["Shrug It Off","Flex+1","Pommel Strike"],"campfire_rested":0,"item_purchase_floors":[2,13,13],"current_hp_per_floor":[55,55,48,53,53,53,53,53,53,53,28,28,28,44,44,0],"gold":56,"neow_bonus":"REMOVE_TWO","is_prod":false,"is_daily":false,"chose_seed":false,"campfire_upgraded":2,"win_rate":0,"timestamp":1556555046,"path_taken":["M","$","?","?","?","R","?","R","T","?","E","?","$","M","R","BOSS"],"build_version":"2019-01-23","purchased_purges":2,"victory":false,"max_hp_per_floor":[72,72,72,72,72,72,72,72,72,72,72,72,72,72,72,72],"card_choices":[{"not_picked":["Anger","Clothesline","Wild Strike"],"picked":"SKIP","floor":1},{"not_picked":["Havoc","Warcry","True Grit"],"picked":"SKIP","floor":4},{"not_picked":["Metallicize","True Grit"],"picked":"Reaper","floor":11},{"not_picked":["Anger","Twin Strike"],"picked":"Dual Wield+1","floor":14}],"player_experience":213376,"relics_obtained":[{"floor":11,"key":"Meat on the Bone"},{"floor":12,"key":"Toxic Egg 2"}],"event_choices":[{"damage_healed":0,"gold_gain":0,"player_choice":"Damaged","damage_taken":7,"max_hp_gain":0,"max_hp_loss":0,"event_name":"Wheel of Change","floor":3,"gold_loss":0},{"cards_removed":["Defend_R"],"damage_healed":0,"gold_gain":0,"player_choice":"Purged","damage_taken":0,"max_hp_gain":0,"max_hp_loss":0,"event_name":"Purifier","floor":5,"gold_loss":0},{"damage_healed":0,"gold_gain":175,"player_choice":"AGREE","damage_taken":0,"max_hp_gain":0,"max_hp_loss":0,"event_name":"Liars Game","floor":10,"gold_loss":0,"cards_obtained":["Doubt"]}],"is_beta":false,"boss_relics":[],"items_purged_floors":[2,13],"is_endless":false,"potions_floor_spawned":[4,14],"killed_by":"The Guardian","ascension_level":2}