{"gold_per_floor":[116,30,105,105,123,157,157,170,170,170,186,219,237,254,254,254],"floor_reached":16,"playtime":507,"items_purged":[],"score":199,"play_id":"883ec3f3-fa7d-46f3-af77-a95a377b87f7","local_time":"20181111195509","is_ascension_mode":true,"campfire_choices":[{"data":"Dualcast","floor":7,"key":"SMITH"},{"data":"Madness","floor":10,"key":"SMITH"},{"data":"Double Energy","floor":15,"key":"SMITH"}],"neow_cost":"NONE","seed_source_timestamp":611698894960406,"circlet_count":0,"master_deck":["Strike_B","Strike_B","Strike_B","Strike_B","Defend_B","Defend_B","Defend_B","Defend_B","Zap+1","Dualcast+1","Scrape","Madness+1","Reprogram","Beam Cell","Scrape","Gash","Double Energy+1"],"relics":["Cracked Core","NeowsBlessing","Ornamental Fan","Blue Candle","Bag of Preparation"],"potions_floor_usage":[11,12,12,16,16],"damage_taken":[{"damage":0,"enemies":"2 Louse","floor":1,"turns":1},{"damage":0,"enemies":"Jaw Worm","floor":5,"turns":1},{"damage":0,"enemies":"3 Sentries","floor":6,"turns":1},{"damage":0,"enemies":"Small Slimes","floor":8,"turns":3},{"damage":0,"enemies":"Looter","floor":11,"turns":2},{"damage":16,"enemies":"Gremlin Nob","floor":12,"turns":3},{"damage":4,"enemies":"Red Slaver","floor":13,"turns":4},{"damage":0,"enemies":"Exordium Wildlife","floor":14,"turns":3},{"damage":41,"enemies":"The Guardian","floor":16,"turns":9}],"seed_played":"1620285996195017333","potions_obtained":[{"floor":1,"key":"AttackPotion"},{"floor":8,"key":"PowerPotion"},{"floor":11,"key":"PowerPotion"},{"floor":12,"key":"Block Potion"},{"floor":13,"key":"Dexterity Potion"},{"floor":14,"key":"AttackPotion"}],"is_trial":false,"path_per_floor":["M","$","?","?","M","E","R","M","T","R","M","E","M","M","R","B"],"character_chosen":"DEFECT","items_purchased":["Madness"],"campfire_rested":0,"item_purchase_floors":[2],"current_hp_per_floor":[68,68,57,57,57,57,57,57,57,57,57,41,37,37,37,0],"gold":254,"neow_bonus":"THREE_ENEMY_KILL","is_prod":false,"is_daily":false,"chose_seed":false,"campfire_upgraded":3,"win_rate":0,"timestamp":1541984109,"path_taken":["M","$","?","?","M","E","R","M","T","R","M","E","M","M","R","BOSS"],"build_version":"2018-11-08","purchased_purges":0,"victory":false,"max_hp_per_floor":[75,75,75,75,75,75,75,75,75,75,75,75,75,75,75,75],"card_choices":[{"not_picked":["Heatsinks","Undo"],"picked":"Scrape","floor":1},{"not_picked":["Undo","Consume","Barrage"],"picked":"SKIP","floor":5},{"not_picked":["Lockon","Stack"],"picked":"Reprogram","floor":6},{"not_picked":["Leap","Genetic Algorithm"],"picked":"Beam Cell","floor":8},{"not_picked":["Turbo","Barrage"],"picked":"Scrape","floor":11},{"not_picked":["Force Field","Glacier"],"picked":"Gash","floor":12},{"not_picked":["Cold Snap","Static Discharge","Hologram"],"picked":"SKIP","floor":13},{"not_picked":["Stack","Leap"],"picked":"Double Energy","floor":14}],"player_experience":359632,"relics_obtained":[{"floor":6,"key":"Ornamental Fan"},{"floor":9,"key":"Blue Candle"},{"floor":12,"key":"Bag of Preparation"}],"event_choices":[{"damage_healed":0,"gold_gain":75,"player_choice":"Gather Gold","damage_taken":11,"max_hp_gain":0,"max_hp_loss":0,"event_name":"World of Goop","floor":3,"gold_loss":0},{"damage_healed":0,"gold_gain":0,"player_choice":"Grow","damage_taken":0,"max_hp_gain":0,"max_hp_loss":0,"event_name":"Living Wall","floor":4,"gold_loss":0,"cards_upgraded":["Zap"]}],"is_beta":true,"boss_relics":[],"items_purged_floors":[],"is_endless":false,"potions_floor_spawned":[1,8,11,12,13,14],"killed_by":"The Guardian","ascension_level":9}