{"gold_per_floor":[118,135,147,7,17,43,43,61,84,100,126,126,145,145,145,145],"floor_reached":16,"playtime":867,"items_purged":[],"score":120,"play_id":"504f9afc-c039-46d9-9551-b1578d3e2af5","local_time":"20181209222949","is_ascension_mode":true,"campfire_choices":[{"floor":7,"key":"REST"},{"floor":15,"key":"REST"}],"neow_cost":"NONE","seed_source_timestamp":6725569658299,"circlet_count":0,"master_deck":["Defend_G","Defend_G","Defend_G","Defend_G","Defend_G","Strike_G","Strike_G","Strike_G","Strike_G","Survivor","Neutralize","Footwork","PiercingWail","Deflect","Unload","Footwork","Reflex+1","Acrobatics","Underhanded Strike","Slice"],"relics":["Ring of the Snake","Pantograph","Blood Vial","Bag of Preparation"],"potions_floor_usage":[1,8,16,16],"damage_taken":[{"damage":3,"enemies":"Cultist","floor":1,"turns":4},{"damage":0,"enemies":"Small Slimes","floor":2,"turns":4},{"damage":0,"enemies":"Jaw Worm","floor":3,"turns":8},{"damage":0,"enemies":"Red Slaver","floor":5,"turns":4},{"damage":46,"enemies":"Gremlin Nob","floor":6,"turns":7},{"damage":4,"enemies":"Exordium Wildlife","floor":8,"turns":5},{"damage":1,"enemies":"2 Fungi Beasts","floor":10,"turns":4},{"damage":0,"enemies":"Red Slaver","floor":13,"turns":5},{"damage":91,"enemies":"Slime Boss","floor":16,"turns":14}],"seed_played":"4483629068040343244","potions_obtained":[{"floor":0,"key":"Fruit Juice"},{"floor":0,"key":"Weak Potion"},{"floor":0,"key":"Regen Potion"},{"floor":1,"key":"GamblersBrew"},{"floor":3,"key":"Swift Potion"}],"is_trial":false,"path_per_floor":["M","M","M","$","M","E","R","M","T","M","T","?","M","?","R","B"],"character_chosen":"THE_SILENT","items_purchased":["Unload"],"campfire_rested":2,"item_purchase_floors":[4],"current_hp_per_floor":[72,72,72,72,72,26,48,44,44,45,45,45,47,47,69,0],"gold":145,"neow_bonus":"THREE_SMALL_POTIONS","is_prod":false,"is_daily":false,"chose_seed":false,"campfire_upgraded":0,"win_rate":0,"timestamp":1544423389,"path_taken":["M","M","M","$","M","E","R","?","T","M","?","?","?","?","R","BOSS"],"build_version":"2018-12-06","purchased_purges":0,"victory":false,"max_hp_per_floor":[75,75,75,75,75,75,75,75,75,75,75,75,75,75,75,75],"card_choices":[{"not_picked":["Heel Hook","Flying Knee"],"picked":"Footwork","floor":1},{"not_picked":["Heel Hook","Deflect"],"picked":"PiercingWail","floor":2},{"not_picked":["Eviscerate","Flying Knee"],"picked":"Deflect","floor":3},{"not_picked":["Eviscerate","Deflect"],"picked":"Footwork","floor":5},{"not_picked":["Infinite Blades","Underhanded Strike"],"picked":"Reflex","floor":6},{"not_picked":["All Out Attack","Backflip"],"picked":"Acrobatics","floor":8},{"not_picked":["Blade Dance","Distraction"],"picked":"Underhanded Strike","floor":10},{"not_picked":["Dodge and Roll","Dagger Spray"],"picked":"Slice","floor":13}],"player_experience":539519,"relics_obtained":[{"floor":6,"key":"Pantograph"},{"floor":9,"key":"Blood Vial"},{"floor":11,"key":"Bag of Preparation"}],"event_choices":[{"cards_removed":["Strike_G"],"damage_healed":0,"gold_gain":0,"player_choice":"Offered Basic","damage_taken":0,"max_hp_gain":0,"max_hp_loss":0,"event_name":"Bonfire Elementals","floor":12,"gold_loss":0},{"damage_healed":0,"gold_gain":0,"player_choice":"Upgraded","damage_taken":0,"max_hp_gain":0,"max_hp_loss":0,"event_name":"Upgrade Shrine","floor":14,"gold_loss":0,"cards_upgraded":["Reflex"]}],"is_beta":false,"boss_relics":[],"items_purged_floors":[],"is_endless":false,"potions_floor_spawned":[1,2,3],"killed_by":"Slime Boss","ascension_level":3}