{"gold_per_floor":[113,113,132,45,55,55,87,87,114,145,145,145,8,18,18,120,120,131,131,146,160,179,213,213,263,263,263,178,191,28,53,53,53],"floor_reached":33,"playtime":2070,"items_purged":[],"score":333,"play_id":"0c9d4ede-4b8d-4b0e-bad2-e9d4c571efe5","local_time":"20190124201914","is_ascension_mode":true,"campfire_choices":[{"floor":6,"key":"RECALL"},{"data":"Whirlwind","floor":8,"key":"SMITH"},{"floor":15,"key":"REST"},{"data":"Flame Barrier","floor":24,"key":"SMITH"},{"data":"Armaments","floor":32,"key":"SMITH"}],"neow_cost":"NONE","seed_source_timestamp":441906100974315,"circlet_count":0,"master_deck":["Defend_R","Defend_R","Defend_R","Bash","Spot Weakness","Whirlwind+1","Wild Strike","Seeing Red","Ghostly Armor","Iron Wave","Dual Wield","Spot Weakness","Finesse","Dual Wield","Disarm","Bite","Bite","Bite","Bite","Bite","Armaments+1","Flame Barrier+1","Iron Wave","Iron Wave","Ghostly Armor+1","Brutality","Warcry","Armaments+1"],"relics":["Mark of Pain","Orichalcum","Juzu Bracelet","Paper Frog","Lizard Tail","Ornamental Fan","Molten Egg 2","Enchiridion","Lantern","Potion Belt"],"potions_floor_usage":[10,14,18,23,29,33],"damage_taken":[{"damage":0,"enemies":"Small Slimes","floor":1,"turns":4},{"damage":0,"enemies":"2 Louse","floor":3,"turns":3},{"damage":11,"enemies":"Jaw Worm","floor":5,"turns":2},{"damage":22,"enemies":"Lagavulin","floor":7,"turns":6},{"damage":4,"enemies":"3 Sentries","floor":10,"turns":6},{"damage":2,"enemies":"3 Louse","floor":14,"turns":3},{"damage":21,"enemies":"Hexaghost","floor":16,"turns":9},{"damage":5,"enemies":"Chosen","floor":18,"turns":4},{"damage":13,"enemies":"Spheric Guardian","floor":20,"turns":5},{"damage":7,"enemies":"Cultist and Chosen","floor":21,"turns":5},{"damage":11,"enemies":"3 Cultists","floor":22,"turns":5},{"damage":39,"enemies":"Slavers","floor":23,"turns":6},{"damage":11,"enemies":"Snecko","floor":29,"turns":4},{"damage":16,"enemies":"Book of Stabbing","floor":31,"turns":5},{"damage":54,"enemies":"Automaton","floor":33,"turns":6}],"seed_played":"-8760448267686390730","potions_obtained":[{"floor":1,"key":"SteroidPotion"},{"floor":3,"key":"AttackPotion"},{"floor":10,"key":"Weak Potion"},{"floor":16,"key":"GamblersBrew"},{"floor":20,"key":"Ancient Potion"},{"floor":21,"key":"Block Potion"}],"is_trial":false,"path_per_floor":["M","?","M","$","M","R","E","R","T","E","?","?","$","M","R","B",null,"M","?","M","M","M","E","R","?","T","?","?","M","$","E","R","B"],"character_chosen":"IRONCLAD","items_purchased":["Wild Strike","Seeing Red","Spot Weakness","Finesse","Brutality","Warcry"],"campfire_rested":1,"item_purchase_floors":[4,4,13,13,30,30],"current_hp_per_floor":[80,73,73,73,62,62,40,40,40,36,3,3,3,1,25,4,80,75,56,45,49,46,17,17,17,17,1,1,31,31,26,26,0],"gold":53,"neow_bonus":"BOSS_RELIC","is_prod":false,"is_daily":false,"chose_seed":false,"campfire_upgraded":3,"win_rate":0,"timestamp":1548379154,"path_taken":["M","?","M","$","M","R","E","R","T","E","?","?","$","M","R","BOSS","M","?","M","M","M","E","R","?","T","?","?","M","$","E","R","BOSS"],"build_version":"2019-01-23","purchased_purges":0,"victory":false,"max_hp_per_floor":[80,80,80,80,80,80,80,80,80,80,80,80,80,80,80,80,80,80,56,56,56,56,56,56,56,56,56,56,56,56,56,56,56],"card_choices":[{"not_picked":["Carnage","Warcry"],"picked":"Spot Weakness","floor":1},{"not_picked":["Sentinel","Fire Breathing"],"picked":"Whirlwind","floor":3},{"not_picked":["Twin Strike","Sword Boomerang"],"picked":"Ghostly Armor","floor":5},{"not_picked":["Headbutt","True Grit"],"picked":"Iron Wave","floor":7},{"not_picked":["Seeing Red","Clash"],"picked":"Dual Wield","floor":10},{"not_picked":["Clash","Feel No Pain"],"picked":"Dual Wield","floor":14},{"not_picked":["Heavy Blade","Sword Boomerang"],"picked":"Disarm","floor":18},{"not_picked":["Perfected Strike+1","Pummel"],"picked":"Armaments+1","floor":20},{"not_picked":["Havoc","Armaments"],"picked":"Flame Barrier","floor":21},{"not_picked":["Combust","Feel No Pain"],"picked":"Iron Wave","floor":22},{"not_picked":["Berserk","Clash"],"picked":"Iron Wave","floor":23},{"not_picked":["Headbutt+1","Wild Strike+1"],"picked":"Ghostly Armor+1","floor":29},{"not_picked":["Clothesline+1","Havoc"],"picked":"Armaments","floor":31}],"player_experience":73991,"relics_obtained":[{"floor":7,"key":"Orichalcum"},{"floor":10,"key":"Juzu Bracelet"},{"floor":23,"key":"Ornamental Fan"},{"floor":26,"key":"Molten Egg 2"},{"floor":27,"key":"Enchiridion"},{"floor":31,"key":"Potion Belt"}],"event_choices":[{"cards_removed":["Defend_R"],"damage_healed":0,"gold_gain":0,"player_choice":"Card Removal","damage_taken":7,"max_hp_gain":0,"max_hp_loss":0,"event_name":"Golden Wing","floor":2,"gold_loss":0},{"damage_healed":0,"gold_gain":0,"player_choice":"Fled","damage_taken":33,"max_hp_gain":0,"max_hp_loss":0,"event_name":"Scrap Ooze","floor":11,"gold_loss":0},{"damage_healed":0,"gold_gain":0,"player_choice":"Searched \u00271\u0027 times","damage_taken":0,"relics_obtained":["Paper Frog"],"max_hp_gain":0,"max_hp_loss":0,"event_name":"Dead Adventurer","floor":12,"gold_loss":0},{"damage_healed":0,"gold_gain":0,"player_choice":"Became a vampire","damage_taken":0,"max_hp_gain":0,"max_hp_loss":24,"event_name":"Vampires","floor":19,"gold_loss":0,"cards_obtained":["Bite","Bite","Bite","Bite","Bite"]},{"damage_healed":0,"gold_gain":100,"player_choice":"Bet on Murderer","damage_taken":0,"max_hp_gain":0,"max_hp_loss":0,"event_name":"The Joust","floor":25,"gold_loss":50},{"damage_healed":0,"gold_gain":0,"player_choice":"Obtained Book","damage_taken":16,"max_hp_gain":0,"max_hp_loss":0,"event_name":"Cursed Tome","floor":27,"gold_loss":0},{"damage_healed":0,"gold_gain":0,"player_choice":"Obtained Relic","damage_taken":0,"relics_obtained":["Lantern"],"max_hp_gain":0,"max_hp_loss":0,"event_name":"Addict","floor":28,"gold_loss":85}],"is_beta":false,"boss_relics":[{"not_picked":["Runic Dome","Astrolabe"],"picked":"Lizard Tail"}],"items_purged_floors":[],"is_endless":false,"potions_floor_spawned":[1,3,10,16,20,21],"killed_by":"Automaton","ascension_level":1}