{"gold_per_floor":[117,128,128,147,163,163,180,180,205,221,221,240,240,270,270,374,374,356,369,369,387,184,184,194,194,194,214,227,243,343,356,356,356],"floor_reached":33,"playtime":1276,"items_purged":["Strike_G"],"score":332,"play_id":"40239283-cb67-4c3c-ad82-91e64b2a8e5d","local_time":"20190331195010","is_ascension_mode":true,"campfire_choices":[{"data":"Dash","floor":6,"key":"SMITH"},{"data":"Neutralize","floor":8,"key":"SMITH"},{"data":"Survivor","floor":13,"key":"SMITH"},{"data":"Cloak And Dagger","floor":15,"key":"SMITH"},{"data":"Accuracy","floor":23,"key":"SMITH"},{"data":"A Thousand Cuts","floor":25,"key":"SMITH"},{"floor":32,"key":"REST"}],"neow_cost":"NONE","seed_source_timestamp":186349676929023,"circlet_count":0,"master_deck":["Defend_G","Defend_G","Defend_G","Defend_G","Defend_G","Strike_G+1","Strike_G+1","Survivor+1","Neutralize+1","Cloak And Dagger+1","PiercingWail","Dash+1","A Thousand Cuts+1","Dodge and Roll+1","Accuracy+1","Blade Dance","Phantasmal Killer","Night Terror"],"relics":["Ring of the Snake","Whetstone","Lantern","Bronze Scales","Empty Cage","Matryoshka"],"potions_floor_usage":[11,24,24,29,31,33],"damage_taken":[{"damage":0,"enemies":"Jaw Worm","floor":1,"turns":3},{"damage":0,"enemies":"Cultist","floor":2,"turns":4},{"damage":0,"enemies":"Small Slimes","floor":4,"turns":4},{"damage":3,"enemies":"Blue Slaver","floor":5,"turns":3},{"damage":1,"enemies":"Red Slaver","floor":7,"turns":3},{"damage":0,"enemies":"Looter","floor":10,"turns":3},{"damage":0,"enemies":"Blue Slaver","floor":12,"turns":2},{"damage":14,"enemies":"Lagavulin","floor":14,"turns":7},{"damage":28,"enemies":"Hexaghost","floor":16,"turns":12},{"damage":10,"enemies":"2 Thieves","floor":18,"turns":4},{"damage":0,"enemies":"Shell Parasite","floor":19,"turns":6},{"damage":12,"enemies":"Snake Plant","floor":21,"turns":5},{"damage":9,"enemies":"Cultist and Chosen","floor":24,"turns":8},{"damage":9,"enemies":"Shelled Parasite and Fungi","floor":27,"turns":6},{"damage":12,"enemies":"Snake Plant","floor":28,"turns":5},{"damage":1,"enemies":"Snecko","floor":29,"turns":5},{"damage":8,"enemies":"Sentry and Sphere","floor":31,"turns":5},{"damage":30,"enemies":"Automaton","floor":33,"turns":4}],"seed_played":"-2839938216979853385","potions_obtained":[{"floor":4,"key":"LiquidBronze"},{"floor":7,"key":"Swift Potion"},{"floor":10,"key":"Dexterity Potion"},{"floor":11,"key":"Fruit Juice"},{"floor":11,"key":"Ancient Potion"},{"floor":18,"key":"Block Potion"},{"floor":24,"key":"Swift Potion"},{"floor":27,"key":"GamblersBrew"}],"is_trial":false,"path_per_floor":["M","M","$","M","M","R","M","R","T","M","?","M","R","E","R","B",null,"M","M","?","M","$","R","M","R","T","M","M","M","?","M","R","B"],"character_chosen":"THE_SILENT","items_purchased":["Accuracy","Blade Dance"],"campfire_rested":1,"item_purchase_floors":[22,22],"current_hp_per_floor":[63,63,63,63,60,60,59,59,59,59,64,64,64,50,50,22,62,52,52,52,40,40,40,31,31,31,22,10,9,9,1,23,0],"gold":356,"neow_bonus":"RANDOM_COMMON_RELIC","is_prod":false,"is_daily":false,"chose_seed":false,"campfire_upgraded":6,"win_rate":0,"timestamp":1554033010,"path_taken":["M","M","$","M","M","R","M","R","T","M","?","M","R","E","R","BOSS","M","M","?","M","$","R","M","R","T","M","M","M","?","?","R","BOSS"],"build_version":"2019-01-23","purchased_purges":1,"victory":false,"max_hp_per_floor":[70,70,70,70,70,70,70,70,70,70,75,75,75,75,75,75,75,75,75,75,75,75,75,75,75,75,75,75,75,75,75,75,75],"card_choices":[{"not_picked":["Accuracy","Deadly Poison"],"picked":"Cloak And Dagger","floor":1},{"not_picked":["Blade Dance","Bane"],"picked":"PiercingWail","floor":2},{"not_picked":["Prepared","Slice"],"picked":"Dash","floor":4},{"not_picked":["Sucker Punch","PiercingWail","All Out Attack"],"picked":"SKIP","floor":5},{"not_picked":["PiercingWail","Catalyst","Flechettes"],"picked":"SKIP","floor":7},{"not_picked":["PiercingWail","Skewer","Backflip"],"picked":"SKIP","floor":10},{"not_picked":["Leg Sweep","Poisoned Stab","Outmaneuver"],"picked":"SKIP","floor":12},{"not_picked":["Leg Sweep","Quick Slash","Reflex"],"picked":"SKIP","floor":14},{"not_picked":["Glass Knife","Doppelganger"],"picked":"A Thousand Cuts","floor":16},{"not_picked":["Underhanded Strike+1","PiercingWail+1"],"picked":"Dodge and Roll+1","floor":18},{"not_picked":["Riddle With Holes","Outmaneuver","Reflex"],"picked":"SKIP","floor":19},{"not_picked":["Dodge and Roll","Quick Slash","Underhanded Strike"],"picked":"SKIP","floor":21},{"not_picked":["Endless Agony+1","Dodge and Roll","Poisoned Stab"],"picked":"SKIP","floor":24},{"not_picked":["Blade Dance","Deflect"],"picked":"Phantasmal Killer","floor":27},{"not_picked":["Dagger Throw+1","Sucker Punch","Masterful Stab"],"picked":"SKIP","floor":28},{"not_picked":["Leg Sweep","Bane","Underhanded Strike"],"picked":"SKIP","floor":29},{"not_picked":["Blade Dance","Poisoned Stab"],"picked":"Night Terror","floor":31}],"player_experience":713640,"relics_obtained":[{"floor":9,"key":"Lantern"},{"floor":14,"key":"Bronze Scales"},{"floor":26,"key":"Matryoshka"}],"event_choices":[{"damage_healed":0,"gold_gain":0,"player_choice":"Got Potions","damage_taken":0,"max_hp_gain":0,"max_hp_loss":0,"event_name":"Lab","floor":11,"gold_loss":0},{"damage_healed":0,"gold_gain":0,"player_choice":"Ignored","damage_taken":0,"max_hp_gain":0,"max_hp_loss":0,"event_name":"Ghosts","floor":20,"gold_loss":0},{"damage_healed":0,"gold_gain":100,"player_choice":"Pray","damage_taken":0,"max_hp_gain":0,"max_hp_loss":0,"event_name":"Golden Shrine","floor":30,"gold_loss":0}],"is_beta":false,"boss_relics":[{"not_picked":["Calling Bell","Coffee Dripper"],"picked":"Empty Cage"}],"items_purged_floors":[22],"is_endless":false,"potions_floor_spawned":[4,7,10,12,18,24,27,28],"killed_by":"Automaton","ascension_level":6}