{"gold_per_floor":[117,42,58,72,22,54,54,54,77,77,93,93,93,106,106,209,209,222,241,85,95,108,108,120,120,120,80,100,100,118,130,130,130],"floor_reached":33,"playtime":1631,"items_purged":["Strike_G"],"score":289,"play_id":"52d31783-784c-46c2-9985-3f855a1266ac","local_time":"20181208215355","is_ascension_mode":true,"campfire_choices":[{"floor":7,"key":"REST"},{"floor":10,"key":"REST"},{"floor":15,"key":"REST"},{"floor":23,"key":"REST"},{"floor":25,"key":"REST"},{"floor":29,"key":"REST"},{"floor":32,"key":"REST"}],"neow_cost":"NONE","seed_source_timestamp":4121966576373,"circlet_count":0,"master_deck":["Defend_G","Defend_G","Defend_G","Strike_G","Strike_G","Survivor","Neutralize","Slice","Dagger Throw","Noxious Fumes+1","Leg Sweep","Deadly Poison","Bane","Tools of the Trade","Calculated Gamble+1","Deflect+1","Grand Finale","Prepared+1"],"relics":["Ring of the Snake","Blood Vial","CultistMask","Vajra","Busted Crown","Bag of Preparation","Dream Catcher"],"potions_floor_usage":[6,22,24],"damage_taken":[{"damage":1,"enemies":"Small Slimes","floor":1,"turns":5},{"damage":2,"enemies":"Cultist","floor":3,"turns":4},{"damage":3,"enemies":"Jaw Worm","floor":4,"turns":5},{"damage":60,"enemies":"Gremlin Nob","floor":6,"turns":7},{"damage":5,"enemies":"Large Slime","floor":11,"turns":7},{"damage":0,"enemies":"Exordium Thugs","floor":14,"turns":4},{"damage":25,"enemies":"Slime Boss","floor":16,"turns":9},{"damage":9,"enemies":"2 Thieves","floor":18,"turns":4},{"damage":2,"enemies":"Shell Parasite","floor":19,"turns":5},{"damage":30,"enemies":"Centurion and Healer","floor":21,"turns":7},{"damage":14,"enemies":"Cultist and Chosen","floor":22,"turns":6},{"damage":29,"enemies":"3 Cultists","floor":24,"turns":7},{"damage":17,"enemies":"Chosen and Byrds","floor":28,"turns":7},{"damage":16,"enemies":"Snecko","floor":30,"turns":5},{"damage":15,"enemies":"3 Cultists","floor":31,"turns":5},{"damage":56,"enemies":"Champ","floor":33,"turns":9}],"seed_played":"5767654535548660619","potions_obtained":[{"floor":1,"key":"EssenceOfSteel"},{"floor":11,"key":"SpeedPotion"},{"floor":21,"key":"AttackPotion"},{"floor":24,"key":"SpeedPotion"},{"floor":30,"key":"SteroidPotion"}],"is_trial":false,"path_per_floor":["M","$","M","M","?","E","R","?","T","R","M","?","?","M","R","B",null,"M","M","$","M","M","R","M","R","T","?","M","R","M","M","R","B"],"character_chosen":"THE_SILENT","items_purchased":["Bag of Preparation"],"campfire_rested":7,"item_purchase_floors":[20],"current_hp_per_floor":[69,69,67,64,64,4,25,25,25,46,43,36,36,38,59,36,70,61,61,61,33,21,42,15,36,36,36,21,42,28,15,36,0],"gold":130,"neow_bonus":"REMOVE_CARD","is_prod":false,"is_daily":false,"chose_seed":false,"campfire_upgraded":0,"win_rate":0,"timestamp":1544334835,"path_taken":["M","$","M","M","?","E","R","?","T","R","?","?","?","M","R","BOSS","M","M","$","M","M","R","M","R","T","?","M","R","M","?","R","BOSS"],"build_version":"2018-12-06","purchased_purges":1,"victory":false,"max_hp_per_floor":[70,70,70,70,70,70,70,70,70,70,70,70,70,70,70,70,70,70,70,70,70,70,70,70,70,70,70,70,70,70,70,70,70],"card_choices":[{"not_picked":["Accuracy","Choke"],"picked":"Slice","floor":1},{"not_picked":["Cloak And Dagger","Deadly Poison"],"picked":"Dagger Throw","floor":3},{"not_picked":["Blade Dance","Caltrops"],"picked":"Noxious Fumes","floor":4},{"not_picked":["Night Terror","Acrobatics"],"picked":"Leg Sweep","floor":6},{"not_picked":["PiercingWail","Dagger Throw"],"picked":"Deadly Poison","floor":11},{"not_picked":["Well Laid Plans","Prepared"],"picked":"Bane","floor":14},{"not_picked":["After Image","Phantasmal Killer"],"picked":"Tools of the Trade","floor":16},{"not_picked":["Flying Knee"],"picked":"SKIP","floor":18},{"not_picked":["Cloak And Dagger"],"picked":"SKIP","floor":19},{"not_picked":[],"picked":"Calculated Gamble+1","floor":21},{"not_picked":[],"picked":"Deflect+1","floor":22},{"not_picked":["Quick Slash"],"picked":"SKIP","floor":24},{"not_picked":["Dagger Throw"],"picked":"SKIP","floor":28},{"not_picked":[],"picked":"Grand Finale","floor":29},{"not_picked":["Deadly Poison"],"picked":"SKIP","floor":30},{"not_picked":[],"picked":"Prepared+1","floor":31}],"player_experience":533978,"relics_obtained":[{"floor":6,"key":"Blood Vial"},{"floor":9,"key":"Vajra"},{"floor":26,"key":"Dream Catcher"}],"event_choices":[{"cards_removed":["Strike_G"],"damage_healed":0,"gold_gain":0,"player_choice":"Card Removal","damage_taken":0,"max_hp_gain":0,"max_hp_loss":0,"event_name":"The Cleric","floor":5,"gold_loss":50},{"damage_healed":0,"gold_gain":0,"player_choice":"Trade","damage_taken":0,"relics_obtained":["CultistMask"],"max_hp_gain":0,"max_hp_loss":0,"event_name":"FaceTrader","floor":8,"gold_loss":0},{"cards_removed":["Defend_G"],"damage_healed":0,"gold_gain":0,"player_choice":"Card Removal","damage_taken":7,"max_hp_gain":0,"max_hp_loss":0,"event_name":"Golden Wing","floor":12,"gold_loss":0},{"cards_removed":["Defend_G"],"damage_healed":0,"gold_gain":0,"player_choice":"Offered Basic","damage_taken":0,"max_hp_gain":0,"max_hp_loss":0,"event_name":"Bonfire Elementals","floor":13,"gold_loss":0},{"damage_healed":0,"gold_gain":0,"player_choice":"Upgrade","damage_taken":0,"max_hp_gain":0,"max_hp_loss":0,"event_name":"Designer","floor":27,"gold_loss":40,"cards_upgraded":["Noxious Fumes"]}],"is_beta":false,"boss_relics":[{"not_picked":["Cursed Key","Ectoplasm"],"picked":"Busted Crown"}],"items_purged_floors":[2],"is_endless":false,"potions_floor_spawned":[1,11,21,24,30],"killed_by":"Champ","ascension_level":3}