{"gold_per_floor":[112,112,34,86,103,103,103,135,172,184,196,226,238,270,282,397,409,441,144,158,58,158,158,158,158,158,185,199,199],"floor_reached":29,"playtime":1132,"items_purged":["Strike_G","Strike_G"],"score":275,"play_id":"2a36a4b4-9344-4122-9326-6b6d9acbff00","local_time":"20181214013606","is_ascension_mode":true,"campfire_choices":[{"data":"Infinite Blades","floor":7,"key":"SMITH"},{"data":"Cloak And Dagger","floor":13,"key":"SMITH"},{"data":"Neutralize","floor":15,"key":"SMITH"},{"data":"A Thousand Cuts","floor":23,"key":"SMITH"},{"floor":25,"key":"REST"}],"neow_cost":"NONE","seed_source_timestamp":34171783183228,"circlet_count":0,"master_deck":["Defend_G","Defend_G","Defend_G","Defend_G","Defend_G","Strike_G","Strike_G","Survivor","Neutralize+1","Deadly Poison","Finisher","Infinite Blades+1","Acrobatics","Cloak And Dagger+1","A Thousand Cuts+1","Slice","Endless Agony","Prepared+1"],"relics":["Ring of the Serpent","Juzu Bracelet","PreservedInsect","MawBank","Bag of Marbles","Regal Pillow","Letter Opener","Vajra"],"potions_floor_usage":[16,20,27,27,29],"damage_taken":[{"damage":0,"enemies":"2 Louse","floor":1,"turns":5},{"damage":1,"enemies":"Cultist","floor":5,"turns":3},{"damage":35,"enemies":"3 Sentries","floor":8,"turns":7},{"damage":1,"enemies":"Small Slimes","floor":12,"turns":3},{"damage":1,"enemies":"3 Louse","floor":14,"turns":3},{"damage":39,"enemies":"Slime Boss","floor":16,"turns":12},{"damage":12,"enemies":"3 Byrds","floor":18,"turns":4},{"damage":10,"enemies":"Chosen","floor":20,"turns":5},{"damage":47,"enemies":"Book of Stabbing","floor":27,"turns":6},{"damage":18,"enemies":"Snecko","floor":28,"turns":5},{"damage":6,"enemies":"Chosen and Byrds","floor":29,"turns":3}],"seed_played":"-6654420376311210204","potions_obtained":[{"floor":5,"key":"Ancient Potion"},{"floor":12,"key":"Swift Potion"},{"floor":14,"key":"FairyPotion"},{"floor":16,"key":"Weak Potion"},{"floor":18,"key":"Energy Potion"},{"floor":20,"key":"LiquidBronze"},{"floor":28,"key":"SteroidPotion"}],"is_trial":false,"path_per_floor":["M","?","$","T","M","?","R","E","T","?","?","M","R","M","R","B",null,"M","$","M","$","?","R","?","R","T","E","M","M"],"character_chosen":"THE_SILENT","items_purchased":["Infinite Blades","Endless Agony","Regal Pillow"],"campfire_rested":1,"item_purchase_floors":[3,19,19],"current_hp_per_floor":[70,70,70,70,69,69,69,34,34,57,57,56,56,55,55,16,70,58,58,48,48,48,48,48,70,70,23,5,0],"gold":199,"neow_bonus":"RANDOM_COMMON_RELIC","is_prod":false,"is_daily":false,"chose_seed":false,"campfire_upgraded":4,"win_rate":0,"timestamp":1544780166,"path_taken":["M","?","$","?","M","?","R","E","T","?","?","M","R","M","R","BOSS","M","$","M","$","?","R","?","R","T","E","M","M"],"build_version":"2018-12-13","purchased_purges":2,"victory":false,"max_hp_per_floor":[70,70,70,70,70,70,70,70,70,70,70,70,70,70,70,70,70,70,70,70,70,70,70,70,70,70,70,70,70],"card_choices":[{"not_picked":["PiercingWail","Predator"],"picked":"Deadly Poison","floor":1},{"not_picked":["Dagger Throw","Outmaneuver"],"picked":"Acrobatics","floor":5},{"not_picked":["Flying Knee","All Out Attack","Concentrate"],"picked":"SKIP","floor":8},{"not_picked":["Blade Dance","Deadly Poison"],"picked":"Cloak And Dagger","floor":12},{"not_picked":["Backflip","Bane","Phantasmal Killer"],"picked":"SKIP","floor":14},{"not_picked":["Night Terror","Storm of Steel"],"picked":"A Thousand Cuts","floor":16},{"not_picked":["PiercingWail","Sucker Punch"],"picked":"Slice","floor":18},{"not_picked":["Distraction","Dodge and Roll","Well Laid Plans"],"picked":"SKIP","floor":20},{"not_picked":["Terror+1","Bane"],"picked":"Prepared+1","floor":27},{"not_picked":["Dodge and Roll","Infinite Blades","Backflip"],"picked":"SKIP","floor":28}],"player_experience":547917,"relics_obtained":[{"floor":4,"key":"PreservedInsect"},{"floor":8,"key":"MawBank"},{"floor":9,"key":"Bag of Marbles"},{"floor":26,"key":"Letter Opener"},{"floor":27,"key":"Vajra"}],"event_choices":[{"damage_healed":0,"gold_gain":0,"cards_transformed":["Strike_G"],"player_choice":"Transformed","damage_taken":0,"max_hp_gain":0,"max_hp_loss":0,"event_name":"Transmorgrifier","floor":2,"gold_loss":0,"cards_obtained":["Finisher"]},{"damage_healed":0,"gold_gain":0,"player_choice":"Ignored","damage_taken":0,"max_hp_gain":0,"max_hp_loss":0,"event_name":"Liars Game","floor":6,"gold_loss":0},{"damage_healed":23,"gold_gain":0,"player_choice":"Banana","damage_taken":0,"max_hp_gain":0,"max_hp_loss":0,"event_name":"Big Fish","floor":10,"gold_loss":0},{"damage_healed":0,"gold_gain":0,"player_choice":"Fled","damage_taken":0,"max_hp_gain":0,"max_hp_loss":0,"event_name":"Scrap Ooze","floor":11,"gold_loss":0},{"damage_healed":0,"gold_gain":100,"player_choice":"Pray","damage_taken":0,"max_hp_gain":0,"max_hp_loss":0,"event_name":"Golden Shrine","floor":22,"gold_loss":0},{"damage_healed":0,"gold_gain":0,"player_choice":"Ignored","damage_taken":0,"max_hp_gain":0,"max_hp_loss":0,"event_name":"Ghosts","floor":24,"gold_loss":0}],"is_beta":false,"boss_relics":[{"not_picked":["Tiny House","Coffee Dripper"],"picked":"Ring of the Serpent"}],"items_purged_floors":[19,21],"is_endless":false,"potions_floor_spawned":[5,12,14,16,18,20,28],"killed_by":"Chosen and Byrds","ascension_level":3}