{"gold_per_floor":[11,30,50,62,79,111,36,47,47,47,72,72,92,123,123,225,225,243,206,223,234,149,180,180,214,214,214,241,340,340,375,375,470,470,486,506,426,438,438,438,473,473,527,540,540,557,310,18,18,18,18,18,18,48,48],"floor_reached":55,"playtime":6515,"items_purged":["Strike_G"],"score":775,"play_id":"bc55832e-67cb-4a1e-8904-699dc4920e85","local_time":"20190529202937","is_ascension_mode":false,"campfire_choices":[{"data":"Neutralize","floor":10,"key":"SMITH"},{"floor":12,"key":"REST"},{"floor":15,"key":"REST"},{"data":"Burst","floor":24,"key":"SMITH"},{"data":"Burst","floor":27,"key":"SMITH"},{"data":"Noxious Fumes","floor":30,"key":"SMITH"},{"floor":32,"key":"REST"},{"data":"Well Laid Plans","floor":40,"key":"SMITH"},{"data":"Noxious Fumes","floor":42,"key":"SMITH"},{"floor":49,"key":"RECALL"},{"data":"Cloak And Dagger","floor":52,"key":"SMITH"}],"neow_cost":"NO_GOLD","seed_source_timestamp":983976185518967,"circlet_count":0,"master_deck":["Defend_G","Defend_G","Defend_G","Defend_G","Defend_G","Strike_G","Strike_G","Strike_G","Survivor","Neutralize+1","Slice","Leg Sweep","PiercingWail","Backstab","Caltrops","Noxious Fumes+1","Burst+1","Deflect","Cloak And Dagger+1","Burst+1","Well Laid Plans+1","Dodge and Roll","Dodge and Roll","A Thousand Cuts+1","Shame","Parasite","Shame","Deadly Poison","Noxious Fumes+1","Catalyst+1","Parasite","Tools of the Trade"],"relics":["Ring of the Snake","Unceasing Top","Du-Vu Doll","Bottled Flame","Centennial Puzzle","Lantern","Busted Crown","Calipers","Bag of Preparation","Red Mask","Blue Candle","Potion Belt","Blood Vial","Calling Bell","Pen Nib","Mummified Hand","WingedGreaves","Boot","Kunai","Letter Opener","Orichalcum"],"potions_floor_usage":[6,6,14,16,18,25,28,33,46,55,55,55],"damage_taken":[{"damage":0,"enemies":"Cultist","floor":1,"turns":5},{"damage":0,"enemies":"Jaw Worm","floor":2,"turns":4},{"damage":0,"enemies":"2 Louse","floor":3,"turns":3},{"damage":5,"enemies":"Looter","floor":4,"turns":5},{"damage":13,"enemies":"Gremlin Gang","floor":5,"turns":5},{"damage":19,"enemies":"Lagavulin","floor":6,"turns":9},{"damage":0,"enemies":"3 Louse","floor":8,"turns":3},{"damage":32,"enemies":"Gremlin Nob","floor":11,"turns":6},{"damage":3,"enemies":"Exordium Wildlife","floor":13,"turns":6},{"damage":3,"enemies":"Lagavulin","floor":14,"turns":7},{"damage":24,"enemies":"Hexaghost","floor":16,"turns":12},{"damage":5,"enemies":"2 Thieves","floor":18,"turns":5},{"damage":5,"enemies":"Spheric Guardian","floor":20,"turns":7},{"damage":6,"enemies":"Snake Plant","floor":21,"turns":5},{"damage":7,"enemies":"Book of Stabbing","floor":23,"turns":8},{"damage":8,"enemies":"Masked Bandits","floor":25,"turns":6},{"damage":13,"enemies":"Slavers","floor":28,"turns":8},{"damage":0,"enemies":"Book of Stabbing","floor":31,"turns":8},{"damage":32,"enemies":"Automaton","floor":33,"turns":19},{"damage":1,"enemies":"3 Shapes","floor":35,"turns":3},{"damage":3,"enemies":"3 Darklings","floor":36,"turns":5},{"damage":2,"enemies":"Jaw Worm Horde","floor":38,"turns":6},{"damage":4,"enemies":"Giant Head","floor":41,"turns":6},{"damage":3,"enemies":"Writhing Mass","floor":44,"turns":5},{"damage":2,"enemies":"Transient","floor":46,"turns":5},{"damage":68,"enemies":"Time Eater","floor":50,"turns":10},{"damage":35,"enemies":"Shield and Spear","floor":54,"turns":6},{"damage":67,"enemies":"The Heart","floor":55,"turns":3}],"seed_played":"3603667457026538837","potions_obtained":[{"floor":2,"key":"FairyPotion"},{"floor":4,"key":"Strength Potion"},{"floor":5,"key":"Dexterity Potion"},{"floor":11,"key":"SteroidPotion"},{"floor":14,"key":"AttackPotion"},{"floor":16,"key":"LiquidBronze"},{"floor":23,"key":"Fire Potion"},{"floor":25,"key":"Swift Potion"},{"floor":28,"key":"Block Potion"},{"floor":38,"key":"Weak Potion"},{"floor":41,"key":"GamblersBrew"},{"floor":46,"key":"PowerPotion"}],"is_trial":false,"path_per_floor":["M","M","M","M","M","E","$","M","T","R","E","R","M","E","R","B",null,"M","$","M","M","?","E","R","?","T","R","E","?","R","E","R","B",null,"M","M","$","M","?","R","E","R","T","M","?","M","$","$","R","B",null,"R","$","E","B"],"character_chosen":"THE_SILENT","items_purchased":["Well Laid Plans","Deadly Poison","Noxious Fumes","Kunai","Letter Opener","PowerPotion"],"campfire_rested":3,"item_purchase_floors":[19,37,37,47,48,48],"current_hp_per_floor":[70,70,70,65,52,33,33,33,33,33,1,22,19,16,37,13,70,65,65,60,54,54,47,47,39,39,39,26,26,26,26,47,17,70,69,67,67,67,67,67,65,65,65,64,64,64,64,64,64,7,70,70,70,35,0],"gold":48,"neow_bonus":"ONE_RARE_RELIC","is_prod":false,"is_daily":false,"chose_seed":false,"campfire_upgraded":7,"win_rate":0,"timestamp":1559186977,"path_taken":["M","M","?","M","M","E","$","M","T","R","E","R","M","E","R","BOSS","M","$","M","M","?","E","R","?","T","R","E","?","R","E","R","BOSS","M","M","$","M","?","R","E","R","T","?","?","M","$","$","R","BOSS","R","$","E","BOSS"],"build_version":"2019-01-23","purchased_purges":1,"victory":false,"max_hp_per_floor":[70,70,70,70,70,70,70,70,70,70,70,70,70,70,70,70,70,70,70,70,70,70,70,70,70,70,70,70,70,70,70,70,70,70,70,70,70,70,70,70,70,70,70,70,70,70,70,70,70,70,70,70,70,70,70],"card_choices":[{"not_picked":["Dagger Throw","Underhanded Strike"],"picked":"Slice","floor":1},{"not_picked":["Eviscerate","Infinite Blades"],"picked":"Leg Sweep","floor":2},{"not_picked":["Sucker Punch","Underhanded Strike"],"picked":"PiercingWail","floor":3},{"not_picked":["Bane","Masterful Stab"],"picked":"Backstab","floor":4},{"not_picked":["Deadly Poison","Expertise"],"picked":"Caltrops","floor":5},{"not_picked":["PiercingWail","Reflex","Grand Finale"],"picked":"SKIP","floor":6},{"not_picked":["Dodge and Roll","Outmaneuver"],"picked":"Noxious Fumes","floor":8},{"not_picked":["Prepared","Sucker Punch"],"picked":"Burst","floor":11},{"not_picked":["Bane","Riddle With Holes"],"picked":"Deflect","floor":13},{"not_picked":["Dagger Spray","Eviscerate"],"picked":"Cloak And Dagger","floor":14},{"not_picked":["Bullet Time","Doppelganger"],"picked":"Burst","floor":16},{"not_picked":["PiercingWail"],"picked":"SKIP","floor":18},{"not_picked":[],"picked":"Dodge and Roll","floor":20},{"not_picked":["Deflect+1"],"picked":"SKIP","floor":21},{"not_picked":["Calculated Gamble"],"picked":"SKIP","floor":23},{"not_picked":["Bullet Time"],"picked":"SKIP","floor":28},{"not_picked":[],"picked":"Dodge and Roll","floor":31},{"not_picked":[],"picked":"A Thousand Cuts","floor":33},{"not_picked":["Distraction"],"picked":"SKIP","floor":35},{"not_picked":["Setup+1"],"picked":"SKIP","floor":36},{"not_picked":[],"picked":"Catalyst+1","floor":38},{"not_picked":["Dagger Throw"],"picked":"SKIP","floor":41},{"not_picked":["Masterful Stab+1"],"picked":"SKIP","floor":44},{"not_picked":["Masterful Stab"],"picked":"SKIP","floor":46},{"not_picked":[],"picked":"Tools of the Trade","floor":54}],"player_experience":99567,"relics_obtained":[{"floor":6,"key":"Du-Vu Doll"},{"floor":9,"key":"Bottled Flame"},{"floor":11,"key":"Centennial Puzzle"},{"floor":14,"key":"Lantern"},{"floor":23,"key":"Bag of Preparation"},{"floor":25,"key":"Red Mask"},{"floor":26,"key":"Blue Candle"},{"floor":28,"key":"Potion Belt"},{"floor":31,"key":"Blood Vial"},{"floor":34,"key":"Pen Nib"},{"floor":34,"key":"Mummified Hand"},{"floor":34,"key":"WingedGreaves"},{"floor":41,"key":"Boot"},{"floor":54,"key":"Orichalcum"}],"event_choices":[{"damage_healed":0,"gold_gain":0,"player_choice":"Obtained Relic","damage_taken":0,"relics_obtained":["Calipers"],"max_hp_gain":0,"max_hp_loss":0,"event_name":"Addict","floor":22,"gold_loss":85},{"damage_healed":0,"gold_gain":0,"player_choice":"Fought Bandits","damage_taken":0,"max_hp_gain":0,"max_hp_loss":0,"event_name":"Masked Bandits","floor":25,"gold_loss":0},{"damage_healed":0,"gold_gain":99,"player_choice":"Stole From Cult","damage_taken":0,"max_hp_gain":0,"max_hp_loss":0,"event_name":"Nest","floor":29,"gold_loss":0},{"damage_healed":0,"gold_gain":0,"player_choice":"Forge","damage_taken":0,"max_hp_gain":0,"max_hp_loss":0,"event_name":"Accursed Blacksmith","floor":39,"gold_loss":0,"cards_upgraded":["A Thousand Cuts"]},{"cards_removed":["Strike_G"],"damage_healed":0,"gold_gain":0,"player_choice":"Removed Attack","damage_taken":0,"max_hp_gain":0,"max_hp_loss":0,"event_name":"Falling","floor":45,"gold_loss":0}],"is_beta":false,"boss_relics":[{"not_picked":["Astrolabe","Ectoplasm"],"picked":"Busted Crown"},{"not_picked":["Ring of the Serpent","Cursed Key"],"picked":"Calling Bell"}],"items_purged_floors":[7],"is_endless":false,"potions_floor_spawned":[2,4,5,11,14,16,23,25,28,38,41,46],"killed_by":"The Heart","ascension_level":0}