{"gold_per_floor":[113,124,124,55,69,69,100,100,125,125,159,174,174,194,194,294,294,309,329,329,3,20,20,47,63,88,104,134,134,149,167,167,270,270,286,1285,1385,1395,1413,1413,667,667,667,680,680,695,712,712,712,712],"floor_reached":50,"playtime":3904,"items_purged":["Normality"],"score":860,"play_id":"4b3cd0e1-7883-48cc-8505-cd640ed10135","local_time":"20190528000348","is_ascension_mode":true,"campfire_choices":[{"data":"Neutralize","floor":6.0,"key":"SMITH"},{"data":"Dagger Spray","floor":8.0,"key":"SMITH"},{"data":"Footwork","floor":13.0,"key":"SMITH"},{"data":"Blade Dance","floor":15.0,"key":"SMITH"},{"data":"Skewer","floor":23.0,"key":"SMITH"},{"floor":29.0,"key":"REST"},{"data":"Burst","floor":32.0,"key":"SMITH"},{"floor":40.0,"key":"REST"},{"floor":42.0,"key":"REST"},{"floor":45.0,"key":"REST"},{"floor":49.0,"key":"REST"}],"neow_cost":"NONE","seed_source_timestamp":0,"circlet_count":0,"master_deck":["Defend_G","Defend_G","Defend_G","Defend_G","Defend_G","Strike_G","Strike_G","Survivor","Neutralize+1","Predator","Dagger Spray+1","Infinite Blades","Footwork+1","Blade Dance+1","Adrenaline","Backflip","Skewer+1","PiercingWail","Backstab+1","Cloak And Dagger","Dodge and Roll+1","Burst+1","Adrenaline","Dodge and Roll+1","Blade Dance+1","PiercingWail","Riddle With Holes+1","Caltrops","Crippling Poison","Accuracy"],"special_seed":0,"relics":["Ring of the Snake","Pen Nib","Happy Flower","Potion Belt","Omamori","Cursed Key","Art of War","PreservedInsect","Lantern","Molten Egg 2","Orrery","Prayer Wheel","Medical Kit"],"potions_floor_usage":[],"damage_taken":[{"damage":0.0,"enemies":"2 Louse","floor":1.0,"turns":4.0},{"damage":0.0,"enemies":"Small Slimes","floor":2.0,"turns":3.0},{"damage":0.0,"enemies":"Cultist","floor":5.0,"turns":3.0},{"damage":12.0,"enemies":"Lagavulin","floor":7.0,"turns":5.0},{"damage":20.0,"enemies":"3 Sentries","floor":11.0,"turns":5.0},{"damage":0.0,"enemies":"Looter","floor":12.0,"turns":4.0},{"damage":0.0,"enemies":"Red Slaver","floor":14.0,"turns":2.0},{"damage":23.0,"enemies":"Hexaghost","floor":16.0,"turns":12.0},{"damage":3.0,"enemies":"Shell Parasite","floor":18.0,"turns":4.0},{"damage":4.0,"enemies":"Chosen","floor":19.0,"turns":5.0},{"damage":2.0,"enemies":"Snecko","floor":22.0,"turns":3.0},{"damage":0.0,"enemies":"Slavers","floor":24.0,"turns":6.0},{"damage":10.0,"enemies":"Sentry and Sphere","floor":25.0,"turns":4.0},{"damage":2.0,"enemies":"Cultist and Chosen","floor":27.0,"turns":6.0},{"damage":0.0,"enemies":"Gremlin Leader","floor":28.0,"turns":3.0},{"damage":0.0,"enemies":"Snake Plant","floor":30.0,"turns":4.0},{"damage":0.0,"enemies":"Sentry and Sphere","floor":31.0,"turns":4.0},{"damage":4.0,"enemies":"Collector","floor":33.0,"turns":8.0},{"damage":0.0,"enemies":"3 Shapes","floor":35.0,"turns":5.0},{"damage":0.0,"enemies":"Orb Walker","floor":38.0,"turns":3.0},{"damage":52.0,"enemies":"Transient","floor":39.0,"turns":5.0},{"damage":16.0,"enemies":"Sphere and 2 Shapes","floor":44.0,"turns":4.0},{"damage":3.0,"enemies":"4 Shapes","floor":46.0,"turns":8.0},{"damage":1.0,"enemies":"3 Darklings","floor":47.0,"turns":3.0},{"damage":0,"enemies":"Time Eater","floor":50,"turns":1}],"seed_played":"-946026945990482867","potions_obtained":[{"floor":2.0,"key":"Energy Potion"},{"floor":5.0,"key":"Swift Potion"},{"floor":7.0,"key":"EssenceOfSteel"},{"floor":14.0,"key":"Block Potion"},{"floor":19.0,"key":"Explosive Potion"},{"floor":24.0,"key":"Strength Potion"},{"floor":27.0,"key":"Poison Potion"},{"floor":31.0,"key":"Explosive Potion"},{"floor":33.0,"key":"SpeedPotion"},{"floor":35.0,"key":"Strength Potion"},{"floor":47.0,"key":"Ancient Potion"}],"is_trial":false,"path_per_floor":["M","M","?","$","M","R","E","R","T","?","E","M","R","M","R","B",null,"M","M","?","$","M","R","E","M","T","M","E","R","M","M","R","B",null,"M","?","?","M","M","R","$","R","T","M","R","M","M","?","R","B"],"character_chosen":"THE_SILENT","items_purchased":["Infinite Blades","Skewer","Art of War","EntropicBrew","Prayer Wheel","EntropicBrew","Accuracy","Medical Kit"],"campfire_rested":5,"item_purchase_floors":[4,21,21,21,41,41,41,41],"current_hp_per_floor":[70,70,63,63,63,63,51,51,51,51,31,31,31,31,31,8,70,67,63,63,63,61,61,61,51,51,49,49,70,70,70,70,66,70,70,70,70,70,18,39,39,60,60,44,65,62,61,61,70,70],"gold":712,"neow_bonus":"RANDOM_COMMON_RELIC","is_prod":false,"is_daily":false,"chose_seed":false,"campfire_upgraded":6,"win_rate":0,"timestamp":1558991028,"path_taken":["M","M","?","$","M","R","E","R","T","?","E","?","R","M","R","BOSS","M","M","?","$","M","R","E","M","T","M","E","R","?","M","R","BOSS","M","?","?","M","M","R","$","R","T","M","R","M","?","?","R","BOSS"],"build_version":"2019-01-23","purchased_purges":1,"victory":false,"max_hp_per_floor":[70,70,70,70,70,70,70,70,70,70,70,70,70,70,70,70,70,70,70,70,70,70,70,70,70,70,70,70,70,70,70,70,70,70,70,70,70,70,70,70,70,70,70,70,70,70,70,70,70,70],"card_choices":[{"not_picked":["Dagger Spray","Caltrops"],"picked":"Predator","floor":1.0},{"not_picked":["Slice","Dagger Throw"],"picked":"Dagger Spray","floor":2.0},{"not_picked":["Underhanded Strike","Masterful Stab","Slice"],"picked":"SKIP","floor":5.0},{"not_picked":["Wraith Form v2","Masterful Stab","Sucker Punch"],"picked":"SKIP","floor":7.0},{"not_picked":["Tactician","Dagger Throw"],"picked":"Footwork","floor":11.0},{"not_picked":["Quick Slash","Dagger Throw","Accuracy"],"picked":"SKIP","floor":12.0},{"not_picked":["Infinite Blades","Poisoned Stab"],"picked":"Blade Dance","floor":14.0},{"not_picked":["Night Terror","A Thousand Cuts"],"picked":"Adrenaline","floor":16.0},{"not_picked":["Distraction","Masterful Stab+1"],"picked":"Backflip","floor":18.0},{"not_picked":["Choke","Underhanded Strike+1","Tactician+1"],"picked":"SKIP","floor":19.0},{"not_picked":["Dagger Spray","Concentrate"],"picked":"PiercingWail","floor":22.0},{"not_picked":["Eviscerate+1","Riddle With Holes+1"],"picked":"Backstab+1","floor":24.0},{"not_picked":["Terror","Underhanded Strike"],"picked":"Cloak And Dagger","floor":25.0},{"not_picked":["Acrobatics","Cloak And Dagger","Underhanded Strike"],"picked":"SKIP","floor":27.0},{"not_picked":["Footwork","Choke"],"picked":"Dodge and Roll+1","floor":28.0},{"not_picked":["PiercingWail","Quick Slash+1"],"picked":"Burst","floor":30.0},{"not_picked":["Heel Hook+1","Outmaneuver","Setup"],"picked":"SKIP","floor":31.0},{"not_picked":["Unload+1","Venomology"],"picked":"Adrenaline","floor":33.0},{"not_picked":["All Out Attack+1","Backstab+1"],"picked":"Dodge and Roll+1","floor":34.0},{"not_picked":["Heel Hook+1","Acrobatics+1"],"picked":"Blade Dance+1","floor":34.0},{"not_picked":["Dagger Spray+1","Deflect"],"picked":"PiercingWail","floor":34.0},{"not_picked":["Outmaneuver","Prepared+1"],"picked":"Riddle With Holes+1","floor":34.0},{"not_picked":["Deadly Poison","Backflip+1","Bane+1"],"picked":"SKIP","floor":35.0},{"not_picked":["Underhanded Strike+1","Corpse Explosion"],"picked":"Caltrops","floor":38.0},{"not_picked":["Cloak And Dagger","Tactician+1"],"picked":"Crippling Poison","floor":39.0},{"not_picked":["Slice+1","Quick Slash+1","Deflect"],"picked":"SKIP","floor":44.0},{"not_picked":["Poisoned Stab+1","Underhanded Strike+1","Flechettes+1"],"picked":"SKIP","floor":44.0},{"not_picked":["PiercingWail+1","Flying Knee+1","Choke+1"],"picked":"SKIP","floor":46.0},{"not_picked":["Underhanded Strike+1","Acrobatics+1","Bane+1"],"picked":"SKIP","floor":46.0},{"not_picked":["Night Terror","Blade Dance","Outmaneuver+1"],"picked":"SKIP","floor":47.0},{"not_picked":["Outmaneuver","Underhanded Strike+1","Flying Knee+1"],"picked":"SKIP","floor":47.0}],"player_experience":844682,"relics_obtained":[{"floor":7.0,"key":"Happy Flower"},{"floor":9.0,"key":"Potion Belt"},{"floor":11.0,"key":"Omamori"},{"floor":24.0,"key":"PreservedInsect"},{"floor":26.0,"key":"Lantern"},{"floor":28.0,"key":"Molten Egg 2"}],"event_choices":[{"cards_removed":["Strike_G"],"damage_healed":0.0,"max_hp_gain":0.0,"max_hp_loss":0.0,"gold_gain":0.0,"event_name":"Golden Wing","player_choice":"Card Removal","floor":3.0,"gold_loss":0.0,"damage_taken":7.0},{"cards_removed":["Strike_G"],"damage_healed":0.0,"max_hp_gain":0.0,"max_hp_loss":0.0,"gold_gain":0.0,"event_name":"Purifier","player_choice":"Purged","floor":10.0,"gold_loss":0.0,"damage_taken":0.0},{"cards_removed":["Strike_G"],"damage_healed":0.0,"max_hp_gain":0.0,"max_hp_loss":0.0,"gold_gain":0.0,"event_name":"Bonfire Elementals","player_choice":"Offered Basic","floor":20.0,"gold_loss":0.0,"damage_taken":0.0},{"damage_healed":0.0,"max_hp_gain":0.0,"max_hp_loss":0.0,"gold_gain":999.0,"event_name":"MindBloom","player_choice":"Gold","floor":36.0,"gold_loss":0.0,"damage_taken":0.0,"cards_obtained":["Normality","Normality"]},{"damage_healed":0.0,"max_hp_gain":0.0,"max_hp_loss":0.0,"gold_gain":100.0,"event_name":"Golden Shrine","player_choice":"Pray","floor":37.0,"gold_loss":0.0,"damage_taken":0.0},{"damage_healed":0.0,"max_hp_gain":0.0,"max_hp_loss":0.0,"gold_gain":0.0,"event_name":"SensoryStone","player_choice":"Memory 1","floor":48.0,"gold_loss":0.0,"damage_taken":0.0}],"is_beta":false,"boss_relics":[{"not_picked":["Runic Pyramid","Lizard Tail"],"picked":"Cursed Key"},{"not_picked":["Philosopher\u0027s Stone","Empty Cage"],"picked":"Orrery"}],"items_purged_floors":[41],"is_endless":false,"potions_floor_spawned":[2,5,7,14,19,24,27,31,33,35,38,47],"killed_by":"Time Eater","ascension_level":4}