{"gold_per_floor":[119,135,154,154,154,154,166,166,166,181,181,192,202,202,202,202],"floor_reached":16,"playtime":764,"items_purged":[],"score":135,"play_id":"7fb8cdbc-5f4f-478f-aaf4-7758879f1ee1","local_time":"20190403171136","is_ascension_mode":true,"campfire_choices":[{"data":"Blur","floor":6,"key":"SMITH"},{"data":"Acrobatics","floor":11,"key":"SMITH"},{"data":"Backflip","floor":15,"key":"SMITH"}],"neow_cost":"NONE","seed_source_timestamp":436544910402269,"circlet_count":0,"master_deck":["Defend_G","Defend_G","Defend_G","Defend_G","Defend_G","Strike_G","Strike_G","Strike_G","Strike_G","Strike_G","Survivor","Neutralize","Blur+1","Acrobatics+1","Backflip+1","Slice","Unload","Endless Agony","Reflex+1"],"relics":["Ring of the Snake","Girya"],"potions_floor_usage":[7,8,16],"damage_taken":[{"damage":0,"enemies":"2 Louse","floor":1,"turns":3},{"damage":2,"enemies":"Jaw Worm","floor":2,"turns":6},{"damage":0,"enemies":"Cultist","floor":3,"turns":5},{"damage":11,"enemies":"Large Slime","floor":7,"turns":15},{"damage":0,"enemies":"Gremlin Nob","floor":8,"turns":1},{"damage":16,"enemies":"Exordium Thugs","floor":10,"turns":8},{"damage":3,"enemies":"2 Fungi Beasts","floor":12,"turns":3},{"damage":1,"enemies":"Looter","floor":13,"turns":3},{"damage":62,"enemies":"The Guardian","floor":16,"turns":19}],"seed_played":"-1496438280501313892","potions_obtained":[{"floor":0,"key":"Explosive Potion"},{"floor":0,"key":"SmokeBomb"},{"floor":0,"key":"Energy Potion"},{"floor":10,"key":"FairyPotion"}],"is_trial":false,"path_per_floor":["M","M","M","?","?","R","M","E","T","M","R","M","M","?","R","B"],"character_chosen":"THE_SILENT","items_purchased":[],"campfire_rested":0,"item_purchase_floors":[],"current_hp_per_floor":[63,61,61,61,61,61,50,50,50,34,34,31,30,30,30,0],"gold":202,"neow_bonus":"THREE_SMALL_POTIONS","is_prod":false,"is_daily":false,"chose_seed":false,"campfire_upgraded":3,"win_rate":0,"timestamp":1554282696,"path_taken":["M","M","M","?","?","R","M","E","T","M","R","M","M","?","R","BOSS"],"build_version":"2019-01-23","purchased_purges":0,"victory":false,"max_hp_per_floor":[70,70,70,70,70,70,70,70,70,70,70,70,70,70,70,70],"card_choices":[{"not_picked":["Deflect","Quick Slash"],"picked":"Blur","floor":1},{"not_picked":["Bane","Finisher"],"picked":"Acrobatics","floor":2},{"not_picked":["Underhanded Strike","Heel Hook"],"picked":"Backflip","floor":3},{"not_picked":["Bane","Blade Dance"],"picked":"Slice","floor":7},{"not_picked":["Backflip","Dodge and Roll"],"picked":"Unload","floor":10},{"not_picked":["Acrobatics","Infinite Blades"],"picked":"Endless Agony","floor":12},{"not_picked":["Flying Knee","Poisoned Stab"],"picked":"Reflex","floor":13}],"player_experience":719610,"relics_obtained":[{"floor":9,"key":"Girya"}],"event_choices":[{"damage_healed":0,"gold_gain":0,"player_choice":"Ignored","damage_taken":0,"max_hp_gain":0,"max_hp_loss":0,"event_name":"Shining Light","floor":4,"gold_loss":0},{"damage_healed":0,"gold_gain":0,"player_choice":"Fled","damage_taken":0,"max_hp_gain":0,"max_hp_loss":0,"event_name":"Scrap Ooze","floor":5,"gold_loss":0},{"damage_healed":0,"gold_gain":0,"player_choice":"Upgraded","damage_taken":0,"max_hp_gain":0,"max_hp_loss":0,"event_name":"Upgrade Shrine","floor":14,"gold_loss":0,"cards_upgraded":["Reflex"]}],"is_beta":false,"boss_relics":[],"items_purged_floors":[],"is_endless":false,"potions_floor_spawned":[1,2,10],"killed_by":"The Guardian","ascension_level":6}