{"gold_per_floor":[118,137,212,212,225,225,258,270,270,283,283,283,283,315,315,390,390,406,175,175,15,27,60,60,73,120,131,3,22,22,33,33,111,111,123,123,150,162,174,174,205,205,205,205,225,245,245,265,265,265],"floor_reached":51,"playtime":3838,"items_purged":["Strike_B"],"score":1178,"play_id":"a70eacb3-8386-42b7-9f21-1d4f23364568","local_time":"20190507235648","is_ascension_mode":true,"campfire_choices":[{"data":"Go for the Eyes","floor":6.0,"key":"SMITH"},{"floor":11.0,"key":"REST"},{"floor":13.0,"key":"REST"},{"floor":15.0,"key":"DIG"},{"floor":24.0,"key":"DIG"},{"floor":30.0,"key":"REST"},{"floor":32.0,"key":"REST"},{"floor":40.0,"key":"REST"},{"data":"Seek","floor":44.0,"key":"SMITH"},{"floor":47.0,"key":"REST"},{"floor":49.0,"key":"REST"}],"neow_cost":"NONE","seed_source_timestamp":0,"circlet_count":0,"master_deck":["AscendersBane","Strike_B","Strike_B","Strike_B","Defend_B","Defend_B","Defend_B","Zap","Dualcast","Compile Driver","Go for the Eyes+1","Ball Lightning","Sunder+1","Echo Form","Capacitor","Seek","BootSequence","Coolheaded","Genetic Algorithm","Finesse","Conserve Battery","Double Energy","Ball Lightning+1","Ball Lightning","Capacitor","Loop","Compile Driver","Coolheaded+1","Biased Cognition","Seek+1","Coolheaded","Glacier","Defragment","Glacier","Conserve Battery+1","Compile Driver+1"],"special_seed":0,"relics":["Cracked Core","Orichalcum","Sundial","Shovel","Prayer Wheel","Philosopher\u0027s Stone","Bronze Scales","Blood Vial","Omamori","Regal Pillow","Nuclear Battery","Juzu Bracelet","Incense Burner","Darkstone Periapt"],"potions_floor_usage":[50],"damage_taken":[{"damage":2.0,"enemies":"2 Louse","floor":1.0,"turns":3.0},{"damage":2.0,"enemies":"Jaw Worm","floor":2.0,"turns":3.0},{"damage":1.0,"enemies":"Cultist","floor":5.0,"turns":3.0},{"damage":30.0,"enemies":"3 Sentries","floor":7.0,"turns":7.0},{"damage":4.0,"enemies":"Gremlin Gang","floor":8.0,"turns":4.0},{"damage":3.0,"enemies":"Blue Slaver","floor":10.0,"turns":4.0},{"damage":12.0,"enemies":"Gremlin Nob","floor":14.0,"turns":4.0},{"damage":32.0,"enemies":"Slime Boss","floor":16.0,"turns":5.0},{"damage":5.0,"enemies":"Chosen","floor":18.0,"turns":4.0},{"damage":6.0,"enemies":"3 Byrds","floor":22.0,"turns":3.0},{"damage":15.0,"enemies":"Gremlin Leader","floor":23.0,"turns":7.0},{"damage":7.0,"enemies":"Snecko","floor":25.0,"turns":5.0},{"damage":9.0,"enemies":"Cultist and Chosen","floor":27.0,"turns":6.0},{"damage":22.0,"enemies":"Shelled Parasite and Fungi","floor":29.0,"turns":5.0},{"damage":18.0,"enemies":"Centurion and Healer","floor":31.0,"turns":6.0},{"damage":58.0,"enemies":"Collector","floor":33.0,"turns":9.0},{"damage":14.0,"enemies":"3 Shapes","floor":35.0,"turns":4.0},{"damage":2.0,"enemies":"Orb Walker","floor":38.0,"turns":3.0},{"damage":30.0,"enemies":"Writhing Mass","floor":39.0,"turns":6.0},{"damage":6.0,"enemies":"Nemesis","floor":41.0,"turns":7.0},{"damage":38.0,"enemies":"3 Darklings","floor":45.0,"turns":4.0},{"damage":12.0,"enemies":"4 Shapes","floor":46.0,"turns":7.0},{"damage":36.0,"enemies":"Jaw Worm Horde","floor":48.0,"turns":5.0},{"damage":55,"enemies":"Donu and Deca","floor":50,"turns":16}],"seed_played":"-6399800054328343411","potions_obtained":[{"floor":5.0,"key":"LiquidBronze"},{"floor":7.0,"key":"Ancient Potion"},{"floor":8.0,"key":"Strength Potion"},{"floor":14.0,"key":"Dexterity Potion"},{"floor":16.0,"key":"PowerPotion"},{"floor":22.0,"key":"Swift Potion"},{"floor":25.0,"key":"Block Potion"},{"floor":33.0,"key":"EssenceOfSteel"},{"floor":35.0,"key":"Weak Potion"},{"floor":42.0,"key":"Regen Potion"},{"floor":42.0,"key":"SteroidPotion"},{"floor":45.0,"key":"GamblersBrew"}],"is_trial":false,"path_per_floor":["M","M","?","?","M","R","E","M","T","M","R","?","R","E","R","B",null,"M","$","?","$","M","E","R","M","T","M","$","M","R","M","R","B",null,"M","?","T","M","M","R","E","?","T","R","M","M","R","M","R","B",null],"character_chosen":"DEFECT","items_purchased":["Bronze Scales","Genetic Algorithm","Finesse","Capacitor","Fire Potion"],"campfire_rested":7,"item_purchase_floors":[19,21,21,28,28],"current_hp_per_floor":[69,67,56,56,55,55,25,21,21,18,41,46,70,58,58,26,69,64,64,64,64,58,43,43,38,38,31,31,11,50,34,73,17,67,55,55,55,55,27,66,62,62,62,62,26,31,70,36,75,22],"gold":265,"neow_bonus":"TEN_PERCENT_HP_BONUS","is_prod":false,"is_daily":false,"chose_seed":false,"campfire_upgraded":2,"win_rate":0,"timestamp":1557298608,"path_taken":["M","M","?","?","M","R","E","M","T","M","R","?","R","E","R","BOSS","M","$","?","?","M","E","R","M","T","?","$","M","R","M","R","BOSS","M","?","?","M","M","R","E","?","T","R","M","M","R","M","R","BOSS"],"build_version":"2019-01-23","purchased_purges":1,"victory":true,"max_hp_per_floor":[78,78,78,78,78,78,78,78,78,78,78,83,83,83,83,83,83,83,83,83,83,83,83,83,83,83,83,83,83,83,83,83,83,83,83,83,83,83,83,83,83,83,83,83,83,83,83,83,83,83],"card_choices":[{"not_picked":["Streamline","Reprogram"],"picked":"Compile Driver","floor":1.0},{"not_picked":["Aggregate","Turbo"],"picked":"Go for the Eyes","floor":2.0},{"not_picked":["Compile Driver","Chaos"],"picked":"Ball Lightning","floor":5.0},{"not_picked":["Stack","Go for the Eyes"],"picked":"Sunder","floor":7.0},{"not_picked":["Static Discharge","Heatsinks","Fusion"],"picked":"SKIP","floor":8.0},{"not_picked":["Heatsinks","Rebound"],"picked":"Echo Form","floor":10.0},{"not_picked":["Reinforced Body","Blizzard"],"picked":"Capacitor","floor":14.0},{"not_picked":["Machine Learning","Reboot"],"picked":"Seek","floor":16.0},{"not_picked":["Gash","Turbo"],"picked":"BootSequence","floor":18.0},{"not_picked":["Hologram","Hello World"],"picked":"Coolheaded","floor":18.0},{"not_picked":["Sweeping Beam","Rebound"],"picked":"Conserve Battery","floor":22.0},{"not_picked":["Streamline","Stack+1","Fusion"],"picked":"SKIP","floor":22.0},{"not_picked":["Rainbow","Barrage"],"picked":"Double Energy","floor":23.0},{"not_picked":["Gash","Redo","Barrage"],"picked":"SKIP","floor":25.0},{"not_picked":["Heatsinks","Steam","Ball Lightning+1"],"picked":"SKIP","floor":25.0},{"not_picked":["Heatsinks","Steam"],"picked":"Ball Lightning+1","floor":25.0},{"not_picked":["Gash","Redo","Barrage"],"picked":"SKIP","floor":25.0},{"not_picked":["Barrage","Turbo+1"],"picked":"Ball Lightning","floor":27.0},{"not_picked":["Sweeping Beam","Fusion","Barrage"],"picked":"SKIP","floor":27.0},{"not_picked":["Turbo","Fusion"],"picked":"Loop","floor":29.0},{"not_picked":["Self Repair","Barrage","Compile Driver"],"picked":"SKIP","floor":29.0},{"not_picked":["Self Repair","Barrage"],"picked":"Compile Driver","floor":29.0},{"not_picked":["Steam","Streamline"],"picked":"Coolheaded+1","floor":31.0},{"not_picked":["Streamline","Rebound"],"picked":"Biased Cognition","floor":31.0},{"not_picked":["Multi-Cast","Hyperbeam"],"picked":"Seek","floor":33.0},{"not_picked":["Steam Power","Recycle","Beam Cell"],"picked":"SKIP","floor":35.0},{"not_picked":["Stack","Gash","Steam+1"],"picked":"SKIP","floor":35.0},{"not_picked":["Compile Driver","Turbo+1","Steam"],"picked":"SKIP","floor":38.0},{"not_picked":["Coolheaded","Compile Driver","Melter+1"],"picked":"SKIP","floor":38.0},{"not_picked":["Compile Driver","Melter+1"],"picked":"Coolheaded","floor":38.0},{"not_picked":["Compile Driver","Turbo+1","Steam"],"picked":"SKIP","floor":38.0},{"not_picked":["Chaos","Multi-Cast"],"picked":"Glacier","floor":39.0},{"not_picked":["Sweeping Beam","Turbo","Streamline"],"picked":"SKIP","floor":39.0},{"not_picked":["Reboot","Scrape"],"picked":"Defragment","floor":41.0},{"not_picked":["Leap","Coolheaded"],"picked":"Glacier","floor":45.0},{"not_picked":["Redo","Rebound"],"picked":"Conserve Battery+1","floor":45.0},{"not_picked":["Rebound+1","Turbo+1","Hologram+1"],"picked":"SKIP","floor":46.0},{"not_picked":["Capacitor","Storm","Stack"],"picked":"SKIP","floor":46.0},{"not_picked":["Auto Shields","Cold Snap+1"],"picked":"Compile Driver+1","floor":48.0},{"not_picked":["Reprogram","Skim","Leap+1"],"picked":"SKIP","floor":48.0}],"player_experience":468512,"relics_obtained":[{"floor":7.0,"key":"Orichalcum"},{"floor":9.0,"key":"Sundial"},{"floor":14.0,"key":"Shovel"},{"floor":15.0,"key":"Prayer Wheel"},{"floor":23.0,"key":"Blood Vial"},{"floor":24.0,"key":"Omamori"},{"floor":26.0,"key":"Regal Pillow"},{"floor":37.0,"key":"Juzu Bracelet"},{"floor":41.0,"key":"Incense Burner"},{"floor":43.0,"key":"Darkstone Periapt"}],"event_choices":[{"damage_healed":0.0,"max_hp_gain":0.0,"max_hp_loss":0.0,"gold_gain":75.0,"event_name":"World of Goop","player_choice":"Gather Gold","floor":3.0,"gold_loss":0.0,"damage_taken":11.0},{"damage_healed":0.0,"max_hp_gain":0.0,"max_hp_loss":0.0,"gold_gain":0.0,"event_name":"Scrap Ooze","player_choice":"Fled","floor":4.0,"gold_loss":0.0,"damage_taken":0.0},{"damage_healed":0.0,"max_hp_gain":5.0,"max_hp_loss":0.0,"gold_gain":0.0,"event_name":"Big Fish","player_choice":"Donut","floor":12.0,"gold_loss":0.0,"damage_taken":0.0},{"damage_healed":0.0,"max_hp_gain":0.0,"max_hp_loss":0.0,"gold_gain":0.0,"event_name":"Upgrade Shrine","player_choice":"Upgraded","floor":20.0,"gold_loss":0.0,"damage_taken":0.0,"cards_upgraded":["Sunder"]},{"cards_removed":["Defend_B"],"damage_healed":0.0,"max_hp_gain":0.0,"max_hp_loss":0.0,"gold_gain":0.0,"event_name":"Falling","player_choice":"Removed Skill","floor":36.0,"gold_loss":0.0,"damage_taken":0.0},{"damage_healed":0.0,"max_hp_gain":0.0,"max_hp_loss":0.0,"gold_gain":0.0,"event_name":"Lab","player_choice":"Got Potions","floor":42.0,"gold_loss":0.0,"damage_taken":0.0}],"is_beta":false,"boss_relics":[{"not_picked":["Astrolabe","Tiny House"],"picked":"Philosopher\u0027s Stone"},{"not_picked":["Coffee Dripper","Eternal Feather"],"picked":"Nuclear Battery"}],"items_purged_floors":[19],"is_endless":false,"potions_floor_spawned":[5,7,8,14,16,22,25,33,35,45,48],"ascension_level":15}