{"path_per_floor":["M","?","$","M","M","R","?","M","T","M","R","?","E","M","R","B",null,"M","?","M","?"],"character_chosen":"DEFECT","items_purchased":["Buffer"],"gold_per_floor":[111,111,75,93,107,107,282,297,320,330,330,330,363,373,373,478,478,403,403,421,421,421],"floor_reached":22,"campfire_rested":1,"playtime":1280,"current_hp_per_floor":[68,61,61,61,61,61,61,58,58,60,60,60,38,23,43,49,68,68,56,58,58,0],"items_purged":[],"gold":421,"score":234,"play_id":"21f53956-8a63-483e-ad65-60a66edbfc5a","local_time":"20180502114448","is_prod":false,"is_daily":false,"chose_seed":false,"is_ascension_mode":false,"campfire_upgraded":2,"timestamp":1525275888,"path_taken":["M","?","$","M","M","R","?","?","T","M","R","?","E","M","R","BOSS","M","?","M","?","?"],"build_version":"2018-05-01v2","seed_source_timestamp":4908677728963,"purchased_purges":0,"victory":false,"master_deck":["Strike_B","Strike_B","Strike_B","Strike_B","Defend_B","Defend_B","Defend_B","Defend_B","Zap","Dualcast","Amplify","Beam Cell","Buffer+1","Buffer+1","Doubt","Creative AI","Finesse","Defragment","Amplify"],"max_hp_per_floor":[68,68,68,68,68,68,68,68,68,68,68,68,68,68,68,68,68,68,73,73,73,73],"relics":["Cracked Core","Lantern","Blood Vial","Smiling Mask","Inserter"],"card_choices":[{"not_picked":["Multi-Cast","Nova"],"picked":"Amplify","floor":0},{"not_picked":["Sweeping Beam","Reprieve"],"picked":"Beam Cell","floor":1},{"not_picked":["Chaos","Reprogram"],"picked":"Buffer","floor":4},{"not_picked":["Impulse","Hologram"],"picked":"Defragment","floor":14},{"not_picked":["Creative AI","Thunder Strike"],"picked":"Amplify","floor":16}],"player_experience":233237,"potions_floor_usage":[16,16,18,22,22],"damage_taken":[{"damage":0,"enemies":"Small Slimes","floor":1,"turns":2},{"damage":0,"enemies":"2 Louse","floor":4,"turns":4},{"damage":0,"enemies":"Jaw Worm","floor":5,"turns":4},{"damage":3,"enemies":"Exordium Wildlife","floor":8,"turns":3},{"damage":0,"enemies":"Red Slaver","floor":10,"turns":4},{"damage":24,"enemies":"3 Sentries","floor":13,"turns":8},{"damage":17,"enemies":"Lots of Slimes","floor":14,"turns":6},{"damage":0,"enemies":"Slime Boss","floor":16,"turns":12},{"damage":0,"enemies":"2 Thieves","floor":18,"turns":5},{"damage":0,"enemies":"Chosen","floor":20,"turns":10},{"damage":67,"enemies":"Slaver and Parasite","floor":22,"turns":9}],"event_choices":[{"event_name":"Scrap Ooze","player_choice":"success","floor":2,"damage_taken":7},{"event_name":"Liars Game","player_choice":"agreed","floor":7,"damage_taken":0},{"event_name":"Match and Keep!","player_choice":"2 cards matched","floor":12,"damage_taken":0},{"event_name":"Forgotten Altar","player_choice":"Shed Blood","floor":19,"damage_taken":0},{"event_name":"The Lab","player_choice":"Got Potions","floor":21,"damage_taken":0}],"boss_relics":[{"not_picked":["Eternal Feather","Calling Bell"],"picked":"Inserter"}],"potions_floor_spawned":[4,10,13,16,20],"seed_played":"-4321461011259689105","killed_by":"Slaver and Parasite","ascension_level":0,"is_trial":false}