{"gold_per_floor":[115,290,290,308,2,37,60,103,103,103,122,147,147,30,30,154,154,172,172,195,195,208,208],"floor_reached":23,"playtime":2243,"items_purged":[],"score":226,"play_id":"9ac725b4-64c2-4a49-a26d-c5d788b2ca98","local_time":"20190522214015","is_ascension_mode":false,"campfire_choices":[{"floor":15,"key":"RECALL"}],"neow_cost":"NONE","seed_source_timestamp":387692866687039,"circlet_count":0,"master_deck":["Defend_G","Defend_G","Defend_G","Defend_G","Defend_G","Strike_G","Strike_G","Strike_G","Strike_G","Strike_G","Survivor","Neutralize+1","Cloak And Dagger","Cloak And Dagger","Poisoned Stab","Leg Sweep","Dodge and Roll","Dodge and Roll","Caltrops","Bouncing Flask","Well Laid Plans","Die Die Die","Deadly Poison","Blade Dance+1","Noxious Fumes"],"relics":["Ring of the Snake","NeowsBlessing","Golden Idol","Calipers","Strawberry","Mummified Hand","Snake Skull","Black Star","Darkstone Periapt"],"potions_floor_usage":[8,16,16],"damage_taken":[{"damage":0,"enemies":"Jaw Worm","floor":1,"turns":1},{"damage":0,"enemies":"2 Louse","floor":4,"turns":1},{"damage":0,"enemies":"Gremlin Nob","floor":6,"turns":1},{"damage":1,"enemies":"Small Slimes","floor":7,"turns":4},{"damage":17,"enemies":"3 Sentries","floor":8,"turns":11},{"damage":0,"enemies":"Red Slaver","floor":11,"turns":6},{"damage":9,"enemies":"Lots of Slimes","floor":12,"turns":6},{"damage":30,"enemies":"The Guardian","floor":16,"turns":9},{"damage":10,"enemies":"Chosen","floor":18,"turns":6},{"damage":25,"enemies":"2 Thieves","floor":20,"turns":4},{"damage":22,"enemies":"Centurion and Healer","floor":22,"turns":9},{"damage":35,"enemies":"Gremlin Leader","floor":23,"turns":3}],"seed_played":"2622890939103945101","potions_obtained":[{"floor":1,"key":"AttackPotion"},{"floor":8,"key":"EntropicBrew"},{"floor":11,"key":"Regen Potion"},{"floor":12,"key":"Ancient Potion"}],"is_trial":false,"path_per_floor":["M","?","?","M","$","E","M","E","T","?","M","M","?","$","R","B",null,"M","T","M","?","M","E"],"character_chosen":"THE_SILENT","items_purchased":["Calipers","Bouncing Flask","Well Laid Plans"],"campfire_rested":0,"item_purchase_floors":[5,14,14],"current_hp_per_floor":[70,70,53,53,53,60,59,42,42,42,42,33,33,33,33,18,77,67,67,42,42,20,0],"gold":208,"neow_bonus":"THREE_ENEMY_KILL","is_prod":false,"is_daily":false,"chose_seed":false,"campfire_upgraded":0,"win_rate":0,"timestamp":1558586415,"path_taken":["M","?","?","M","$","E","M","E","T","?","?","?","?","$","R","BOSS","M","?","M","?","M","E"],"build_version":"2019-01-23","purchased_purges":0,"victory":false,"max_hp_per_floor":[70,70,70,70,70,77,77,77,77,77,77,77,77,77,77,77,77,77,77,77,77,77,77],"card_choices":[{"not_picked":["Terror","Deadly Poison"],"picked":"Cloak And Dagger","floor":1},{"not_picked":["Quick Slash","Deadly Poison"],"picked":"Cloak And Dagger","floor":4},{"not_picked":["Outmaneuver","Bullet Time"],"picked":"Poisoned Stab","floor":6},{"not_picked":["Tactician","Dagger Spray"],"picked":"Leg Sweep","floor":7},{"not_picked":["Finisher","Deflect"],"picked":"Dodge and Roll","floor":8},{"not_picked":["Dagger Throw","Dagger Spray"],"picked":"Dodge and Roll","floor":11},{"not_picked":["Distraction","Storm of Steel"],"picked":"Caltrops","floor":12},{"not_picked":["Tools of the Trade","Glass Knife"],"picked":"Die Die Die","floor":16},{"not_picked":["Dodge and Roll","Slice"],"picked":"Deadly Poison","floor":18},{"not_picked":["Slice","Acrobatics"],"picked":"Blade Dance+1","floor":20},{"not_picked":["Dash","Caltrops"],"picked":"Noxious Fumes","floor":22}],"player_experience":55670,"relics_obtained":[{"floor":6,"key":"Strawberry"},{"floor":8,"key":"Mummified Hand"},{"floor":9,"key":"Snake Skull"}],"event_choices":[{"damage_healed":0,"gold_gain":175,"player_choice":"AGREE","damage_taken":0,"max_hp_gain":0,"max_hp_loss":0,"event_name":"Liars Game","floor":2,"gold_loss":0,"cards_obtained":["Doubt"]},{"damage_healed":0,"gold_gain":0,"player_choice":"Take Damage","damage_taken":17,"relics_obtained":["Golden Idol"],"max_hp_gain":0,"max_hp_loss":0,"event_name":"Golden Idol","floor":3,"gold_loss":0},{"cards_removed":["Doubt"],"damage_healed":0,"gold_gain":0,"player_choice":"Purged","damage_taken":0,"max_hp_gain":0,"max_hp_loss":0,"event_name":"Purifier","floor":10,"gold_loss":0},{"damage_healed":0,"gold_gain":0,"player_choice":"Upgraded","damage_taken":0,"max_hp_gain":0,"max_hp_loss":0,"event_name":"Upgrade Shrine","floor":13,"gold_loss":0,"cards_upgraded":["Neutralize"]},{"damage_healed":0,"gold_gain":0,"player_choice":"Opened","damage_taken":0,"relics_obtained":["Darkstone Periapt"],"max_hp_gain":0,"max_hp_loss":0,"event_name":"The Mausoleum","floor":21,"gold_loss":0}],"is_beta":false,"boss_relics":[{"not_picked":["WristBlade","Runic Dome"],"picked":"Black Star"}],"items_purged_floors":[],"is_endless":false,"potions_floor_spawned":[1,8,11,12],"killed_by":"Gremlin Leader","ascension_level":0}