{"gold_per_floor":[217,217,58,58,22,22,32,32,32,32,8,21,36,51,51,128,128,148,166,176,226,32,32,52,63,89,101,118,137,137],"floor_reached":30,"playtime":1200,"items_purged":[],"score":396,"play_id":"b26f94b8-db23-41e9-964c-d2a9fa7ff389","local_time":"20190427222515","is_ascension_mode":true,"campfire_choices":[{"data":"Footwork","floor":6.0,"key":"SMITH"},{"data":"Caltrops","floor":8.0,"key":"SMITH"},{"data":"Dagger Spray","floor":10.0,"key":"SMITH"},{"floor":15.0,"key":"REST"},{"floor":23.0,"key":"REST"}],"neow_cost":"NONE","seed_source_timestamp":389145842658000,"circlet_count":0,"master_deck":["AscendersBane","Defend_G","Defend_G","Defend_G","Defend_G","Defend_G","Strike_G","Strike_G","Strike_G","Strike_G","Strike_G","Survivor","Neutralize+1","Dagger Spray+1","Footwork+1","Caltrops+1","Cloak And Dagger","Distraction","Backflip","Night Terror","Escape Plan","Cloak And Dagger+1"],"special_seed":0,"relics":["Ring of the Snake","Bag of Marbles","Tiny Chest","Dead Branch","Sozu","OrangePellets","Smiling Mask"],"potions_floor_usage":[],"damage_taken":[{"damage":1.0,"enemies":"Small Slimes","floor":1.0,"turns":4.0},{"damage":0.0,"enemies":"2 Louse","floor":7.0,"turns":3.0},{"damage":0.0,"enemies":"Cultist","floor":12.0,"turns":2.0},{"damage":1.0,"enemies":"Large Slime","floor":13.0,"turns":5.0},{"damage":0.0,"enemies":"Red Slaver","floor":14.0,"turns":3.0},{"damage":53.0,"enemies":"Slime Boss","floor":16.0,"turns":11.0},{"damage":8.0,"enemies":"3 Byrds","floor":18.0,"turns":1.0},{"damage":0.0,"enemies":"Chosen","floor":19.0,"turns":7.0},{"damage":15.0,"enemies":"Shelled Parasite and Fungi","floor":20.0,"turns":8.0},{"damage":12.0,"enemies":"3 Cultists","floor":24.0,"turns":5.0},{"damage":0.0,"enemies":"Centurion and Healer","floor":25.0,"turns":2.0},{"damage":15.0,"enemies":"Snake Plant","floor":27.0,"turns":5.0},{"damage":6.0,"enemies":"Cultist and Chosen","floor":28.0,"turns":5.0},{"damage":0,"enemies":"3 Cultists","floor":29,"turns":2},{"damage":11,"enemies":"Slavers","floor":30,"turns":2}],"seed_played":"-971514898284028875","potions_obtained":[{"floor":7.0,"key":"SteroidPotion"},{"floor":13.0,"key":"EssenceOfSteel"}],"is_trial":false,"path_per_floor":["M","?","$","?","$","R","M","R","T","R","$","M","M","M","R","B",null,"M","M","M","?","$","R","M","M","T","M","M","M","E"],"character_chosen":"THE_SILENT","items_purchased":["Footwork","Tiny Chest","Caltrops","Cloak And Dagger","OrangePellets"],"campfire_rested":2,"item_purchase_floors":[3,3,5,11,22],"current_hp_per_floor":[58,40,40,40,40,40,40,40,40,40,40,40,39,39,58,5,51,43,43,28,22,22,41,29,29,29,14,8,8,0],"gold":137,"neow_bonus":"HUNDRED_GOLD","is_prod":false,"is_daily":false,"chose_seed":false,"campfire_upgraded":3,"win_rate":0,"timestamp":1556418315,"path_taken":["M","?","$","?","$","R","M","R","T","R","$","M","M","M","R","BOSS","M","M","?","?","$","R","M","M","T","M","M","?","E"],"build_version":"2019-04-23","purchased_purges":0,"victory":false,"max_hp_per_floor":[66,66,66,66,66,66,66,66,66,66,66,66,66,66,66,66,66,66,66,66,66,66,66,66,66,66,66,66,66,66],"card_choices":[{"not_picked":["Cloak And Dagger","Masterful Stab"],"picked":"Dagger Spray","floor":1.0},{"not_picked":["Slice","Tactician","Accuracy"],"picked":"SKIP","floor":7.0},{"not_picked":["Dagger Throw","Endless Agony"],"picked":"Distraction","floor":12.0},{"not_picked":["Dagger Throw","Reflex"],"picked":"Backflip","floor":13.0},{"not_picked":["Distraction","Dagger Spray","Expertise"],"picked":"SKIP","floor":14.0},{"not_picked":["Malaise","Adrenaline"],"picked":"Night Terror","floor":16.0},{"not_picked":["Poisoned Stab+1","Accuracy"],"picked":"Escape Plan","floor":18.0},{"not_picked":["Bane","Outmaneuver"],"picked":"Cloak And Dagger+1","floor":19.0},{"not_picked":["Blade Dance","Quick Slash+1","Dagger Throw"],"picked":"SKIP","floor":20.0},{"not_picked":["Phantasmal Killer","Dagger Spray","Deflect+1"],"picked":"SKIP","floor":24.0},{"not_picked":["Dodge and Roll","Bane","Poisoned Stab"],"picked":"SKIP","floor":25.0},{"not_picked":["Tactician","Finisher","Deflect"],"picked":"SKIP","floor":27.0},{"not_picked":["Cloak And Dagger","Slice","Setup"],"picked":"SKIP","floor":28.0},{"not_picked":["Quick Slash","Dagger Throw","Blade Dance"],"picked":"SKIP","floor":29}],"player_experience":686003,"relics_obtained":[{"floor":9.0,"key":"Dead Branch"},{"floor":26.0,"key":"Smiling Mask"}],"event_choices":[{"damage_healed":0.0,"max_hp_gain":0.0,"max_hp_loss":0.0,"gold_gain":0.0,"event_name":"Scrap Ooze","player_choice":"Success","floor":2.0,"gold_loss":0.0,"damage_taken":18.0,"relics_obtained":["Bag of Marbles"]},{"damage_healed":0.0,"max_hp_gain":0.0,"max_hp_loss":0.0,"gold_gain":0.0,"event_name":"Upgrade Shrine","player_choice":"Upgraded","floor":4.0,"gold_loss":0.0,"damage_taken":0.0,"cards_upgraded":["Neutralize"]},{"damage_healed":0.0,"max_hp_gain":0.0,"max_hp_loss":0.0,"gold_gain":50.0,"event_name":"FaceTrader","player_choice":"Touch","floor":21.0,"gold_loss":0.0,"damage_taken":6.0}],"is_beta":true,"boss_relics":[{"not_picked":["Runic Dome","Runic Pyramid"],"picked":"Sozu"}],"items_purged_floors":[],"is_endless":false,"potions_floor_spawned":[7,13,18,25,27,28,29],"killed_by":"Slavers","ascension_level":15}