{"gold_per_floor":[110,126,51,63,33,33,33,53,53,53,3,38,51,80,80,178,178,147,63,63,76,86,86],"floor_reached":23,"playtime":1659,"items_purged":["Strike_R"],"score":231,"play_id":"57caba77-5e0e-44e1-927b-d89c00cda688","local_time":"20190504185010","is_ascension_mode":true,"campfire_choices":[{"data":"Armaments","floor":6,"key":"SMITH"},{"floor":10,"key":"RECALL"},{"floor":15,"key":"REST"}],"neow_cost":"NONE","seed_source_timestamp":1017644614947600,"circlet_count":0,"master_deck":["Strike_R","Strike_R","Strike_R+1","Strike_R","Defend_R","Defend_R","Defend_R","Bash+1","Entrench","Armaments+1","Shrug It Off","Reaper","Purity","Flame Barrier"],"relics":["Burning Blood","NeowsBlessing","Pear","Whetstone","Snecko Eye","CultistMask"],"potions_floor_usage":[12,14,14],"damage_taken":[{"damage":0,"enemies":"Cultist","floor":1,"turns":1},{"damage":0,"enemies":"2 Louse","floor":2,"turns":1},{"damage":0,"enemies":"Small Slimes","floor":4,"turns":2},{"damage":2,"enemies":"Looter","floor":5,"turns":4},{"damage":2,"enemies":"Red Slaver","floor":8,"turns":6},{"damage":23,"enemies":"Gremlin Nob","floor":12,"turns":5},{"damage":7,"enemies":"Exordium Wildlife","floor":13,"turns":7},{"damage":54,"enemies":"3 Sentries","floor":14,"turns":18},{"damage":41,"enemies":"The Guardian","floor":16,"turns":21},{"damage":12,"enemies":"2 Thieves","floor":18,"turns":5},{"damage":103,"enemies":"3 Byrds","floor":21,"turns":16},{"damage":17,"enemies":"Shelled Parasite and Fungi","floor":22,"turns":8},{"damage":14,"enemies":"Book of Stabbing","floor":23,"turns":1}],"seed_played":"-7852257974115182145","potions_obtained":[{"floor":1,"key":"SkillPotion"},{"floor":8,"key":"LiquidBronze"},{"floor":12,"key":"Swift Potion"},{"floor":14,"key":"FairyPotion"},{"floor":16,"key":"GamblersBrew"},{"floor":18,"key":"Strength Potion"}],"is_trial":false,"path_per_floor":["M","M","$","M","M","R","$","M","T","R","?","E","M","E","R","B",null,"M","$","?","M","M","E"],"character_chosen":"IRONCLAD","items_purchased":["Purity"],"campfire_rested":1,"item_purchase_floors":[19],"current_hp_per_floor":[80,80,80,80,80,80,80,80,80,80,80,73,72,24,51,16,90,90,90,90,13,10,0],"gold":86,"neow_bonus":"THREE_ENEMY_KILL","is_prod":false,"is_daily":false,"chose_seed":false,"campfire_upgraded":1,"win_rate":0,"timestamp":1557010210,"path_taken":["M","?","$","?","M","R","$","M","T","R","?","E","M","E","R","BOSS","M","$","?","?","M","E"],"build_version":"2019-01-23","purchased_purges":1,"victory":false,"max_hp_per_floor":[80,80,80,80,80,80,80,80,80,80,80,90,90,90,90,90,90,90,90,90,90,90,90],"card_choices":[{"not_picked":["Burning Pact","Armaments"],"picked":"Entrench","floor":1},{"not_picked":["Pummel","Clash","Rupture"],"picked":"SKIP","floor":2},{"not_picked":["Power Through","Cleave"],"picked":"Armaments","floor":4},{"not_picked":["Bloodletting","Iron Wave","Warcry"],"picked":"SKIP","floor":5},{"not_picked":["Sword Boomerang","Dark Embrace"],"picked":"Shrug It Off","floor":8},{"not_picked":["Pummel","Clash","Perfected Strike"],"picked":"SKIP","floor":12},{"not_picked":["Combust","Thunderclap","Hemokinesis"],"picked":"SKIP","floor":13},{"not_picked":["Feel No Pain","Armaments","Anger"],"picked":"SKIP","floor":14},{"not_picked":["Offering","Dark Embrace"],"picked":"Reaper","floor":16},{"not_picked":["Reckless Charge","Clothesline","Cleave+1"],"picked":"SKIP","floor":18},{"not_picked":["Shrug It Off+1","Armaments"],"picked":"Flame Barrier","floor":21},{"not_picked":["Wild Strike","Pommel Strike","Power Through+1"],"picked":"SKIP","floor":22}],"player_experience":247839,"relics_obtained":[{"floor":12,"key":"Pear"},{"floor":14,"key":"Whetstone"}],"event_choices":[{"cards_removed":["Defend_R"],"damage_healed":0,"gold_gain":0,"player_choice":"Card Removal","damage_taken":0,"max_hp_gain":0,"max_hp_loss":0,"event_name":"The Cleric","floor":11,"gold_loss":50},{"damage_healed":0,"gold_gain":0,"player_choice":"Trade","damage_taken":0,"relics_obtained":["CultistMask"],"max_hp_gain":0,"max_hp_loss":0,"event_name":"FaceTrader","floor":20,"gold_loss":0}],"is_beta":false,"boss_relics":[{"not_picked":["Mark of Pain","Runic Dome"],"picked":"Snecko Eye"}],"items_purged_floors":[3],"is_endless":false,"potions_floor_spawned":[1,8,12,14,16,18],"killed_by":"Book of Stabbing","ascension_level":3}