{"gold_per_floor":[112,123,298,335,285,314,326,393,405,417,126,177,22,38,38,139,139,154,154,174,174,212,261,261,261],"floor_reached":25,"playtime":1422,"items_purged":[],"score":239,"play_id":"02b177f7-8f95-4496-8dd7-d72a2b6e6b0f","local_time":"20190112004002","is_ascension_mode":false,"campfire_choices":[{"data":"Corruption","floor":7,"key":"SMITH"},{"floor":10,"key":"REST"},{"data":"Pommel Strike","floor":15,"key":"SMITH"},{"data":"Rage","floor":24,"key":"SMITH"}],"neow_cost":"PERCENT_DAMAGE","seed_source_timestamp":554944464232231,"circlet_count":0,"master_deck":["Strike_R+1","Strike_R+1","Strike_R+1","Strike_R+1","Strike_R+1","Defend_R+1","Defend_R+1","Defend_R+1","Defend_R+1","Bash","HandOfGreed","Panacea","Thunderclap","Corruption+1","Havoc","Rage+1","Pommel Strike+1","Ghostly Armor","Heavy Blade","Feed","Flex","Dark Embrace+1","Warcry","Anger","Warcry","Warcry"],"relics":["Burning Blood","MawBank","Dodecahedron","Centennial Puzzle","Brimstone","Frozen Egg 2","Runic Cube","Gremlin Horn","Bronze Scales"],"potions_floor_usage":[16,16,25,25],"damage_taken":[{"damage":1,"enemies":"Cultist","floor":1,"turns":3},{"damage":5,"enemies":"Jaw Worm","floor":2,"turns":4},{"damage":8,"enemies":"Small Slimes","floor":4,"turns":4},{"damage":36,"enemies":"Lagavulin","floor":6,"turns":5},{"damage":27,"enemies":"Gremlin Nob","floor":8,"turns":4},{"damage":6,"enemies":"3 Sentries","floor":12,"turns":6},{"damage":2,"enemies":"Exordium Wildlife","floor":14,"turns":2},{"damage":38,"enemies":"Hexaghost","floor":16,"turns":6},{"damage":7,"enemies":"Spheric Guardian","floor":18,"turns":3},{"damage":16,"enemies":"Shell Parasite","floor":20,"turns":4},{"damage":3,"enemies":"Chosen and Byrds","floor":22,"turns":3},{"damage":67,"enemies":"Slavers","floor":23,"turns":4},{"damage":22,"enemies":"Gremlin Leader","floor":25,"turns":2}],"seed_played":"966763175392973562","potions_obtained":[{"floor":4,"key":"AttackPotion"},{"floor":8,"key":"Energy Potion"},{"floor":14,"key":"Strength Potion"},{"floor":23,"key":"SteroidPotion"}],"is_trial":false,"path_per_floor":["M","M","?","M","?","E","R","E","T","R","$","E","$","M","R","B",null,"M","?","M","T","M","E","R","E"],"character_chosen":"IRONCLAD","items_purchased":["Brimstone","Pommel Strike","Ghostly Armor","Feed"],"campfire_rested":1,"item_purchase_floors":[11,11,11,13],"current_hp_per_floor":[61,62,62,60,60,30,30,9,9,33,33,33,33,40,40,8,83,85,85,75,75,81,20,20,0],"gold":261,"neow_bonus":"RANDOM_COLORLESS_2","is_prod":false,"is_daily":false,"chose_seed":false,"campfire_upgraded":3,"win_rate":0.0,"timestamp":1547271602,"path_taken":["M","?","?","M","?","E","R","E","T","R","?","E","$","?","R","BOSS","M","?","M","?","M","E","R","E"],"build_version":"2019-01-10","purchased_purges":0,"victory":false,"max_hp_per_floor":[80,80,80,80,80,80,80,80,80,80,80,80,80,83,83,83,83,86,86,86,86,89,89,89,89],"card_choices":[{"not_picked":["Headbutt","Rampage"],"picked":"Thunderclap","floor":1},{"not_picked":["Burning Pact","Perfected Strike"],"picked":"Corruption","floor":2},{"not_picked":["Clash","Sword Boomerang","Clothesline"],"picked":"SKIP","floor":4},{"not_picked":["Heavy Blade","Hemokinesis"],"picked":"Havoc","floor":6},{"not_picked":["Pummel","Juggernaut"],"picked":"Rage","floor":8},{"not_picked":["Uppercut","Sever Soul"],"picked":"Heavy Blade","floor":12},{"not_picked":["Headbutt","Clothesline"],"picked":"Flex","floor":14},{"not_picked":["Berserk+1","Double Tap"],"picked":"Dark Embrace+1","floor":16},{"not_picked":["Infernal Blade","Second Wind"],"picked":"Warcry","floor":18},{"not_picked":["Twin Strike","Second Wind"],"picked":"Anger","floor":20},{"not_picked":["Clash+1","Metallicize+1"],"picked":"Warcry","floor":22},{"not_picked":["Perfected Strike","Clothesline"],"picked":"Warcry","floor":23}],"player_experience":28366,"relics_obtained":[{"floor":6,"key":"MawBank"},{"floor":8,"key":"Dodecahedron"},{"floor":9,"key":"Centennial Puzzle"},{"floor":12,"key":"Frozen Egg 2"},{"floor":21,"key":"Gremlin Horn"},{"floor":23,"key":"Bronze Scales"}],"event_choices":[{"damage_healed":0,"gold_gain":175,"player_choice":"AGREE","damage_taken":0,"max_hp_gain":0,"max_hp_loss":0,"event_name":"Liars Game","floor":3,"gold_loss":0,"cards_obtained":["Doubt"]},{"cards_removed":["Doubt"],"damage_healed":0,"gold_gain":0,"player_choice":"Card Removal","damage_taken":0,"max_hp_gain":0,"max_hp_loss":0,"event_name":"The Cleric","floor":5,"gold_loss":50},{"damage_healed":0,"gold_gain":0,"player_choice":"Simplicity","damage_taken":0,"max_hp_gain":0,"max_hp_loss":0,"event_name":"Back to Basics","floor":19,"gold_loss":0,"cards_upgraded":["Strike_R","Strike_R","Strike_R","Strike_R","Strike_R","Defend_R","Defend_R","Defend_R","Defend_R"]}],"is_beta":false,"boss_relics":[{"not_picked":["Velvet Choker","Snecko Eye"],"picked":"Runic Cube"}],"items_purged_floors":[],"is_endless":false,"potions_floor_spawned":[4,8,14,23],"killed_by":"Gremlin Leader","ascension_level":0}