{"gold_per_floor":[110,110,124,49,14,49,49,9,9,9,42,42,52,52,52,147,147,157,97,97,116,116,116,131,162,186,206,131,131,163,173,173,173],"floor_reached":33,"playtime":2327,"items_purged":["Hello World"],"score":349,"play_id":"8323faa1-c84b-4165-a4bf-1a6f9f5c0fdf","local_time":"20190505024902","is_ascension_mode":true,"campfire_choices":[{"data":"Fusion","floor":7,"key":"SMITH"},{"floor":10,"key":"RECALL"},{"floor":12,"key":"REST"},{"data":"Defragment","floor":15,"key":"SMITH"},{"floor":29,"key":"REST"},{"data":"Creative AI","floor":32,"key":"SMITH"}],"neow_cost":"TEN_PERCENT_HP_LOSS","seed_source_timestamp":1045708094094800,"circlet_count":0,"master_deck":["Strike_B","Strike_B","Defend_B","Zap","Dualcast","Genetic Algorithm","Conserve Battery","Cold Snap","Fusion+1","Capacitor","Defragment+1","Skim","Creative AI+1","Genetic Algorithm","RitualDagger","Darkness","Rebound","Consume"],"relics":["Cracked Core","Pear","Question Card","Meat on the Bone","Busted Crown","Letter Opener","The Courier","Boot","Singing Bowl"],"potions_floor_usage":[25,25,25,25,30,31,31],"damage_taken":[{"damage":10,"enemies":"2 Louse","floor":1,"turns":2},{"damage":7,"enemies":"Jaw Worm","floor":3,"turns":4},{"damage":32,"enemies":"Lagavulin","floor":6,"turns":7},{"damage":28,"enemies":"3 Sentries","floor":11,"turns":9},{"damage":0,"enemies":"Small Slimes","floor":13,"turns":2},{"damage":40,"enemies":"Slime Boss","floor":16,"turns":13},{"damage":46,"enemies":"3 Byrds","floor":18,"turns":7},{"damage":19,"enemies":"2 Thieves","floor":19,"turns":4},{"damage":9,"enemies":"Snake Plant","floor":21,"turns":5},{"damage":23,"enemies":"Centurion and Healer","floor":24,"turns":7},{"damage":18,"enemies":"Slavers","floor":25,"turns":8},{"damage":0,"enemies":"Sentry and Sphere","floor":27,"turns":4},{"damage":40,"enemies":"Book of Stabbing","floor":30,"turns":9},{"damage":1,"enemies":"Cultist and Chosen","floor":31,"turns":4},{"damage":81,"enemies":"Collector","floor":33,"turns":6}],"seed_played":"-7109586260733950753","potions_obtained":[{"floor":13,"key":"FearPotion"},{"floor":16,"key":"Ancient Potion"},{"floor":18,"key":"EntropicBrew"},{"floor":24,"key":"Explosive Potion"},{"floor":30,"key":"Fire Potion"}],"is_trial":false,"path_per_floor":["M","?","M","$","?","E","R","$","T","R","E","R","M","?","R","B",null,"M","M","?","M","?","?","M","E","T","M","?","R","E","M","R","B"],"character_chosen":"DEFECT","items_purchased":["Capacitor"],"campfire_rested":2,"item_purchase_floors":[8],"current_hp_per_floor":[58,61,54,54,73,41,41,41,41,41,13,36,48,41,41,13,78,44,37,31,34,34,34,23,17,17,29,29,52,26,39,39,0],"gold":173,"neow_bonus":"TRANSFORM_TWO_CARDS","is_prod":false,"is_daily":false,"chose_seed":false,"campfire_upgraded":3,"win_rate":0,"timestamp":1557038942,"path_taken":["M","?","M","$","?","E","R","?","T","R","E","R","M","?","R","BOSS","M","M","?","M","?","?","M","E","T","M","?","R","E","M","R","BOSS"],"build_version":"2019-01-23","purchased_purges":1,"victory":false,"max_hp_per_floor":[68,78,78,78,78,78,78,78,78,78,78,78,78,78,78,78,78,78,78,78,78,78,78,78,78,78,78,78,78,80,82,82,82],"card_choices":[{"not_picked":["Barrage","Redo"],"picked":"Conserve Battery","floor":1},{"not_picked":["Rip and Tear","Redo"],"picked":"Cold Snap","floor":3},{"not_picked":["Streamline","Rebound"],"picked":"Fusion","floor":6},{"not_picked":["Coolheaded","Glacier","Redo"],"picked":"Defragment","floor":11},{"not_picked":["Gash","Cold Snap","Reinforced Body"],"picked":"Skim","floor":13},{"not_picked":["Multi-Cast","Reboot","Seek"],"picked":"Creative AI","floor":16},{"not_picked":["Sweeping Beam+1","Fusion"],"picked":"SKIP","floor":18},{"not_picked":["Compile Driver"],"picked":"Genetic Algorithm","floor":19},{"not_picked":["Steam Power+1","Steam"],"picked":"SKIP","floor":21},{"not_picked":["Barrage"],"picked":"Consume","floor":24},{"not_picked":["Go for the Eyes+1","Sweeping Beam"],"picked":"SKIP","floor":25},{"not_picked":["Turbo+1","Static Discharge+1"],"picked":"SKIP","floor":27},{"not_picked":["Doom and Gloom","Beam Cell"],"picked":"Singing Bowl","floor":30},{"not_picked":["Redo","Chaos"],"picked":"Singing Bowl","floor":31}],"player_experience":249498,"relics_obtained":[{"floor":6,"key":"Question Card"},{"floor":11,"key":"Meat on the Bone"},{"floor":25,"key":"The Courier"},{"floor":26,"key":"Boot"},{"floor":30,"key":"Singing Bowl"}],"event_choices":[{"damage_healed":0,"gold_gain":0,"player_choice":"Success","damage_taken":7,"relics_obtained":["Pear"],"max_hp_gain":0,"max_hp_loss":0,"event_name":"Scrap Ooze","floor":2,"gold_loss":0},{"damage_healed":19,"gold_gain":0,"player_choice":"Healed","damage_taken":0,"max_hp_gain":0,"max_hp_loss":0,"event_name":"The Cleric","floor":5,"gold_loss":35},{"cards_removed":["Strike_B"],"damage_healed":0,"gold_gain":0,"player_choice":"Card Removal","damage_taken":7,"max_hp_gain":0,"max_hp_loss":0,"event_name":"Golden Wing","floor":14,"gold_loss":0},{"damage_healed":0,"gold_gain":0,"player_choice":"Joined the Cult","damage_taken":6,"max_hp_gain":0,"max_hp_loss":0,"event_name":"Nest","floor":20,"gold_loss":0,"cards_obtained":["RitualDagger"]},{"damage_healed":0,"gold_gain":0,"cards_transformed":["Defend_B","Defend_B"],"player_choice":"Became Test Subject","damage_taken":0,"max_hp_gain":0,"max_hp_loss":0,"event_name":"Drug Dealer","floor":22,"gold_loss":0,"cards_obtained":["Darkness","Rebound"]},{"damage_healed":0,"gold_gain":0,"player_choice":"Opened","damage_taken":0,"relics_obtained":["Letter Opener"],"max_hp_gain":0,"max_hp_loss":0,"event_name":"The Mausoleum","floor":23,"gold_loss":0,"cards_obtained":["Writhe"]},{"cards_removed":["Writhe"],"damage_healed":0,"gold_gain":0,"player_choice":"Gave Gold","damage_taken":0,"max_hp_gain":0,"max_hp_loss":0,"event_name":"Beggar","floor":28,"gold_loss":75}],"is_beta":false,"boss_relics":[{"not_picked":["Astrolabe","Ectoplasm"],"picked":"Busted Crown"}],"items_purged_floors":[4],"is_endless":false,"potions_floor_spawned":[13,16,18,24,30],"killed_by":"Collector","ascension_level":4}