{"gold_per_floor":[119,135,60,60,75,75,103,103,103,113,129,129,146,179,179,253,253,273,286,286,300,19,19,19,19,19,19,19,38,50,64,64,138,138,155,155,55,55,67,67,84,84,108,128,128,128,3,20,20,20],"floor_reached":51,"playtime":2145,"items_purged":["Strike_R","Writhe","Strike_R"],"score":1336,"play_id":"7ec4495f-0f60-4c3f-a583-82b1bd371a34","local_time":"20190331202019","is_ascension_mode":true,"campfire_choices":[{"data":"Cleave","floor":6.0,"key":"SMITH"},{"data":"Anger","floor":8.0,"key":"SMITH"},{"data":"Shrug It Off","floor":12.0,"key":"SMITH"},{"floor":15.0,"key":"REST"},{"data":"Flame Barrier","floor":24.0,"key":"SMITH"},{"floor":27.0,"key":"REST"},{"floor":32.0,"key":"REST"},{"data":"Brutality","floor":40.0,"key":"SMITH"},{"floor":45.0,"key":"REST"},{"data":"Limit Break","floor":49.0,"key":"SMITH"}],"neow_cost":"NONE","seed_source_timestamp":269277958832299,"circlet_count":0,"master_deck":["AscendersBane","Strike_R","Strike_R","Defend_R","Defend_R","Bash+1","Cleave+1","Shrug It Off+1","Disarm","Anger+1","Headbutt","Flame Barrier+1","Brutality+1","Reaper","Clash","Bloodletting","RitualDagger","Rupture","Limit Break+1","Sword Boomerang"],"special_seed":0,"relics":["Burning Blood","Self Forming Clay","Shuriken","Oddly Smooth Stone","Sozu","Kunai","StoneCalendar","Busted Crown","Strawberry"],"potions_floor_usage":[],"damage_taken":[{"damage":3.0,"enemies":"Jaw Worm","floor":1.0,"turns":4.0},{"damage":5.0,"enemies":"Cultist","floor":2.0,"turns":4.0},{"damage":10.0,"enemies":"2 Louse","floor":5.0,"turns":2.0},{"damage":31.0,"enemies":"Lagavulin","floor":7.0,"turns":7.0},{"damage":7.0,"enemies":"Red Slaver","floor":10.0,"turns":3.0},{"damage":0.0,"enemies":"2 Fungi Beasts","floor":11.0,"turns":2.0},{"damage":17.0,"enemies":"Large Slime","floor":13.0,"turns":4.0},{"damage":21.0,"enemies":"3 Sentries","floor":14.0,"turns":8.0},{"damage":0.0,"enemies":"Slime Boss","floor":16.0,"turns":5.0},{"damage":0.0,"enemies":"3 Byrds","floor":18.0,"turns":5.0},{"damage":10.0,"enemies":"Spheric Guardian","floor":19.0,"turns":4.0},{"damage":33.0,"enemies":"Snecko","floor":21.0,"turns":7.0},{"damage":18.0,"enemies":"Colosseum Slavers","floor":23.0,"turns":4.0},{"damage":16.0,"enemies":"Shelled Parasite and Fungi","floor":29.0,"turns":6.0},{"damage":16.0,"enemies":"Centurion and Healer","floor":30.0,"turns":7.0},{"damage":23.0,"enemies":"Snake Plant","floor":31.0,"turns":4.0},{"damage":83.0,"enemies":"Collector","floor":33.0,"turns":8.0},{"damage":22.0,"enemies":"3 Shapes","floor":35.0,"turns":6.0},{"damage":48.0,"enemies":"3 Darklings","floor":39.0,"turns":5.0},{"damage":19.0,"enemies":"Writhing Mass","floor":41.0,"turns":6.0},{"damage":40.0,"enemies":"Spire Growth","floor":44.0,"turns":4.0},{"damage":26.0,"enemies":"3 Darklings","floor":48.0,"turns":5.0},{"damage":71,"enemies":"Time Eater","floor":50,"turns":9}],"seed_played":"3298113093152887651","potions_obtained":[{"floor":1.0,"key":"SteroidPotion"},{"floor":14.0,"key":"Strength Potion"},{"floor":16.0,"key":"Energy Potion"}],"is_trial":false,"path_per_floor":["M","M","$","?","M","R","E","R","T","M","M","R","M","E","R","B",null,"M","M","?","M","$","?","R","?","T","R","?","M","M","M","R","B",null,"M","?","$","?","M","R","M","?","T","M","R","?","$","M","R","B",null],"character_chosen":"IRONCLAD","items_purchased":["Kunai"],"campfire_rested":4,"item_purchase_floors":[22],"current_hp_per_floor":[71,72,72,72,68,68,43,43,43,42,48,48,37,22,44,50,69,75,71,71,51,51,51,51,51,51,73,67,63,69,52,74,9,59,55,70,70,70,61,61,75,72,79,45,68,89,89,70,70,27],"gold":20,"neow_bonus":"UPGRADE_CARD","is_prod":false,"is_daily":false,"chose_seed":false,"campfire_upgraded":6,"win_rate":0,"timestamp":1554078019,"path_taken":["M","M","$","?","M","R","E","R","T","M","M","R","M","E","R","BOSS","M","?","?","?","$","?","R","?","T","R","?","M","M","M","R","BOSS","M","?","$","?","M","R","M","?","T","?","R","?","?","M","R","BOSS"],"build_version":"2019-03-15","purchased_purges":3,"victory":true,"max_hp_per_floor":[75,75,75,75,75,75,75,75,75,75,75,75,75,75,75,75,75,75,75,75,75,75,75,75,75,75,75,75,75,75,75,75,75,75,75,75,75,75,75,75,75,72,79,79,79,89,89,89,89,89],"card_choices":[{"not_picked":["Disarm","Wild Strike"],"picked":"Cleave","floor":1.0},{"not_picked":["Warcry","Perfected Strike"],"picked":"Shrug It Off","floor":2.0},{"not_picked":["Heavy Blade","Body Slam"],"picked":"Disarm","floor":5.0},{"not_picked":["Twin Strike","Shockwave"],"picked":"Anger","floor":7.0},{"not_picked":["Carnage","Pommel Strike"],"picked":"Headbutt","floor":10.0},{"not_picked":["Dual Wield","Sword Boomerang"],"picked":"Limit Break","floor":11.0},{"not_picked":["Clothesline","Cleave"],"picked":"Flame Barrier","floor":13.0},{"not_picked":["Reaper","Warcry"],"picked":"Brutality","floor":14.0},{"not_picked":["Barricade","Berserk"],"picked":"Reaper","floor":16.0},{"not_picked":["Shrug It Off","Hemokinesis"],"picked":"Clash","floor":18.0},{"not_picked":["Seeing Red","Pommel Strike","Flex"],"picked":"SKIP","floor":19.0},{"not_picked":["Rampage","Seeing Red","Perfected Strike"],"picked":"SKIP","floor":21.0},{"not_picked":["Combust","Fire Breathing"],"picked":"Rupture","floor":29.0},{"not_picked":["Armaments","Cleave","Rampage"],"picked":"SKIP","floor":30.0},{"not_picked":["Infernal Blade","Warcry","Twin Strike+1"],"picked":"SKIP","floor":31.0},{"not_picked":["Juggernaut","Bludgeon"],"picked":"Limit Break","floor":33.0},{"not_picked":["Warcry"],"picked":"SKIP","floor":35.0},{"not_picked":["Thunderclap"],"picked":"SKIP","floor":39.0},{"not_picked":[],"picked":"Sword Boomerang","floor":41.0},{"not_picked":["Warcry"],"picked":"SKIP","floor":44.0},{"not_picked":["Body Slam"],"picked":"SKIP","floor":48.0}],"player_experience":675011,"relics_obtained":[{"floor":7.0,"key":"Self Forming Clay"},{"floor":9.0,"key":"Shuriken"},{"floor":14.0,"key":"Oddly Smooth Stone"},{"floor":26.0,"key":"StoneCalendar"},{"floor":43.0,"key":"Strawberry"}],"event_choices":[{"cards_removed":["Defend_R"],"damage_healed":0.0,"max_hp_gain":0.0,"max_hp_loss":0.0,"gold_gain":0.0,"event_name":"Purifier","player_choice":"Purged","floor":4.0,"gold_loss":0.0,"damage_taken":0.0},{"damage_healed":0.0,"max_hp_gain":0.0,"max_hp_loss":0.0,"gold_gain":0.0,"cards_transformed":["Strike_R"],"event_name":"Transmorgrifier","player_choice":"Transformed","floor":20.0,"gold_loss":0.0,"damage_taken":0.0,"cards_obtained":["Bloodletting"]},{"damage_healed":0.0,"max_hp_gain":0.0,"max_hp_loss":0.0,"gold_gain":0.0,"event_name":"Colosseum","player_choice":"Fight","floor":23.0,"gold_loss":0.0,"damage_taken":0.0},{"damage_healed":0.0,"max_hp_gain":0.0,"max_hp_loss":0.0,"gold_gain":0.0,"event_name":"Colosseum","player_choice":"Fled From Nobs","floor":23.0,"gold_loss":0.0,"damage_taken":0.0},{"cards_removed":["Defend_R"],"damage_healed":0.0,"max_hp_gain":0.0,"max_hp_loss":0.0,"gold_gain":0.0,"event_name":"Back to Basics","player_choice":"Elegance","floor":25.0,"gold_loss":0.0,"damage_taken":0.0},{"damage_healed":0.0,"max_hp_gain":0.0,"max_hp_loss":0.0,"gold_gain":0.0,"event_name":"Nest","player_choice":"Joined the Cult","floor":28.0,"gold_loss":0.0,"damage_taken":6.0,"cards_obtained":["RitualDagger"]},{"damage_healed":15.0,"max_hp_gain":0.0,"max_hp_loss":0.0,"gold_gain":0.0,"event_name":"Winding Halls","player_choice":"Writhe","floor":36.0,"gold_loss":0.0,"damage_taken":0.0,"cards_obtained":["Writhe"]},{"damage_healed":0.0,"max_hp_gain":0.0,"max_hp_loss":0.0,"gold_gain":0.0,"event_name":"Mysterious Sphere","player_choice":"Ignored","floor":38.0,"gold_loss":0.0,"damage_taken":0.0},{"cards_removed":["Parasite"],"damage_healed":0.0,"max_hp_gain":0.0,"max_hp_loss":0.0,"gold_gain":0.0,"event_name":"Fountain of Cleansing","player_choice":"Removed Curses","floor":42.0,"gold_loss":0.0,"damage_taken":0.0},{"cards_removed":["Limit Break"],"damage_healed":11.0,"max_hp_gain":10.0,"max_hp_loss":0.0,"gold_gain":0.0,"event_name":"Bonfire Elementals","player_choice":"Offered Rare","floor":46.0,"gold_loss":0.0,"damage_taken":0.0}],"is_beta":true,"boss_relics":[{"not_picked":["Calling Bell","Pandora\u0027s Box"],"picked":"Sozu"},{"not_picked":["Tiny House","Black Blood"],"picked":"Busted Crown"}],"items_purged_floors":[3,37,47],"is_endless":false,"potions_floor_spawned":[1,14,16,18,21,23,35,44],"ascension_level":16}