{"gold_per_floor":[111,186,186,186,206,206,206,217,290,316,336,336],"floor_reached":12,"playtime":369,"items_purged":[],"score":137,"play_id":"3ba9260e-cb5c-4d22-abd7-3392a8a137c5","local_time":"20190426181355","is_ascension_mode":true,"campfire_choices":[{"data":"Bash","floor":6,"key":"SMITH"}],"neow_cost":"NONE","seed_source_timestamp":624010543261467,"circlet_count":0,"master_deck":["AscendersBane","Strike_R","Strike_R","Strike_R","Strike_R","Defend_R","Defend_R","Defend_R","Defend_R","Bash+1","True Grit","Twin Strike","Fire Breathing","Rage","Battle Trance"],"relics":["Burning Blood","NeowsBlessing","Oddly Smooth Stone","Ornamental Fan","Molten Egg 2","StoneCalendar"],"potions_floor_usage":[12],"damage_taken":[{"damage":0,"enemies":"Small Slimes","floor":1,"turns":1},{"damage":0,"enemies":"2 Louse","floor":5,"turns":1},{"damage":0,"enemies":"Cultist","floor":8,"turns":1},{"damage":36,"enemies":"Lagavulin","floor":10,"turns":8},{"damage":7,"enemies":"Blue Slaver","floor":11,"turns":4},{"damage":26,"enemies":"Gremlin Nob","floor":12,"turns":3}],"seed_played":"-5819866427346711149","potions_obtained":[{"floor":1,"key":"Ancient Potion"},{"floor":5,"key":"Swift Potion"},{"floor":10,"key":"Strength Potion"}],"is_trial":false,"path_per_floor":["M","?","?","?","M","R","?","M","T","E","M","E"],"character_chosen":"IRONCLAD","items_purchased":[],"campfire_rested":0,"item_purchase_floors":[],"current_hp_per_floor":[74,63,56,45,51,51,51,57,57,27,26,0],"gold":336,"neow_bonus":"THREE_ENEMY_KILL","is_prod":false,"is_daily":false,"chose_seed":false,"campfire_upgraded":1,"win_rate":0,"timestamp":1556316835,"path_taken":["M","?","?","?","M","R","?","?","T","E","M","E"],"build_version":"2019-01-23","purchased_purges":0,"victory":false,"max_hp_per_floor":[75,75,75,75,75,75,75,75,75,75,75,75],"card_choices":[{"not_picked":["Blood for Blood","Second Wind"],"picked":"True Grit","floor":1},{"not_picked":["Wild Strike","Clothesline"],"picked":"Twin Strike","floor":5},{"not_picked":["Wild Strike","Second Wind"],"picked":"Fire Breathing","floor":8},{"not_picked":["Warcry","Dropkick+1"],"picked":"Rage","floor":10},{"not_picked":["Headbutt+1","Shrug It Off"],"picked":"Battle Trance","floor":11}],"player_experience":2136431,"relics_obtained":[{"floor":9,"key":"Molten Egg 2"},{"floor":10,"key":"StoneCalendar"}],"event_choices":[{"damage_healed":0,"gold_gain":75,"player_choice":"Gather Gold","damage_taken":11,"max_hp_gain":0,"max_hp_loss":0,"event_name":"World of Goop","floor":2,"gold_loss":0},{"cards_removed":["Strike_R"],"damage_healed":0,"gold_gain":0,"player_choice":"Card Removal","damage_taken":7,"max_hp_gain":0,"max_hp_loss":0,"event_name":"Golden Wing","floor":3,"gold_loss":0},{"damage_healed":0,"gold_gain":0,"player_choice":"Success","damage_taken":11,"relics_obtained":["Oddly Smooth Stone"],"max_hp_gain":0,"max_hp_loss":0,"event_name":"Scrap Ooze","floor":4,"gold_loss":0},{"damage_healed":0,"gold_gain":0,"player_choice":"Gave Potion","damage_taken":0,"relics_obtained":["Ornamental Fan"],"max_hp_gain":0,"max_hp_loss":0,"event_name":"WeMeetAgain","floor":7,"gold_loss":0}],"is_beta":false,"boss_relics":[],"items_purged_floors":[],"is_endless":false,"potions_floor_spawned":[1,5,10,11],"killed_by":"Gremlin Nob","ascension_level":15}