{"gold_per_floor":[110,72,72,88,17,52,70,101,125,145,164,189,202,51,51,150,150,163,88,100,21,21,46,46,78,78,89,55,55,55],"floor_reached":30,"playtime":1973,"items_purged":["Strike_B"],"score":380,"play_id":"c94d2fab-0048-42a2-8504-d2340ccb8602","local_time":"20181226213036","is_ascension_mode":true,"campfire_choices":[{"data":"Storm","floor":15.0,"key":"SMITH"},{"floor":24,"key":"REST"},{"data":"Defragment","floor":29,"key":"SMITH"}],"neow_cost":"NONE","seed_source_timestamp":242532070236511,"circlet_count":0,"master_deck":["Strike_B","Strike_B","Strike_B","Defend_B","Defend_B","Defend_B","Zap","Dualcast","Defragment","Storm+1","Conserve Battery","Steam","Go for the Eyes","Reinforced Body","Loop","Capacitor","Defragment+1","FTL","Hologram","Force Field","Leap","Conserve Battery","Storm","Thunder Strike","Lockon+1","Defragment","Self Repair","Heatsinks","Storm"],"special_seed":0,"relics":["Orrery","Lantern","Dream Catcher","Strawberry","Gremlin Horn","Blood Vial","Darkstone Periapt","Pear"],"potions_floor_usage":[23,23,23,27],"damage_taken":[{"damage":0.0,"enemies":"2 Louse","floor":1.0,"turns":3.0},{"damage":1.0,"enemies":"Jaw Worm","floor":4.0,"turns":4.0},{"damage":8.0,"enemies":"Lagavulin","floor":6.0,"turns":7.0},{"damage":0.0,"enemies":"Small Slimes","floor":7.0,"turns":4.0},{"damage":17.0,"enemies":"Gremlin Nob","floor":8.0,"turns":4.0},{"damage":17.0,"enemies":"Exordium Wildlife","floor":10.0,"turns":3.0},{"damage":0.0,"enemies":"Large Slime","floor":11.0,"turns":6.0},{"damage":18.0,"enemies":"Lagavulin","floor":12.0,"turns":7.0},{"damage":0.0,"enemies":"2 Fungi Beasts","floor":13.0,"turns":3.0},{"damage":0.0,"enemies":"Hexaghost","floor":16.0,"turns":9.0},{"damage":9.0,"enemies":"Spheric Guardian","floor":18.0,"turns":4.0},{"damage":12.0,"enemies":"3 Byrds","floor":20.0,"turns":4.0},{"damage":48,"enemies":"Slavers","floor":23,"turns":5},{"damage":4,"enemies":"Gremlin Leader","floor":25,"turns":5},{"damage":16,"enemies":"Snake Plant","floor":27,"turns":3},{"damage":4,"enemies":"Colosseum Slavers","floor":30,"turns":3},{"damage":63,"enemies":"Colosseum Nobs","floor":30,"turns":4}],"seed_played":"-2903689458958352985","potions_obtained":[{"floor":1.0,"key":"SteroidPotion"},{"floor":8.0,"key":"Weak Potion"},{"floor":10.0,"key":"Explosive Potion"},{"floor":11.0,"key":"SkillPotion"},{"floor":12.0,"key":"FearPotion"},{"floor":16.0,"key":"SpeedPotion"},{"floor":20.0,"key":"Poison Potion"},{"floor":25,"key":"PowerPotion"}],"is_trial":false,"path_per_floor":["M","$","?","M","$","E","M","E","T","M","M","E","M","$","R","B",null,"M","?","M","$","?","E","R","E","T","M","$","R","?"],"character_chosen":"DEFECT","items_purchased":["Loop","Capacitor","Storm","Self Repair","Storm"],"campfire_rested":1,"item_purchase_floors":[2,5,14,21,28],"current_hp_per_floor":[75,75,80,79,79,71,71,54,61,44,44,26,26,26,26,26,87,78,78,66,66,66,25,51,56,66,52,52,52,0],"gold":55,"neow_bonus":"BOSS_RELIC","is_prod":false,"is_daily":false,"chose_seed":false,"campfire_upgraded":2,"win_rate":0,"timestamp":1545849036,"path_taken":["M","$","?","M","$","E","M","E","T","M","M","E","M","$","R","BOSS","M","?","M","$","?","E","R","E","T","M","?","R","?"],"build_version":"2018-12-20","purchased_purges":1,"victory":false,"max_hp_per_floor":[75,75,80,80,80,80,80,80,87,87,87,87,87,87,87,87,87,87,87,87,87,87,87,87,87,97,97,97,97,97],"card_choices":[{"not_picked":["Sweeping Beam","Stack"],"picked":"Defragment","floor":0.0},{"not_picked":["Compile Driver","Steam"],"picked":"Storm","floor":0.0},{"not_picked":["Skim","Barrage"],"picked":"Conserve Battery","floor":0.0},{"not_picked":["Beam Cell","Tempest"],"picked":"Steam","floor":0.0},{"not_picked":["Beam Cell","Ball Lightning"],"picked":"Go for the Eyes","floor":0.0},{"not_picked":["Static Discharge","Steam"],"picked":"Reinforced Body","floor":1.0},{"not_picked":["Thunder Strike","Redo","Cold Snap"],"picked":"SKIP","floor":4.0},{"not_picked":["Barrage","Aggregate"],"picked":"Defragment","floor":6.0},{"not_picked":["Conserve Battery","Darkness"],"picked":"FTL","floor":7.0},{"not_picked":["Compile Driver","Gash"],"picked":"Hologram","floor":8.0},{"not_picked":["Cold Snap","Heatsinks"],"picked":"Force Field","floor":10.0},{"not_picked":["Cold Snap","Gash"],"picked":"Leap","floor":11.0},{"not_picked":["Chaos","Cold Snap"],"picked":"Conserve Battery","floor":12.0},{"not_picked":["Sunder","Fusion","Chill"],"picked":"SKIP","floor":13.0},{"not_picked":["Core Surge","Multi-Cast"],"picked":"Thunder Strike","floor":16.0},{"not_picked":["Streamline","White Noise"],"picked":"Lockon+1","floor":18.0},{"not_picked":["Sweeping Beam","Go for the Eyes"],"picked":"Defragment","floor":20.0},{"not_picked":["Aggregate","Redo"],"picked":"Heatsinks","floor":23},{"not_picked":["Hologram","Leap","Chill"],"picked":"SKIP","floor":25},{"not_picked":["Streamline","Conserve Battery","Melter+1"],"picked":"SKIP","floor":27}],"player_experience":506304,"relics_obtained":[{"floor":6.0,"key":"Lantern"},{"floor":8.0,"key":"Dream Catcher"},{"floor":9.0,"key":"Strawberry"},{"floor":12.0,"key":"Gremlin Horn"},{"floor":23,"key":"Blood Vial"},{"floor":25,"key":"Darkstone Periapt"},{"floor":26,"key":"Pear"}],"event_choices":[{"damage_healed":0.0,"max_hp_gain":5.0,"max_hp_loss":0.0,"gold_gain":0.0,"event_name":"Big Fish","player_choice":"Donut","floor":3.0,"gold_loss":0.0,"damage_taken":0.0},{"cards_removed":["Defend_B"],"damage_healed":0.0,"max_hp_gain":0.0,"max_hp_loss":0.0,"gold_gain":0.0,"event_name":"Beggar","player_choice":"Gave Gold","floor":19.0,"gold_loss":75.0,"damage_taken":0.0},{"damage_healed":0,"gold_gain":0,"player_choice":"Ignored","damage_taken":0,"max_hp_gain":0,"max_hp_loss":0,"event_name":"The Mausoleum","floor":22,"gold_loss":0},{"damage_healed":0,"gold_gain":0,"player_choice":"Fight","damage_taken":0,"max_hp_gain":0,"max_hp_loss":0,"event_name":"Colosseum","floor":30,"gold_loss":0},{"damage_healed":0,"gold_gain":0,"player_choice":"Fought Nobs","damage_taken":0,"max_hp_gain":0,"max_hp_loss":0,"event_name":"Colosseum","floor":30,"gold_loss":0}],"is_beta":false,"boss_relics":[{"not_picked":["Calling Bell","Busted Crown","Philosopher\u0027s Stone"]}],"items_purged_floors":[14],"is_endless":false,"potions_floor_spawned":[1,8,10,11,12,16,20,25,30],"killed_by":"Colosseum Nobs","ascension_level":1}