{"gold_per_floor":[118,132,132,147,163,163,191,203,263,275,315,327,365,377,389,500,512,540,552,564,592,172,172,192,208,208,208,228,31,31,44,44,142,192,212,212,225,136,148,148,177,177,177,197,232,247,347,363,363,363],"floor_reached":51,"playtime":2357,"items_purged":["Strike_R+1","Strike_R+1"],"score":869,"play_id":"f6d3e648-eb30-4ad9-82c7-268beb695607","local_time":"20190204215149","is_ascension_mode":false,"campfire_choices":[{"data":"Twin Strike","floor":6.0,"key":"SMITH"},{"data":"Feed","floor":10.0,"key":"SMITH"},{"data":"Bash","floor":12.0,"key":"SMITH"},{"data":"Sword Boomerang","floor":15.0,"key":"SMITH"},{"data":"Limit Break","floor":23.0,"key":"SMITH"},{"data":"Spot Weakness","floor":27.0,"key":"SMITH"},{"data":"Combust","floor":32.0,"key":"SMITH"},{"data":"Offering","floor":40.0,"key":"SMITH"},{"data":"Battle Trance","floor":42.0,"key":"SMITH"},{"floor":49,"key":"REST"}],"neow_cost":"NONE","seed_source_timestamp":210514794044100,"circlet_count":0,"master_deck":["Defend_R+1","Defend_R+1","Defend_R+1","Bash+1","Twin Strike+1","Clash+1","Spot Weakness+1","Combust+1","Disarm+1","Feed+1","Battle Trance+1","Sword Boomerang+1","Limit Break+1","Clothesline+1","Metallicize+1","Disarm","Offering+1","Inflame","Iron Wave+1","Twin Strike+1","Reaper"],"special_seed":0,"relics":["Burning Blood","Matryoshka","MawBank","Smiling Mask","Ancient Tea Set","Dodecahedron","Busted Crown","Bag of Marbles","Oddly Smooth Stone","Singing Bowl","Bottled Lightning","Sling","Tiny House","Juzu Bracelet","Champion Belt","Incense Burner"],"potions_floor_usage":[50,50,50],"damage_taken":[{"damage":5.0,"enemies":"Small Slimes","floor":1.0,"turns":4.0},{"damage":6.0,"enemies":"Jaw Worm","floor":2.0,"turns":3.0},{"damage":9.0,"enemies":"Cultist","floor":4.0,"turns":4.0},{"damage":2.0,"enemies":"Exordium Wildlife","floor":5.0,"turns":2.0},{"damage":13.0,"enemies":"Lagavulin","floor":7.0,"turns":5.0},{"damage":0.0,"enemies":"Large Slime","floor":11.0,"turns":1.0},{"damage":21.0,"enemies":"3 Sentries","floor":13.0,"turns":4.0},{"damage":0.0,"enemies":"Slime Boss","floor":16.0,"turns":5.0},{"damage":7.0,"enemies":"Shell Parasite","floor":18.0,"turns":2.0},{"damage":4.0,"enemies":"Chosen","floor":21.0,"turns":4.0},{"damage":7.0,"enemies":"3 Cultists","floor":24.0,"turns":4.0},{"damage":3.0,"enemies":"Centurion and Healer","floor":25.0,"turns":3.0},{"damage":0.0,"enemies":"Cultist and Chosen","floor":28.0,"turns":4.0},{"damage":8.0,"enemies":"Snecko","floor":31.0,"turns":5.0},{"damage":42.0,"enemies":"Automaton","floor":33.0,"turns":11.0},{"damage":12.0,"enemies":"3 Shapes","floor":35.0,"turns":5.0},{"damage":7.0,"enemies":"Orb Walker","floor":37.0,"turns":2.0},{"damage":28.0,"enemies":"Writhing Mass","floor":39.0,"turns":4.0},{"damage":10.0,"enemies":"Giant Head","floor":41.0,"turns":5.0},{"damage":12.0,"enemies":"Spire Growth","floor":44.0,"turns":3.0},{"damage":46.0,"enemies":"Reptomancer","floor":45.0,"turns":4.0},{"damage":10.0,"enemies":"4 Shapes","floor":46.0,"turns":4.0},{"damage":6.0,"enemies":"Mind Bloom Boss Battle","floor":47.0,"turns":3.0},{"damage":40,"enemies":"Writhing Mass","floor":48,"turns":4},{"damage":33,"enemies":"Awakened One","floor":50,"turns":7}],"seed_played":"-5885241901967894728","potions_obtained":[{"floor":1.0,"key":"Block Potion"},{"floor":2.0,"key":"Block Potion"},{"floor":4.0,"key":"AttackPotion"},{"floor":5.0,"key":"Block Potion"},{"floor":21.0,"key":"Energy Potion"},{"floor":24.0,"key":"SteroidPotion"},{"floor":25.0,"key":"EssenceOfSteel"},{"floor":34.0,"key":"Regen Potion"},{"floor":39.0,"key":"Swift Potion"},{"floor":41.0,"key":"EssenceOfSteel"},{"floor":44.0,"key":"SteroidPotion"},{"floor":46.0,"key":"Regen Potion"}],"is_trial":false,"path_per_floor":["M","M","?","M","M","R","E","?","T","R","M","R","E","?","R","B",null,"M","?","?","M","$","R","M","M","T","R","M","$","?","M","R","B",null,"M","?","M","$","M","R","E","R","T","M","E","M","?","M","R","B",null],"character_chosen":"IRONCLAD","items_purchased":["Bag of Marbles","Metallicize","Oddly Smooth Stone","Sling","Inflame"],"campfire_rested":1,"item_purchase_floors":[22,22,22,29,38],"current_hp_per_floor":[80,80,68,65,69,69,62,62,62,62,68,68,57,40,40,50,88,91,91,91,96,96,96,99,100,100,100,106,106,106,110,110,78,123,123,123,124,124,106,106,108,108,108,102,74,76,78,46,89,127],"gold":363,"neow_bonus":"TRANSFORM_CARD","is_prod":false,"is_daily":false,"chose_seed":false,"campfire_upgraded":9,"win_rate":0,"timestamp":1549335109,"path_taken":["M","M","?","M","M","R","E","?","T","R","?","R","E","?","R","BOSS","M","?","?","M","$","R","M","M","T","R","?","$","?","M","R","BOSS","M","?","M","$","M","R","E","R","T","M","E","M","?","M","R","BOSS"],"build_version":"2019-01-23","purchased_purges":2,"victory":true,"max_hp_per_floor":[80,80,80,80,80,80,80,80,80,80,80,80,84,84,84,88,88,92,92,92,96,96,96,100,100,100,100,106,106,106,112,112,116,123,129,123,125,125,129,129,135,135,135,135,135,141,143,145,145,145],"card_choices":[{"not_picked":["Ghostly Armor","Sword Boomerang"],"picked":"Clash","floor":1.0},{"not_picked":["Evolve","True Grit"],"picked":"Spot Weakness","floor":2.0},{"not_picked":["Body Slam","Shrug It Off"],"picked":"Combust","floor":4.0},{"not_picked":["Wild Strike","Intimidate"],"picked":"Disarm","floor":5.0},{"not_picked":["Rupture","Flame Barrier"],"picked":"Feed","floor":7.0},{"not_picked":["Dual Wield","Pommel Strike","Body Slam"],"picked":"SKIP","floor":11.0},{"not_picked":["Havoc","Flame Barrier"],"picked":"Sword Boomerang","floor":13.0},{"not_picked":["Impervious","Fiend Fire"],"picked":"Limit Break","floor":16.0},{"not_picked":["True Grit"],"picked":"SKIP","floor":18.0},{"not_picked":[],"picked":"Clothesline+1","floor":21.0},{"not_picked":[],"picked":"Disarm","floor":24.0},{"not_picked":["Body Slam"],"picked":"SKIP","floor":25.0},{"not_picked":["Cleave+1"],"picked":"Singing Bowl","floor":28.0},{"not_picked":["Pommel Strike"],"picked":"Singing Bowl","floor":31.0},{"not_picked":[],"picked":"Offering","floor":33.0},{"not_picked":["Havoc"],"picked":"Singing Bowl","floor":34.0},{"not_picked":["Fire Breathing+1"],"picked":"Singing Bowl","floor":35.0},{"not_picked":["Armaments+1"],"picked":"Singing Bowl","floor":37.0},{"not_picked":[],"picked":"Iron Wave+1","floor":39.0},{"not_picked":["Armaments+1"],"picked":"Singing Bowl","floor":41.0},{"not_picked":[],"picked":"Twin Strike+1","floor":44.0},{"not_picked":[],"picked":"Reaper","floor":45.0},{"not_picked":["Havoc"],"picked":"Singing Bowl","floor":46.0},{"not_picked":["Body Slam"],"picked":"Singing Bowl","floor":47.0},{"not_picked":["True Grit+1"],"picked":"Singing Bowl","floor":48}],"player_experience":570507,"relics_obtained":[{"floor":7.0,"key":"MawBank"},{"floor":9.0,"key":"Smiling Mask"},{"floor":9.0,"key":"Ancient Tea Set"},{"floor":13.0,"key":"Dodecahedron"},{"floor":26.0,"key":"Singing Bowl"},{"floor":26.0,"key":"Bottled Lightning"},{"floor":41.0,"key":"Juzu Bracelet"},{"floor":45.0,"key":"Champion Belt"},{"floor":47.0,"key":"Incense Burner"}],"event_choices":[{"damage_healed":0.0,"max_hp_gain":0.0,"max_hp_loss":0.0,"gold_gain":0.0,"event_name":"Scrap Ooze","player_choice":"Success","floor":3.0,"gold_loss":0.0,"damage_taken":12.0,"relics_obtained":["Matryoshka"]},{"damage_healed":0.0,"max_hp_gain":0.0,"max_hp_loss":0.0,"gold_gain":0.0,"cards_transformed":["Defend_R"],"event_name":"Transmorgrifier","player_choice":"Transformed","floor":8.0,"gold_loss":0.0,"damage_taken":0.0,"cards_obtained":["Battle Trance"]},{"damage_healed":0.0,"max_hp_gain":0.0,"max_hp_loss":0.0,"gold_gain":0.0,"event_name":"Shining Light","player_choice":"Entered Light","floor":14.0,"gold_loss":0.0,"damage_taken":17.0,"cards_upgraded":["Clash","Disarm"]},{"damage_healed":0.0,"max_hp_gain":0.0,"max_hp_loss":0.0,"gold_gain":0.0,"event_name":"Back to Basics","player_choice":"Simplicity","floor":19.0,"gold_loss":0.0,"damage_taken":0.0,"cards_upgraded":["Strike_R","Strike_R","Strike_R","Strike_R","Defend_R","Defend_R","Defend_R"]},{"cards_removed":["Strike_R"],"damage_healed":0.0,"max_hp_gain":0.0,"max_hp_loss":0.0,"gold_gain":0.0,"event_name":"Purifier","player_choice":"Purged","floor":20.0,"gold_loss":0.0,"damage_taken":0.0},{"cards_removed":["Strike_R"],"damage_healed":0.0,"max_hp_gain":0.0,"max_hp_loss":0.0,"gold_gain":0.0,"event_name":"Bonfire Elementals","player_choice":"Offered Basic","floor":30.0,"gold_loss":0.0,"damage_taken":0.0},{"damage_healed":0.0,"max_hp_gain":0.0,"max_hp_loss":6.0,"gold_gain":0.0,"event_name":"Winding Halls","player_choice":"Max HP","floor":36.0,"gold_loss":0.0,"damage_taken":0.0},{"damage_healed":0.0,"max_hp_gain":0.0,"max_hp_loss":0.0,"gold_gain":0.0,"event_name":"MindBloom","player_choice":"Fight","floor":47.0,"gold_loss":0.0,"damage_taken":0.0}],"is_beta":true,"boss_relics":[{"not_picked":["Orrery","Calling Bell"],"picked":"Busted Crown"},{"not_picked":["Mark of Pain","Coffee Dripper"],"picked":"Tiny House"}],"items_purged_floors":[22,38],"is_endless":false,"potions_floor_spawned":[1,2,4,5,21,24,25,39,41,44,46],"ascension_level":0}