{"gold_per_floor":[110,110,128,128,148,182,107,107,132,148,148,148,148],"floor_reached":13,"playtime":524,"items_purged":["Strike_R"],"score":95,"play_id":"819b2f0e-41aa-413f-b752-0b6724c7b69d","local_time":"20190504155913","is_ascension_mode":true,"campfire_choices":[{"floor":8,"key":"REST"}],"neow_cost":"TEN_PERCENT_HP_LOSS","seed_source_timestamp":1008524223240000,"circlet_count":0,"master_deck":["Strike_R","Strike_R","Strike_R","Strike_R","Defend_R","Defend_R","Defend_R","Bash","Shrug It Off","Shrug It Off","Ghostly Armor"],"relics":["Burning Blood","Torii","Golden Idol","Ancient Tea Set","Blue Candle"],"potions_floor_usage":[6,13],"damage_taken":[{"damage":14,"enemies":"Small Slimes","floor":1,"turns":4},{"damage":12,"enemies":"Cultist","floor":3,"turns":5},{"damage":7,"enemies":"Jaw Worm","floor":5,"turns":5},{"damage":30,"enemies":"Lagavulin","floor":6,"turns":9},{"damage":3,"enemies":"Large Slime","floor":10,"turns":11},{"damage":43,"enemies":"Gremlin Nob","floor":13,"turns":6}],"seed_played":"-9012505060619079131","potions_obtained":[{"floor":3,"key":"Energy Potion"},{"floor":6,"key":"Swift Potion"},{"floor":10,"key":"Ancient Potion"}],"is_trial":false,"path_per_floor":["M","?","M","?","M","E","$","R","T","M","?","?","E"],"character_chosen":"IRONCLAD","items_purchased":[],"campfire_rested":1,"item_purchase_floors":[],"current_hp_per_floor":[64,46,40,40,39,15,15,36,36,39,44,32,0],"gold":148,"neow_bonus":"ONE_RARE_RELIC","is_prod":false,"is_daily":false,"chose_seed":false,"campfire_upgraded":0,"win_rate":0,"timestamp":1556999953,"path_taken":["M","?","M","?","?","E","$","R","T","M","?","?","E"],"build_version":"2019-01-23","purchased_purges":1,"victory":false,"max_hp_per_floor":[72,72,72,72,72,72,72,72,72,72,77,77,77],"card_choices":[{"not_picked":["Twin Strike","Pommel Strike"],"picked":"Shrug It Off","floor":1},{"not_picked":["Clothesline","Havoc"],"picked":"Shrug It Off","floor":3},{"not_picked":["Heavy Blade","Sword Boomerang","Uppercut"],"picked":"SKIP","floor":5},{"not_picked":["Sword Boomerang","Bloodletting","Second Wind"],"picked":"SKIP","floor":6},{"not_picked":["Shockwave","Iron Wave"],"picked":"Ghostly Armor","floor":10}],"player_experience":245828,"relics_obtained":[{"floor":6,"key":"Ancient Tea Set"}],"event_choices":[{"damage_healed":0,"gold_gain":0,"player_choice":"Take Damage","damage_taken":18,"relics_obtained":["Golden Idol"],"max_hp_gain":0,"max_hp_loss":0,"event_name":"Golden Idol","floor":2,"gold_loss":0},{"cards_removed":["Defend_R"],"damage_healed":0,"gold_gain":0,"player_choice":"Offered Basic","damage_taken":0,"max_hp_gain":0,"max_hp_loss":0,"event_name":"Bonfire Elementals","floor":4,"gold_loss":0},{"damage_healed":0,"gold_gain":0,"player_choice":"Donut","damage_taken":0,"max_hp_gain":5,"max_hp_loss":0,"event_name":"Big Fish","floor":11,"gold_loss":0},{"damage_healed":0,"gold_gain":0,"player_choice":"Success","damage_taken":12,"relics_obtained":["Blue Candle"],"max_hp_gain":0,"max_hp_loss":0,"event_name":"Scrap Ooze","floor":12,"gold_loss":0}],"is_beta":false,"boss_relics":[],"items_purged_floors":[7],"is_endless":false,"potions_floor_spawned":[3,6,10],"killed_by":"Gremlin Nob","ascension_level":3}