{"gold_per_floor":[112,112,124,124,45,80,80,5,28,28,40,40,53,63,63,164,164,174,99,14,14,28,28,28,28,28,60,79,99,132,143,143,241,241,253,253,268,268,88,117,117,152,208,239,10,10,22,22,22,22],"floor_reached":50,"playtime":2413,"items_purged":["Strike_R","Defend_R","Strike_R"],"score":619,"play_id":"e43c981d-bb01-4eb4-bc83-f48b7da821c7","local_time":"20180921235514","is_ascension_mode":true,"campfire_choices":[{"floor":7,"key":"REST"},{"data":"Hemokinesis","floor":12,"key":"SMITH"},{"data":"Rupture","floor":15,"key":"SMITH"},{"data":"Double Tap","floor":23,"key":"SMITH"},{"data":"Sword Boomerang","floor":25,"key":"SMITH"},{"data":"Uppercut","floor":32,"key":"SMITH"},{"data":"Dual Wield","floor":41,"key":"SMITH"},{"data":"Rage","floor":46,"key":"SMITH"},{"data":"Demon Form","floor":49,"key":"SMITH"}],"neow_cost":"NONE","seed_source_timestamp":559601853878223,"circlet_count":0,"master_deck":["Strike_R","Defend_R","Defend_R","Bash","Hemokinesis+1","Rupture+1","Double Tap+1","Dropkick","Dropkick+1","Shockwave","Sword Boomerang+1","Reaper+1","Headbutt","Dropkick+1","Uppercut+1","Demon Form+1","Dual Wield+1","Dropkick","Dropkick","Rage+1"],"relics":["Burning Blood","Paper Frog","Bronze Scales","Bag of Marbles","Coffee Dripper","Art of War","Pear","Whetstone","Champion Belt","Pen Nib","Runic Dome","Frozen Egg 2","Dream Catcher","Gambling Chip","Tiny Chest","Dodecahedron"],"potions_floor_usage":[6,18,30,33,50,50,50],"damage_taken":[{"damage":3,"enemies":"Jaw Worm","floor":1,"turns":4},{"damage":10,"enemies":"Small Slimes","floor":3,"turns":3},{"damage":30,"enemies":"Lagavulin","floor":6,"turns":5},{"damage":3,"enemies":"2 Louse","floor":11,"turns":1},{"damage":2,"enemies":"Exordium Wildlife","floor":13,"turns":3},{"damage":9,"enemies":"3 Louse","floor":14,"turns":4},{"damage":35,"enemies":"Hexaghost","floor":16,"turns":6},{"damage":7,"enemies":"2 Thieves","floor":18,"turns":2},{"damage":5,"enemies":"3 Byrds","floor":22,"turns":3},{"damage":17,"enemies":"Gremlin Leader","floor":27,"turns":4},{"damage":10,"enemies":"Shelled Parasite and Fungi","floor":28,"turns":2},{"damage":6,"enemies":"Cultist and Chosen","floor":29,"turns":2},{"damage":27,"enemies":"Slavers","floor":30,"turns":3},{"damage":3,"enemies":"Snecko","floor":31,"turns":3},{"damage":34,"enemies":"Automaton","floor":33,"turns":5},{"damage":28,"enemies":"3 Shapes","floor":35,"turns":3},{"damage":1,"enemies":"Orb Walker","floor":37,"turns":2},{"damage":13,"enemies":"Giant Head","floor":40,"turns":4},{"damage":32,"enemies":"2 Orb Walkers","floor":42,"turns":3},{"damage":20,"enemies":"Giant Head","floor":44,"turns":3},{"damage":13,"enemies":"Transient","floor":47,"turns":5},{"damage":88,"enemies":"Awakened One","floor":50,"turns":6}],"seed_played":"-2382638400409800469","potions_obtained":[{"floor":3,"key":"FearPotion"},{"floor":11,"key":"FearPotion"},{"floor":14,"key":"Swift Potion"},{"floor":27,"key":"GamblersBrew"},{"floor":28,"key":"SpeedPotion"},{"floor":33,"key":"Swift Potion"},{"floor":37,"key":"SkillPotion"},{"floor":40,"key":"Block Potion"}],"is_trial":false,"path_per_floor":["M","?","M","?","$","E","R","$","T","?","M","R","M","M","R","B",null,"M","?","?","$","M","R","T","R","T","E","M","M","E","M","R","B",null,"M","?","M","T","$","E","R","E","T","E","$","R","M","?","R"],"character_chosen":"IRONCLAD","items_purchased":["Rupture","Dropkick","Dropkick","Rage"],"campfire_rested":1,"item_purchase_floors":[5,39,45,45],"current_hp_per_floor":[80,62,58,58,58,34,58,58,58,58,61,61,65,62,62,33,80,80,80,80,80,80,80,90,90,90,89,85,85,71,90,90,76,90,90,90,90,90,90,83,83,57,57,53,53,53,62,62,62,0],"gold":22,"neow_bonus":"REMOVE_CARD","is_prod":false,"is_daily":false,"chose_seed":false,"campfire_upgraded":8,"win_rate":0,"timestamp":1537588514,"path_taken":["M","?","M","?","$","E","R","$","T","?","?","R","M","M","R","BOSS","M","?","?","?","M","R","?","R","T","E","M","?","E","M","R","BOSS","M","?","M","?","?","E","R","E","T","E","$","R","?","?","R","BOSS"],"build_version":"2018-09-20","purchased_purges":3,"victory":false,"max_hp_per_floor":[80,80,80,80,80,80,80,80,80,80,80,80,80,80,80,80,80,80,80,80,80,80,80,90,90,90,90,90,90,90,90,90,90,90,90,90,90,90,90,90,90,90,90,90,90,90,90,85,85,85],"card_choices":[{"not_picked":["Cleave","Searing Blow"],"picked":"Hemokinesis","floor":1},{"not_picked":["Battle Trance","Clothesline","Evolve"],"picked":"SKIP","floor":3},{"not_picked":["Dropkick","Body Slam"],"picked":"Double Tap","floor":6},{"not_picked":["Headbutt","Clothesline"],"picked":"Dropkick","floor":11},{"not_picked":["Flex","Burning Pact"],"picked":"Shockwave","floor":13},{"not_picked":["Anger","Corruption"],"picked":"Sword Boomerang","floor":14},{"not_picked":["Exhume","Immolate"],"picked":"Reaper","floor":16},{"not_picked":["Burning Pact+1","Havoc","Fire Breathing"],"picked":"SKIP","floor":18},{"not_picked":["Twin Strike","Intimidate","Second Wind+1"],"picked":"SKIP","floor":22},{"not_picked":["Iron Wave","Cleave"],"picked":"Headbutt","floor":27},{"not_picked":["Body Slam","Intimidate","Anger"],"picked":"SKIP","floor":28},{"not_picked":["Shrug It Off","Pummel"],"picked":"Dropkick+1","floor":29},{"not_picked":["Searing Blow","Barricade"],"picked":"Uppercut","floor":30},{"not_picked":["Twin Strike","Uppercut","Havoc+1"],"picked":"SKIP","floor":31},{"not_picked":["Double Tap","Limit Break"],"picked":"Demon Form","floor":33},{"not_picked":["Shrug It Off+1","Infernal Blade"],"picked":"Dual Wield","floor":35},{"not_picked":["Shrug It Off","Iron Wave","Heavy Blade"],"picked":"SKIP","floor":37},{"not_picked":["Shrug It Off+1","True Grit+1","Armaments"],"picked":"SKIP","floor":40},{"not_picked":["Iron Wave","Wild Strike+1","Havoc"],"picked":"SKIP","floor":42},{"not_picked":["Clothesline+1","Thunderclap+1","Sword Boomerang"],"picked":"SKIP","floor":44},{"not_picked":["Inflame+1","Fire Breathing+1","Entrench"],"picked":"SKIP","floor":47}],"player_experience":309869,"relics_obtained":[{"floor":6,"key":"Bronze Scales"},{"floor":9,"key":"Bag of Marbles"},{"floor":24,"key":"Pear"},{"floor":26,"key":"Whetstone"},{"floor":27,"key":"Champion Belt"},{"floor":30,"key":"Pen Nib"},{"floor":38,"key":"Frozen Egg 2"},{"floor":40,"key":"Dream Catcher"},{"floor":42,"key":"Gambling Chip"},{"floor":43,"key":"Tiny Chest"},{"floor":44,"key":"Dodecahedron"}],"event_choices":[{"event_name":"Scrap Ooze","player_choice":"success","floor":2,"damage_taken":18},{"event_name":"Living Wall","player_choice":"Forget","floor":4,"damage_taken":0},{"event_name":"Match and Keep!","player_choice":"1 cards matched","floor":10,"damage_taken":0},{"event_name":"Beggar","player_choice":"Gave Gold","floor":19,"damage_taken":0},{"event_name":"Addict","player_choice":"Obtained Relic","floor":20,"damage_taken":0},{"event_name":"Tomb of Lord Red Mask","player_choice":"Ignored","floor":36,"damage_taken":0},{"event_name":"Winding Halls","player_choice":"Max HP","floor":48,"damage_taken":0}],"is_beta":true,"boss_relics":[{"not_picked":["Fusion Hammer","Orrery"],"picked":"Coffee Dripper"},{"not_picked":["Empty Cage","Eternal Feather"],"picked":"Runic Dome"}],"items_purged_floors":[8,39,45],"is_endless":false,"potions_floor_spawned":[3,11,14,27,28,33,37,40],"killed_by":"Awakened One","ascension_level":1}