{"gold_per_floor":[116,129,129,129,129,157,157,177,177,177,191,223,298,328,328,403,403,418,434,140,150,150,150,185,185,185,218,238,238,250,277,277,354,354,374,7,107,107,107,138,154,186,186,186,7,23,52,69,69,69],"floor_reached":51,"playtime":3469,"items_purged":["Strike_R","Strike_R"],"score":1954,"play_id":"12b81183-72a2-49db-b62e-732f904946d6","local_time":"20190601004212","is_ascension_mode":true,"campfire_choices":[{"data":"Searing Blow+1","floor":7,"key":"SMITH"},{"data":"Searing Blow+2","floor":10,"key":"SMITH"},{"data":"Searing Blow+3","floor":15,"key":"SMITH"},{"data":"Searing Blow+4","floor":23,"key":"SMITH"},{"data":"Searing Blow+5","floor":25,"key":"SMITH"},{"data":"Searing Blow+6","floor":29,"key":"SMITH"},{"data":"Searing Blow+7","floor":32,"key":"SMITH"},{"data":"Searing Blow+8","floor":44,"key":"SMITH"},{"data":"Searing Blow+9","floor":49,"key":"SMITH"}],"neow_cost":"NONE","seed_source_timestamp":150268072126885,"circlet_count":0,"master_deck":["AscendersBane","Strike_R","Strike_R","Defend_R+1","Defend_R","Defend_R","Defend_R","Bash","Iron Wave+1","Searing Blow+10","Metallicize","Cleave","Disarm","Dual Wield+1","Battle Trance+1","Double Tap+1","Shockwave+1","Corruption","Feel No Pain","Exhume+1","Offering+1"],"relics":["Burning Blood","NeowsBlessing","FossilizedHelix","Dodecahedron","Toxic Egg 2","Sundial","Snecko Eye","ClockworkSouvenir","Self Forming Clay","Bag of Preparation","Regal Pillow","Anchor","Coffee Dripper","Bottled Flame","Turnip","Incense Burner","Gremlin Horn","Question Card","Strawberry"],"potions_floor_usage":[21,24,50,50],"damage_taken":[{"damage":0,"enemies":"2 Louse","floor":1,"turns":1},{"damage":0,"enemies":"Jaw Worm","floor":2,"turns":1},{"damage":0,"enemies":"Gremlin Nob","floor":6,"turns":1},{"damage":0,"enemies":"Small Slimes","floor":8,"turns":3},{"damage":0,"enemies":"2 Fungi Beasts","floor":11,"turns":3},{"damage":5,"enemies":"Lagavulin","floor":12,"turns":6},{"damage":11,"enemies":"Gremlin Nob","floor":14,"turns":5},{"damage":29,"enemies":"Slime Boss","floor":16,"turns":10},{"damage":17,"enemies":"Shell Parasite","floor":18,"turns":4},{"damage":0,"enemies":"Chosen","floor":19,"turns":2},{"damage":0,"enemies":"Sentry and Sphere","floor":21,"turns":3},{"damage":4,"enemies":"Gremlin Leader","floor":24,"turns":3},{"damage":0,"enemies":"Slavers","floor":27,"turns":4},{"damage":0,"enemies":"Centurion and Healer","floor":28,"turns":3},{"damage":0,"enemies":"Cultist and Chosen","floor":30,"turns":1},{"damage":0,"enemies":"Champ","floor":33,"turns":3},{"damage":0,"enemies":"Orb Walker","floor":35,"turns":2},{"damage":0,"enemies":"Mind Bloom Boss Battle","floor":37,"turns":3},{"damage":0,"enemies":"Giant Head","floor":40,"turns":1},{"damage":0,"enemies":"3 Shapes","floor":41,"turns":4},{"damage":0,"enemies":"Nemesis","floor":42,"turns":1},{"damage":0,"enemies":"Jaw Worm Horde","floor":46,"turns":2},{"damage":0,"enemies":"Giant Head","floor":47,"turns":1},{"damage":0,"enemies":"Sphere and 2 Shapes","floor":48,"turns":1},{"damage":0,"enemies":"Time Eater","floor":50,"turns":1}],"seed_played":"-3225614284815307773","potions_obtained":[{"floor":2,"key":"SkillPotion"},{"floor":12,"key":"EssenceOfSteel"},{"floor":16,"key":"PowerPotion"},{"floor":21,"key":"PowerPotion"},{"floor":24,"key":"Block Potion"},{"floor":40,"key":"EssenceOfSteel"}],"is_trial":false,"path_per_floor":["M","M","?","?","?","E","R","M","T","R","M","E","?","E","R","B",null,"M","M","$","M","?","R","E","R","T","E","M","R","M","T","R","B",null,"M","$","?","?","?","E","M","E","T","R","$","M","E","M","R","B",null],"character_chosen":"IRONCLAD","items_purchased":["ClockworkSouvenir","Bottled Flame","Offering+1"],"campfire_rested":0,"item_purchase_floors":[20,36,45],"current_hp_per_floor":[74,75,75,52,45,51,51,57,57,57,63,64,53,48,48,25,63,52,58,58,64,64,64,66,66,66,72,75,75,75,75,75,75,75,75,75,75,75,75,75,75,75,75,75,75,75,82,82,82,82],"gold":69,"neow_bonus":"THREE_ENEMY_KILL","is_prod":false,"is_daily":false,"chose_seed":false,"campfire_upgraded":9,"win_rate":0,"timestamp":1559364132,"path_taken":["M","M","?","?","?","E","R","M","T","R","M","E","?","E","R","BOSS","M","M","$","M","?","R","E","R","T","E","M","R","M","?","R","BOSS","M","$","?","?","?","E","M","E","T","R","$","M","E","M","R","BOSS"],"build_version":"2019-01-23","purchased_purges":2,"victory":true,"max_hp_per_floor":[75,75,75,75,75,75,75,75,75,75,75,75,75,75,75,75,75,75,75,75,75,75,75,75,75,75,75,75,75,75,75,75,75,75,75,75,75,75,75,75,75,75,75,75,75,75,82,82,82,82],"card_choices":[{"not_picked":["Anger","Dual Wield"],"picked":"Iron Wave","floor":1},{"not_picked":["Clash","Power Through"],"picked":"Searing Blow","floor":2},{"not_picked":["Hemokinesis","Juggernaut"],"picked":"Metallicize","floor":6},{"not_picked":["Warcry","Feel No Pain"],"picked":"Cleave","floor":8},{"not_picked":["Clash","Clothesline"],"picked":"Disarm","floor":11},{"not_picked":["Combust","Headbutt"],"picked":"Dual Wield","floor":12},{"not_picked":["Burning Pact+1","Cleave"],"picked":"Battle Trance+1","floor":14},{"not_picked":["Brutality","Offering+1"],"picked":"Double Tap+1","floor":16},{"not_picked":["Warcry+1","Armaments+1","Reckless Charge"],"picked":"SKIP","floor":18},{"not_picked":["Warcry+1","Armaments+1","Reckless Charge"],"picked":"SKIP","floor":18},{"not_picked":["True Grit+1","Warcry+1","Armaments+1"],"picked":"SKIP","floor":19},{"not_picked":["Hemokinesis","Body Slam","Perfected Strike"],"picked":"SKIP","floor":21},{"not_picked":["Seeing Red+1","Fire Breathing","Headbutt+1"],"picked":"SKIP","floor":24},{"not_picked":["Pummel","Shrug It Off+1"],"picked":"Corruption","floor":27},{"not_picked":["Heavy Blade+1","Warcry+1","Iron Wave"],"picked":"SKIP","floor":28},{"not_picked":["Heavy Blade+1","Warcry+1","Iron Wave"],"picked":"SKIP","floor":28},{"not_picked":["Combust","Wild Strike"],"picked":"Feel No Pain","floor":30},{"not_picked":["Double Tap+1","Limit Break+1"],"picked":"Exhume+1","floor":33},{"not_picked":["Whirlwind","Sever Soul","Sentinel+1"],"picked":"SKIP","floor":35},{"not_picked":["Carnage","Dropkick+1","Whirlwind"],"picked":"SKIP","floor":40},{"not_picked":["Warcry+1","Cleave","Evolve"],"picked":"SKIP","floor":41},{"not_picked":["Infernal Blade+1","Carnage","Twin Strike"],"picked":"SKIP","floor":42},{"not_picked":["Cleave","Clash","Rampage","Corruption"],"picked":"SKIP","floor":46},{"not_picked":["Headbutt","Second Wind+1","Anger+1","Flex+1"],"picked":"SKIP","floor":47},{"not_picked":["True Grit+1","Flex+1","Berserk","Intimidate+1"],"picked":"SKIP","floor":48}],"player_experience":460746,"relics_obtained":[{"floor":6,"key":"FossilizedHelix"},{"floor":9,"key":"Dodecahedron"},{"floor":12,"key":"Toxic Egg 2"},{"floor":14,"key":"Sundial"},{"floor":24,"key":"Self Forming Clay"},{"floor":26,"key":"Bag of Preparation"},{"floor":27,"key":"Regal Pillow"},{"floor":31,"key":"Anchor"},{"floor":37,"key":"Turnip"},{"floor":40,"key":"Incense Burner"},{"floor":42,"key":"Gremlin Horn"},{"floor":43,"key":"Question Card"},{"floor":47,"key":"Strawberry"}],"event_choices":[{"damage_healed":0,"gold_gain":0,"player_choice":"Grow","damage_taken":0,"max_hp_gain":0,"max_hp_loss":0,"event_name":"Living Wall","floor":3,"gold_loss":0,"cards_upgraded":["Searing Blow"]},{"damage_healed":0,"gold_gain":0,"player_choice":"Entered Light","damage_taken":23,"max_hp_gain":0,"max_hp_loss":0,"event_name":"Shining Light","floor":4,"gold_loss":0,"cards_upgraded":["Iron Wave","Defend_R"]},{"cards_removed":["Strike_R"],"damage_healed":0,"gold_gain":0,"player_choice":"Card Removal","damage_taken":7,"max_hp_gain":0,"max_hp_loss":0,"event_name":"Golden Wing","floor":5,"gold_loss":0},{"damage_healed":0,"gold_gain":75,"player_choice":"Gather Gold","damage_taken":11,"max_hp_gain":0,"max_hp_loss":0,"event_name":"World of Goop","floor":13,"gold_loss":0},{"damage_healed":0,"gold_gain":0,"player_choice":"Read","damage_taken":0,"max_hp_gain":0,"max_hp_loss":0,"event_name":"The Library","floor":22,"gold_loss":0,"cards_obtained":["Shockwave"]},{"damage_healed":0,"gold_gain":0,"player_choice":"Fight","damage_taken":0,"max_hp_gain":0,"max_hp_loss":0,"event_name":"MindBloom","floor":37,"gold_loss":0},{"damage_healed":0,"gold_gain":0,"player_choice":"Ignored","damage_taken":0,"max_hp_gain":0,"max_hp_loss":0,"event_name":"Tomb of Lord Red Mask","floor":38,"gold_loss":0},{"damage_healed":0,"gold_gain":0,"player_choice":"Memory 1","damage_taken":0,"max_hp_gain":0,"max_hp_loss":0,"event_name":"SensoryStone","floor":39,"gold_loss":0}],"is_beta":false,"boss_relics":[{"not_picked":["White Beast Statue","Astrolabe"],"picked":"Snecko Eye"},{"not_picked":["Runic Cube","Calling Bell"],"picked":"Coffee Dripper"}],"items_purged_floors":[20,36],"is_endless":false,"potions_floor_spawned":[2,12,16,21,24,28,30,37,40,42,48],"ascension_level":16}