{"gold_per_floor":[116,66,80,91,106,140,140,156,156,156,188,188,203,1,1,96,96,96,96,96,21,21,21,21,0,0,0,0,0,0,0,0,0],"floor_reached":33,"playtime":1980,"items_purged":[],"score":441,"play_id":"d94fdc32-67d7-4caf-842e-5aadf1b03d2f","local_time":"20190531021102","is_ascension_mode":true,"campfire_choices":[{"floor":7,"key":"REST"},{"data":"Sucker Punch","floor":10,"key":"SMITH"},{"data":"Poisoned Stab","floor":12,"key":"SMITH"},{"data":"Survivor","floor":15,"key":"SMITH"},{"data":"Adrenaline","floor":23,"key":"SMITH"},{"data":"Burst","floor":27,"key":"SMITH"},{"floor":32,"key":"REST"}],"neow_cost":"NONE","seed_source_timestamp":8427720477200,"circlet_count":0,"master_deck":["Defend_G+1","Defend_G+1","Defend_G+1","Defend_G+1","Defend_G+1","Survivor+1","Neutralize","Poisoned Stab+1","Slice","Flechettes","Blur","Sucker Punch+1","Caltrops","Burst+1","Cloak And Dagger","Adrenaline+1","Cloak And Dagger","Deadly Poison","Blur","Noxious Fumes","Malaise","Bite","Bite","Bite","Bite","Bite"],"relics":["Ring of the Snake","Mummified Hand","Tough Bandages","WingedGreaves","Lee\u0027s Waffle","Ectoplasm","Boot","Juzu Bracelet"],"potions_floor_usage":[6,11,16,16,20,29,29],"damage_taken":[{"damage":1,"enemies":"Cultist","floor":1,"turns":4},{"damage":0,"enemies":"2 Louse","floor":3,"turns":2},{"damage":1,"enemies":"Jaw Worm","floor":4,"turns":4},{"damage":8,"enemies":"3 Louse","floor":5,"turns":3},{"damage":24,"enemies":"3 Sentries","floor":6,"turns":10},{"damage":4,"enemies":"Large Slime","floor":8,"turns":5},{"damage":24,"enemies":"Gremlin Nob","floor":11,"turns":4},{"damage":11,"enemies":"Lots of Slimes","floor":13,"turns":4},{"damage":42,"enemies":"Slime Boss","floor":16,"turns":15},{"damage":19,"enemies":"Spheric Guardian","floor":18,"turns":4},{"damage":0,"enemies":"Chosen","floor":19,"turns":4},{"damage":7,"enemies":"Snake Plant","floor":20,"turns":5},{"damage":0,"enemies":"Book of Stabbing","floor":24,"turns":6},{"damage":20,"enemies":"Chosen and Byrds","floor":28,"turns":6},{"damage":7,"enemies":"Slavers","floor":29,"turns":5},{"damage":53,"enemies":"Champ","floor":33,"turns":13}],"seed_played":"-4033973340047901070","potions_obtained":[{"floor":0,"key":"FearPotion"},{"floor":0,"key":"GhostInAJar"},{"floor":0,"key":"Weak Potion"},{"floor":1,"key":"LiquidBronze"},{"floor":6,"key":"Swift Potion"},{"floor":13,"key":"Explosive Potion"},{"floor":16,"key":"SkillPotion"},{"floor":18,"key":"Strength Potion"},{"floor":29,"key":"Fire Potion"}],"is_trial":false,"path_per_floor":["M","?","M","M","M","E","R","M","T","R","E","R","M","$","R","B",null,"M","M","M","?","?","R","E","?","T","R","M","E","?","?","R","B"],"character_chosen":"THE_SILENT","items_purchased":["Lee\u0027s Waffle"],"campfire_rested":2,"item_purchase_floors":[14],"current_hp_per_floor":[62,62,62,61,53,29,50,46,46,46,22,22,11,77,77,35,67,48,48,41,41,41,41,41,41,41,41,21,14,14,14,29,0],"gold":0,"neow_bonus":"THREE_SMALL_POTIONS","is_prod":false,"is_daily":false,"chose_seed":false,"campfire_upgraded":5,"win_rate":0,"timestamp":1559248862,"path_taken":["M","?","M","M","M","E","R","M","T","R","E","R","M","$","R","BOSS","M","M","M","?","?","R","E","?","T","R","M","E","?","?","R","BOSS"],"build_version":"2019-01-23","purchased_purges":0,"victory":false,"max_hp_per_floor":[70,70,70,70,70,70,70,70,70,70,70,70,70,77,77,77,77,77,77,77,77,77,77,77,77,77,77,77,77,77,53,53,53],"card_choices":[{"not_picked":["Acrobatics","Prepared"],"picked":"Poisoned Stab","floor":1},{"not_picked":["Reflex","Terror"],"picked":"Slice","floor":3},{"not_picked":["Flying Knee","Bouncing Flask"],"picked":"Flechettes","floor":4},{"not_picked":["Flechettes","Reflex"],"picked":"Blur","floor":5},{"not_picked":["Tactician","Catalyst"],"picked":"Sucker Punch","floor":6},{"not_picked":["Underhanded Strike","Bane"],"picked":"Caltrops","floor":8},{"not_picked":["Prepared","Riddle With Holes"],"picked":"Burst","floor":11},{"not_picked":["Dagger Throw","Bane"],"picked":"Cloak And Dagger","floor":13},{"not_picked":["Malaise","Die Die Die"],"picked":"Adrenaline","floor":16},{"not_picked":["Concentrate","Prepared"],"picked":"Cloak And Dagger","floor":18},{"not_picked":["Bane","Concentrate"],"picked":"Deadly Poison","floor":19},{"not_picked":["Cloak And Dagger","Masterful Stab"],"picked":"Blur","floor":20},{"not_picked":["Acrobatics","Flying Knee+1","Slice"],"picked":"SKIP","floor":24},{"not_picked":["Cloak And Dagger","Grand Finale"],"picked":"Noxious Fumes","floor":28},{"not_picked":["Poisoned Stab","Deadly Poison","Quick Slash"],"picked":"SKIP","floor":29}],"player_experience":236234,"relics_obtained":[{"floor":6,"key":"Mummified Hand"},{"floor":9,"key":"Tough Bandages"},{"floor":11,"key":"WingedGreaves"},{"floor":26,"key":"Boot"},{"floor":29,"key":"Juzu Bracelet"}],"event_choices":[{"cards_removed":["Strike_G"],"damage_healed":0,"gold_gain":0,"player_choice":"Card Removal","damage_taken":0,"max_hp_gain":0,"max_hp_loss":0,"event_name":"The Cleric","floor":2,"gold_loss":50},{"cards_removed":["Strike_G"],"damage_healed":0,"gold_gain":0,"player_choice":"Gave Gold","damage_taken":0,"max_hp_gain":0,"max_hp_loss":0,"event_name":"Beggar","floor":21,"gold_loss":75},{"damage_healed":0,"gold_gain":0,"player_choice":"Simplicity","damage_taken":0,"max_hp_gain":0,"max_hp_loss":0,"event_name":"Back to Basics","floor":22,"gold_loss":0,"cards_upgraded":["Defend_G","Defend_G","Defend_G","Defend_G","Defend_G","Strike_G","Strike_G","Strike_G"]},{"damage_healed":0,"gold_gain":0,"player_choice":"Paid Fearfully","damage_taken":0,"max_hp_gain":0,"max_hp_loss":0,"event_name":"Masked Bandits","floor":25,"gold_loss":21},{"damage_healed":0,"gold_gain":0,"player_choice":"1 cards matched","damage_taken":0,"max_hp_gain":0,"max_hp_loss":0,"event_name":"Match and Keep!","floor":30,"gold_loss":0,"cards_obtained":["Malaise"]},{"damage_healed":0,"gold_gain":0,"player_choice":"Became a vampire","damage_taken":0,"max_hp_gain":0,"max_hp_loss":24,"event_name":"Vampires","floor":31,"gold_loss":0,"cards_obtained":["Bite","Bite","Bite","Bite","Bite"]}],"is_beta":false,"boss_relics":[{"not_picked":["Empty Cage","Ring of the Serpent"],"picked":"Ectoplasm"}],"items_purged_floors":[],"is_endless":false,"potions_floor_spawned":[1,4,6,13,16,18,29],"killed_by":"Champ","ascension_level":6}