{"gold_per_floor":[109,184,359,371,296,329,329,229,307,318,352,364,364,364,364,460,460,479,496,411,411,411,411,436,281,305,305,318,331,331],"floor_reached":30,"playtime":1286,"items_purged":["Doubt","Defend_R"],"score":332,"play_id":"de85ada3-087e-408a-80f3-6318c396f2e7","local_time":"20190512231115","is_ascension_mode":true,"campfire_choices":[{"floor":7,"key":"REST"},{"data":"Anger","floor":13,"key":"SMITH"},{"data":"Shrug It Off","floor":15,"key":"SMITH"},{"data":"Demon Form","floor":23,"key":"SMITH"},{"data":"Feed","floor":27,"key":"SMITH"}],"neow_cost":"NONE","seed_source_timestamp":180425927209800,"circlet_count":0,"master_deck":["Strike_R","Strike_R","Strike_R","Strike_R","Strike_R","Defend_R","Defend_R","Defend_R","Bash","Flame Barrier","Anger+1","Shrug It Off+1","Demon Form+1","J.A.X.","Feed+1","Heavy Blade"],"relics":["Burning Blood","Bag of Preparation","Gambling Chip","Singing Bowl","Mercury Hourglass","Dream Catcher","Black Star","Pantograph","Juzu Bracelet","Strawberry","Darkstone Periapt"],"potions_floor_usage":[11,28],"damage_taken":[{"damage":6,"enemies":"2 Louse","floor":1,"turns":3},{"damage":11,"enemies":"Jaw Worm","floor":4,"turns":4},{"damage":44,"enemies":"Gremlin Nob","floor":6,"turns":5},{"damage":1,"enemies":"Small Slimes","floor":10,"turns":3},{"damage":25,"enemies":"3 Sentries","floor":11,"turns":10},{"damage":0,"enemies":"Looter","floor":12,"turns":2},{"damage":25,"enemies":"Hexaghost","floor":16,"turns":8},{"damage":8,"enemies":"3 Byrds","floor":18,"turns":4},{"damage":1,"enemies":"Chosen","floor":19,"turns":5},{"damage":34,"enemies":"Gremlin Leader","floor":24,"turns":6},{"damage":25,"enemies":"Sentry and Sphere","floor":28,"turns":4},{"damage":5,"enemies":"Chosen and Byrds","floor":29,"turns":5},{"damage":66,"enemies":"Book of Stabbing","floor":30,"turns":5}],"seed_played":"-2335160302976480221","potions_obtained":[{"floor":1,"key":"FearPotion"},{"floor":6,"key":"Block Potion"},{"floor":16,"key":"SteroidPotion"},{"floor":18,"key":"Ancient Potion"},{"floor":19,"key":"Fire Potion"}],"is_trial":false,"path_per_floor":["M","?","?","M","$","E","R","$","T","M","E","M","R","T","R","B",null,"M","M","?","?","?","R","E","$","T","R","M","M","E"],"character_chosen":"IRONCLAD","items_purchased":["Feed"],"campfire_rested":1,"item_purchase_floors":[25],"current_hp_per_floor":[80,69,69,64,64,26,50,50,50,55,38,46,46,46,46,27,84,84,88,88,88,88,88,69,69,69,69,54,61,0],"gold":331,"neow_bonus":"RANDOM_COMMON_RELIC","is_prod":false,"is_daily":false,"chose_seed":false,"campfire_upgraded":4,"win_rate":0,"timestamp":1557717075,"path_taken":["M","?","?","M","$","E","R","$","T","M","E","M","R","?","R","BOSS","M","M","?","?","?","R","E","$","T","R","M","M","E"],"build_version":"2019-01-23","purchased_purges":2,"victory":false,"max_hp_per_floor":[80,80,80,80,80,80,80,80,80,80,82,84,84,84,84,84,84,86,88,88,88,88,88,97,97,97,97,101,107,107],"card_choices":[{"not_picked":["Rage","Blood for Blood"],"picked":"Flame Barrier","floor":1},{"not_picked":["Combust","Headbutt","Bloodletting"],"picked":"SKIP","floor":4},{"not_picked":["Combust","Headbutt","Bloodletting"],"picked":"SKIP","floor":4},{"not_picked":["Carnage","Searing Blow"],"picked":"Anger","floor":6},{"not_picked":["Iron Wave","Fire Breathing"],"picked":"Shrug It Off","floor":10},{"not_picked":["Seeing Red","Flame Barrier","Havoc"],"picked":"Singing Bowl","floor":11},{"not_picked":["Flex","Havoc","Cleave"],"picked":"Singing Bowl","floor":12},{"not_picked":["Brutality","Berserk"],"picked":"Demon Form","floor":16},{"not_picked":["Fire Breathing","Twin Strike","Intimidate"],"picked":"Singing Bowl","floor":18},{"not_picked":["Entrench","True Grit","Twin Strike"],"picked":"Singing Bowl","floor":19},{"not_picked":["Spot Weakness+1","Headbutt","Rage+1"],"picked":"Singing Bowl","floor":24},{"not_picked":["Hemokinesis","Spot Weakness"],"picked":"Heavy Blade","floor":28},{"not_picked":["Whirlwind","Evolve","Second Wind"],"picked":"Singing Bowl","floor":29}],"player_experience":276300,"relics_obtained":[{"floor":6,"key":"Gambling Chip"},{"floor":9,"key":"Singing Bowl"},{"floor":11,"key":"Mercury Hourglass"},{"floor":14,"key":"Dream Catcher"},{"floor":24,"key":"Strawberry"},{"floor":24,"key":"Darkstone Periapt"}],"event_choices":[{"damage_healed":0,"gold_gain":75,"player_choice":"Gather Gold","damage_taken":11,"max_hp_gain":0,"max_hp_loss":0,"event_name":"World of Goop","floor":2,"gold_loss":0},{"damage_healed":0,"gold_gain":175,"player_choice":"AGREE","damage_taken":0,"max_hp_gain":0,"max_hp_loss":0,"event_name":"Liars Game","floor":3,"gold_loss":0,"cards_obtained":["Doubt"]},{"damage_healed":0,"gold_gain":0,"player_choice":"Obtained Relic","damage_taken":0,"relics_obtained":["Pantograph"],"max_hp_gain":0,"max_hp_loss":0,"event_name":"Addict","floor":20,"gold_loss":85},{"damage_healed":0,"gold_gain":0,"player_choice":"Obtain J.A.X.","damage_taken":0,"max_hp_gain":0,"max_hp_loss":0,"event_name":"Drug Dealer","floor":21,"gold_loss":0,"cards_obtained":["J.A.X."]},{"damage_healed":0,"gold_gain":0,"player_choice":"Opened","damage_taken":0,"relics_obtained":["Juzu Bracelet"],"max_hp_gain":0,"max_hp_loss":0,"event_name":"The Mausoleum","floor":22,"gold_loss":0}],"is_beta":false,"boss_relics":[{"not_picked":["Fusion Hammer","Calling Bell"],"picked":"Black Star"}],"items_purged_floors":[5,8],"is_endless":false,"potions_floor_spawned":[1,6,16,18,19],"killed_by":"Book of Stabbing","ascension_level":4}