{"gold_per_floor":[218,236,411,59,59,59,85,98,180,199,199,216,0,10,10,105,105,123,133,151,66,78,78,95,17,17,17,52,52,2,37,37,132,132,145,165,387,405,405,437,453,453,504,504,529,544,570,583,583,583],"floor_reached":51,"playtime":4757,"items_purged":["Doubt","Strike_B"],"score":809,"play_id":"8aabbbfa-495e-4c95-b378-ad79247ae59b","local_time":"20190205221440","is_ascension_mode":false,"campfire_choices":[{"data":"Zap","floor":6.0,"key":"SMITH"},{"data":"Defragment","floor":11.0,"key":"SMITH"},{"data":"Bandage Up","floor":15.0,"key":"SMITH"},{"data":"Capacitor","floor":23.0,"key":"SMITH"},{"data":"The Bomb","floor":27.0,"key":"SMITH"},{"data":"Dualcast","floor":29.0,"key":"SMITH"},{"data":"Echo Form","floor":32,"key":"SMITH"},{"data":"Seek","floor":42,"key":"SMITH"},{"data":"Secret Technique","floor":44,"key":"SMITH"},{"floor":49,"key":"REST"}],"neow_cost":"NONE","seed_source_timestamp":295942453144600,"circlet_count":0,"master_deck":["Strike_B","Strike_B","Strike_B","Defend_B","Defend_B","Defend_B","Defend_B","Zap+1","Dualcast+1","Cold Snap","Redo+1","The Bomb+1","Coolheaded+1","Core Surge","Defragment+1","Capacitor+1","Bandage Up+1","Echo Form+1","Doom and Gloom","Coolheaded+1","Redo+1","Melter+1","Chill","Seek+1","Secret Technique+1","BootSequence+1","Reboot","Leap+1","Coolheaded+1"],"special_seed":0,"relics":["Cracked Core","Membership Card","War Paint","Mercury Hourglass","Anchor","Lee\u0027s Waffle","Philosopher\u0027s Stone","Smiling Mask","PreservedInsect","Cables","Red Mask","Potion Belt","Cursed Key","Omamori","Happy Flower","StoneCalendar","Oddly Smooth Stone"],"potions_floor_usage":[31,47,50],"damage_taken":[{"damage":2.0,"enemies":"2 Louse","floor":1.0,"turns":2.0},{"damage":0.0,"enemies":"Jaw Worm","floor":2.0,"turns":3.0},{"damage":25.0,"enemies":"3 Sentries","floor":7.0,"turns":5.0},{"damage":3.0,"enemies":"Small Slimes","floor":8.0,"turns":2.0},{"damage":0.0,"enemies":"2 Fungi Beasts","floor":10.0,"turns":2.0},{"damage":10.0,"enemies":"3 Louse","floor":12.0,"turns":2.0},{"damage":0.0,"enemies":"Looter","floor":14.0,"turns":2.0},{"damage":0.0,"enemies":"Slime Boss","floor":16.0,"turns":5.0},{"damage":2.0,"enemies":"Spheric Guardian","floor":18.0,"turns":3.0},{"damage":0.0,"enemies":"Chosen","floor":19.0,"turns":4.0},{"damage":0.0,"enemies":"Centurion and Healer","floor":20.0,"turns":4.0},{"damage":2.0,"enemies":"Cultist and Chosen","floor":22.0,"turns":5.0},{"damage":15.0,"enemies":"Shelled Parasite and Fungi","floor":24.0,"turns":5.0},{"damage":11.0,"enemies":"Masked Bandits","floor":28.0,"turns":4.0},{"damage":13,"enemies":"Gremlin Leader","floor":31,"turns":4},{"damage":58,"enemies":"Collector","floor":33,"turns":9},{"damage":4,"enemies":"Orb Walker","floor":35,"turns":3},{"damage":0,"enemies":"3 Shapes","floor":36,"turns":3},{"damage":24,"enemies":"Maw","floor":38,"turns":6},{"damage":5,"enemies":"Reptomancer","floor":40,"turns":5},{"damage":0,"enemies":"4 Shapes","floor":41,"turns":3},{"damage":18,"enemies":"Nemesis","floor":45,"turns":7},{"damage":20,"enemies":"Jaw Worm Horde","floor":46,"turns":5},{"damage":0,"enemies":"Reptomancer","floor":47,"turns":5},{"damage":1,"enemies":"Writhing Mass","floor":48,"turns":7},{"damage":26,"enemies":"Donu and Deca","floor":50,"turns":8}],"seed_played":"-2093704025293206399","potions_obtained":[{"floor":2.0,"key":"FocusPotion"},{"floor":7.0,"key":"Energy Potion"},{"floor":8.0,"key":"SneckoOil"},{"floor":14.0,"key":"Ancient Potion"},{"floor":16.0,"key":"LiquidBronze"},{"floor":18.0,"key":"Block Potion"},{"floor":20.0,"key":"Fire Potion"},{"floor":36,"key":"Strength Potion"},{"floor":40,"key":"Explosive Potion"},{"floor":45,"key":"Weak Potion"},{"floor":47,"key":"Energy Potion"}],"is_trial":false,"path_per_floor":["M","M","?","$","?","R","E","M","T","M","R","M","$","M","R","B",null,"M","M","M","?","M","R","M","$","T","R","?","R","$","E","R","B",null,"M","M","?","M","?","E","M","R","T","R","E","M","E","M","R","B",null],"character_chosen":"DEFECT","items_purchased":["Membership Card","The Bomb","Coolheaded","Anchor","Lee\u0027s Waffle","Bandage Up","PreservedInsect"],"campfire_rested":1,"item_purchase_floors":[4,4,4,13,13,13,25],"current_hp_per_floor":[73,73,73,73,78,78,53,50,50,50,50,40,87,87,87,87,87,85,87,87,87,87,87,78,78,78,78,73,73,73,66,66,14,87,87,87,87,69,69,70,70,70,70,70,64,50,62,67,87,61],"gold":583,"neow_bonus":"HUNDRED_GOLD","is_prod":false,"is_daily":false,"chose_seed":false,"campfire_upgraded":9,"win_rate":0,"timestamp":1549422880,"path_taken":["M","M","?","$","?","R","E","?","T","M","R","M","$","M","R","BOSS","M","M","M","?","M","R","M","$","T","R","?","R","$","E","R","BOSS","M","M","?","M","?","E","M","R","T","R","E","M","E","M","R","BOSS"],"build_version":"2019-01-23","purchased_purges":2,"victory":true,"max_hp_per_floor":[75,75,75,75,80,80,80,80,80,80,80,80,87,87,87,87,87,87,87,87,87,87,87,87,87,87,87,87,87,87,87,87,87,87,87,87,87,87,87,87,87,87,87,87,87,87,87,87,87,87],"card_choices":[{"not_picked":["Ball Lightning","Hologram"],"picked":"Cold Snap","floor":1.0},{"not_picked":["Auto Shields","Leap"],"picked":"Redo","floor":2.0},{"not_picked":["Conserve Battery","Rebound"],"picked":"Core Surge","floor":7.0},{"not_picked":["Redo","Capacitor"],"picked":"Defragment","floor":8.0},{"not_picked":["Beam Cell","Sweeping Beam"],"picked":"Capacitor","floor":10.0},{"not_picked":["Redo","Streamline","Reinforced Body"],"picked":"SKIP","floor":12.0},{"not_picked":["Gash","Double Energy","Leap"],"picked":"SKIP","floor":14.0},{"not_picked":["Biased Cognition","Machine Learning"],"picked":"Echo Form","floor":16.0},{"not_picked":["Barrage","Reinforced Body"],"picked":"Doom and Gloom","floor":18.0},{"not_picked":["Skim","Steam+1"],"picked":"Coolheaded+1","floor":19.0},{"not_picked":["Undo","Barrage"],"picked":"Redo+1","floor":20.0},{"not_picked":["Ball Lightning","Melter","Go for the Eyes"],"picked":"SKIP","floor":22.0},{"not_picked":["Conserve Battery","Rebound"],"picked":"Melter+1","floor":24.0},{"not_picked":["Redo","Streamline"],"picked":"Chill","floor":31},{"not_picked":["Hyperbeam","Machine Learning"],"picked":"Seek","floor":33},{"not_picked":["Steam","Conserve Battery","Gash+1"],"picked":"SKIP","floor":35},{"not_picked":["Turbo","Sweeping Beam","Barrage"],"picked":"SKIP","floor":36},{"not_picked":["Turbo","Sweeping Beam","Barrage"],"picked":"SKIP","floor":36},{"not_picked":["Gash","Conserve Battery+1","Skim"],"picked":"SKIP","floor":38},{"not_picked":["Violence","Good Instincts"],"picked":"Secret Technique","floor":39},{"not_picked":["Go for the Eyes","All For One","Gash"],"picked":"SKIP","floor":40},{"not_picked":["Cold Snap+1","Sweeping Beam"],"picked":"BootSequence+1","floor":41},{"not_picked":["Turbo+1","Compile Driver+1"],"picked":"Reboot","floor":45},{"not_picked":["Reprogram","Go for the Eyes+1"],"picked":"Leap+1","floor":46},{"not_picked":["FTL","Beam Cell+1","Chaos"],"picked":"SKIP","floor":47},{"not_picked":["Conserve Battery","Skim+1"],"picked":"Coolheaded+1","floor":48}],"player_experience":579460,"relics_obtained":[{"floor":7.0,"key":"War Paint"},{"floor":9.0,"key":"Mercury Hourglass"},{"floor":26.0,"key":"Cables"},{"floor":28.0,"key":"Red Mask"},{"floor":31,"key":"Potion Belt"},{"floor":40,"key":"Omamori"},{"floor":43,"key":"Happy Flower"},{"floor":45,"key":"StoneCalendar"},{"floor":47,"key":"Oddly Smooth Stone"}],"event_choices":[{"damage_healed":0.0,"max_hp_gain":0.0,"max_hp_loss":0.0,"gold_gain":175.0,"event_name":"Liars Game","player_choice":"AGREE","floor":3.0,"gold_loss":0.0,"damage_taken":0.0,"cards_obtained":["Doubt"]},{"damage_healed":0.0,"max_hp_gain":5.0,"max_hp_loss":0.0,"gold_gain":0.0,"event_name":"Big Fish","player_choice":"Donut","floor":5.0,"gold_loss":0.0,"damage_taken":0.0},{"damage_healed":0.0,"max_hp_gain":0.0,"max_hp_loss":0.0,"gold_gain":0.0,"event_name":"Addict","player_choice":"Obtained Relic","floor":21.0,"gold_loss":85.0,"damage_taken":0.0,"relics_obtained":["Smiling Mask"]},{"damage_healed":0.0,"max_hp_gain":0.0,"max_hp_loss":0.0,"gold_gain":0.0,"event_name":"Masked Bandits","player_choice":"Fought Bandits","floor":28.0,"gold_loss":0.0,"damage_taken":0.0},{"damage_healed":0,"gold_gain":222,"player_choice":"Wore Mask","damage_taken":0,"max_hp_gain":0,"max_hp_loss":0,"event_name":"Tomb of Lord Red Mask","floor":37,"gold_loss":0},{"damage_healed":0,"gold_gain":0,"player_choice":"Memory 1","damage_taken":0,"max_hp_gain":0,"max_hp_loss":0,"event_name":"SensoryStone","floor":39,"gold_loss":0}],"is_beta":true,"boss_relics":[{"not_picked":["White Beast Statue","Snecko Eye"],"picked":"Philosopher\u0027s Stone"},{"not_picked":["Pandora\u0027s Box","Runic Pyramid"],"picked":"Cursed Key"}],"items_purged_floors":[4,30],"is_endless":false,"potions_floor_spawned":[2,7,8,14,16,18,20,22,36,40,45,47],"ascension_level":0}