{"gold_per_floor":[117,117,133,308,327,327,353,353,353,353,365,365,376,389,389,490,490,507,142,159,175,189,189,200,200,200,220,235,235,235,248,248,343,343,358,369,195,210,48,73,90,102,102,132,147,162,162,191,191,191],"floor_reached":51,"playtime":2922,"items_purged":["Doubt","Strike_B"],"score":964,"play_id":"61156a8c-4308-4fe0-814e-19a6097418ae","local_time":"20190525023259","is_ascension_mode":true,"campfire_choices":[{"data":"Zap","floor":6,"key":"SMITH"},{"data":"Sunder","floor":8,"key":"SMITH"},{"data":"1","floor":12,"key":"LIFT"},{"data":"2","floor":15,"key":"LIFT"},{"data":"3","floor":23,"key":"LIFT"},{"data":"Biased Cognition","floor":25,"key":"SMITH"},{"floor":29,"key":"REST"},{"data":"Defragment","floor":32,"key":"SMITH"},{"data":"Rainbow","floor":49,"key":"SMITH"}],"neow_cost":"NONE","seed_source_timestamp":46764126768200,"circlet_count":0,"master_deck":["Strike_B","Strike_B","Defend_B","Defend_B","Defend_B+1","Defend_B+1","Zap+1","Dualcast","Coolheaded","Chill","Sunder+1","Core Surge","Ball Lightning","White Noise","Biased Cognition+1","Genetic Algorithm","FTL","Stack","Defragment+1","Defragment+1","Loop+1","Rainbow+1","Coolheaded+1","Loop","Darkness","Echo Form","Capacitor+1","Self Repair+1","Normality","Compile Driver+1","Tempest+1"],"relics":["Cracked Core","Girya","Ice Cream","Cursed Key","Mummified Hand","Bird Faced Urn","Velvet Choker","Regal Pillow","Frozen Egg 2","Anchor"],"potions_floor_usage":[],"damage_taken":[{"damage":2,"enemies":"2 Louse","floor":1,"turns":2},{"damage":2,"enemies":"Small Slimes","floor":3,"turns":3},{"damage":0,"enemies":"Cultist","floor":5,"turns":4},{"damage":26,"enemies":"Gremlin Nob","floor":7,"turns":4},{"damage":4,"enemies":"Gremlin Gang","floor":11,"turns":4},{"damage":0,"enemies":"3 Louse","floor":13,"turns":2},{"damage":0,"enemies":"Lots of Slimes","floor":14,"turns":3},{"damage":16,"enemies":"The Guardian","floor":16,"turns":10},{"damage":14,"enemies":"2 Thieves","floor":18,"turns":3},{"damage":1,"enemies":"3 Byrds","floor":20,"turns":5},{"damage":15,"enemies":"Snake Plant","floor":21,"turns":3},{"damage":14,"enemies":"Centurion and Healer","floor":22,"turns":5},{"damage":12,"enemies":"Cultist and Chosen","floor":24,"turns":5},{"damage":6,"enemies":"Sentry and Sphere","floor":27,"turns":4},{"damage":2,"enemies":"Snecko","floor":28,"turns":4},{"damage":12,"enemies":"Snake Plant","floor":31,"turns":3},{"damage":13,"enemies":"Automaton","floor":33,"turns":9},{"damage":4,"enemies":"3 Shapes","floor":35,"turns":5},{"damage":16,"enemies":"3 Darklings","floor":36,"turns":3},{"damage":0,"enemies":"Transient","floor":38,"turns":5},{"damage":13,"enemies":"Reptomancer","floor":40,"turns":6},{"damage":10,"enemies":"Spire Growth","floor":41,"turns":5},{"damage":18,"enemies":"3 Darklings","floor":42,"turns":4},{"damage":13,"enemies":"Giant Head","floor":44,"turns":9},{"damage":0,"enemies":"4 Shapes","floor":45,"turns":7},{"damage":16,"enemies":"Jaw Worm Horde","floor":46,"turns":4},{"damage":47,"enemies":"Nemesis","floor":48,"turns":7},{"damage":28,"enemies":"Time Eater","floor":50,"turns":6}],"seed_played":"-4196234253642254763","potions_obtained":[{"floor":1,"key":"SteroidPotion"},{"floor":11,"key":"FocusPotion"},{"floor":14,"key":"SpeedPotion"},{"floor":41,"key":"AttackPotion"}],"is_trial":false,"path_per_floor":["M","?","M","?","M","R","E","R","T","?","M","R","M","M","R","B",null,"M","$","M","M","M","R","M","R","T","M","M","R","?","M","R","B",null,"M","M","$","M","$","E","M","M","T","E","M","M","?","E","R","B",null],"character_chosen":"DEFECT","items_purchased":["FTL","Mummified Hand","Loop","Echo Form"],"campfire_rested":1,"item_purchase_floors":[19,19,37,39],"current_hp_per_floor":[66,51,49,49,49,49,23,23,23,85,81,81,81,81,81,65,80,66,66,65,50,36,36,24,24,24,22,26,51,51,43,43,40,74,80,69,69,81,81,80,85,73,73,85,85,85,85,78,78,72],"gold":191,"neow_bonus":"TRANSFORM_CARD","is_prod":false,"is_daily":false,"chose_seed":false,"campfire_upgraded":5,"win_rate":0,"timestamp":1558731779,"path_taken":["M","?","M","?","M","R","E","R","T","?","M","R","M","M","R","BOSS","M","$","M","M","?","R","M","R","T","M","?","R","?","M","R","BOSS","M","M","$","M","?","E","M","M","T","E","M","M","?","E","R","BOSS"],"build_version":"2019-01-23","purchased_purges":2,"victory":true,"max_hp_per_floor":[75,75,75,75,75,75,75,75,75,85,85,85,85,85,85,85,85,85,85,85,85,85,85,85,85,85,85,85,85,85,85,85,85,85,85,85,85,85,85,85,85,85,85,85,85,85,85,85,85,85],"card_choices":[{"not_picked":["Lockon","Gash"],"picked":"Coolheaded","floor":1},{"not_picked":["Beam Cell","Leap"],"picked":"Chill","floor":3},{"not_picked":["Sweeping Beam","Auto Shields"],"picked":"Sunder","floor":5},{"not_picked":["Steam","Leap"],"picked":"Core Surge","floor":7},{"not_picked":["Redo","Go for the Eyes"],"picked":"Ball Lightning","floor":11},{"not_picked":["Turbo","Redo","Lockon"],"picked":"SKIP","floor":13},{"not_picked":["Steam","Meteor Strike"],"picked":"White Noise","floor":14},{"not_picked":["Fission","Buffer"],"picked":"Biased Cognition","floor":16},{"not_picked":["Loop","Ball Lightning"],"picked":"Genetic Algorithm","floor":18},{"not_picked":["Consume","Steam Power"],"picked":"Stack","floor":20},{"not_picked":["Coolheaded+1","Cold Snap"],"picked":"Defragment","floor":21},{"not_picked":["Redo+1","Rebound","Streamline"],"picked":"SKIP","floor":22},{"not_picked":["Seek","Aggregate","Rebound+1"],"picked":"SKIP","floor":24},{"not_picked":["Rebound","Tempest+1","Streamline"],"picked":"SKIP","floor":27},{"not_picked":["Hologram","Leap"],"picked":"Defragment+1","floor":28},{"not_picked":["Reprogram","Fission"],"picked":"Loop+1","floor":31},{"not_picked":["Thunder Strike","Fission"],"picked":"Rainbow","floor":33},{"not_picked":["Aggregate+1","Force Field"],"picked":"Coolheaded+1","floor":35},{"not_picked":["Heatsinks","Reprogram","Sweeping Beam"],"picked":"SKIP","floor":36},{"not_picked":["Steam+1","Hello World+1"],"picked":"Darkness","floor":38},{"not_picked":["Double Energy","Rainbow"],"picked":"Capacitor+1","floor":40},{"not_picked":["Steam Power+1","Conserve Battery+1","Beam Cell+1"],"picked":"SKIP","floor":41},{"not_picked":["Gash","Sunder+1"],"picked":"Self Repair+1","floor":42},{"not_picked":["Turbo","White Noise+1","Coolheaded"],"picked":"SKIP","floor":44},{"not_picked":["Chill","Conserve Battery+1"],"picked":"Compile Driver+1","floor":45},{"not_picked":["Heatsinks+1","Redo+1","Stack+1"],"picked":"SKIP","floor":46},{"not_picked":["Fusion+1","Cold Snap"],"picked":"Tempest+1","floor":48}],"player_experience":224373,"relics_obtained":[{"floor":7,"key":"Girya"},{"floor":9,"key":"Ice Cream"},{"floor":26,"key":"Bird Faced Urn"},{"floor":40,"key":"Regal Pillow"},{"floor":44,"key":"Frozen Egg 2"},{"floor":48,"key":"Anchor"}],"event_choices":[{"damage_healed":0,"gold_gain":0,"player_choice":"Entered Light","damage_taken":15,"max_hp_gain":0,"max_hp_loss":0,"event_name":"Shining Light","floor":2,"gold_loss":0,"cards_upgraded":["Defend_B","Defend_B"]},{"damage_healed":0,"gold_gain":175,"player_choice":"AGREE","damage_taken":0,"max_hp_gain":0,"max_hp_loss":0,"event_name":"Liars Game","floor":4,"gold_loss":0,"cards_obtained":["Doubt"]},{"cards_removed":["Thunder Strike"],"damage_healed":52,"gold_gain":0,"player_choice":"Offered Rare","damage_taken":0,"max_hp_gain":10,"max_hp_loss":0,"event_name":"Bonfire Elementals","floor":10,"gold_loss":0},{"cards_removed":["Regret"],"damage_healed":0,"gold_gain":0,"player_choice":"Removed Curses","damage_taken":0,"max_hp_gain":0,"max_hp_loss":0,"event_name":"Fountain of Cleansing","floor":30,"gold_loss":0},{"damage_healed":0,"gold_gain":0,"player_choice":"Bought 0 Potions","damage_taken":0,"max_hp_gain":0,"max_hp_loss":0,"event_name":"The Woman in Blue","floor":47,"gold_loss":0}],"is_beta":false,"boss_relics":[{"not_picked":["White Beast Statue","Philosopher\u0027s Stone"],"picked":"Cursed Key"},{"not_picked":["Coffee Dripper","Runic Dome"],"picked":"Velvet Choker"}],"items_purged_floors":[19,37],"is_endless":false,"potions_floor_spawned":[1,11,14,16,20,22,31,33,41,44,45,46],"ascension_level":6}