{"gold_per_floor":[110,110,135,150,171,171,204,204,204,220,251,251,266,266,266,397,397,412,426,95,108,133,133,166,166,166,191,227,243,262,24,24,155,155,176,509,534,548,334,368,368,387,387,399,409,436,446,24,24,24],"floor_reached":51,"playtime":7657,"items_purged":["Strike_G","Envenom","Tools of the Trade"],"score":904,"play_id":"58be03ea-f6f3-4fca-a90a-035a2f7e828a","local_time":"20190323150100","is_ascension_mode":true,"campfire_choices":[{"floor":6,"key":"REST"},{"floor":8,"key":"REST"},{"data":"Noxious Fumes","floor":15,"key":"SMITH"},{"data":"1","floor":23,"key":"LIFT"},{"floor":32,"key":"REST"},{"data":"2","floor":41,"key":"LIFT"},{"floor":49,"key":"REST"}],"neow_cost":"NONE","seed_source_timestamp":6823286961620,"circlet_count":0,"master_deck":["Defend_G","Defend_G","Defend_G","Defend_G","Defend_G","Strike_G","Strike_G","Survivor","Neutralize","Footwork","Dash","Dagger Spray","Leg Sweep","Noxious Fumes+1","Footwork","PiercingWail+1","After Image","Flechettes","Dodge and Roll","Blade Dance","RitualDagger","Flying Knee","Venomology+1","Well Laid Plans+1","Blur","Caltrops","Dodge and Roll+1","Corpse Explosion","Infinite Blades"],"relics":["Ring of the Serpent","Pear","FossilizedHelix","Girya","Singing Bowl","Black Star","Ninja Scroll","Calipers","Question Card","Ginger","Potion Belt","Orichalcum","Paper Crane","War Paint","Bottled Lightning","Sundial","Kunai","Darkstone Periapt","Tingsha","Happy Flower"],"potions_floor_usage":[7,18,19,21,27,28,40,44,45,45,45,46,46,46,46,50,50,50,50,50],"damage_taken":[{"damage":6,"enemies":"Jaw Worm","floor":1,"turns":7},{"damage":1,"enemies":"2 Louse","floor":3,"turns":3},{"damage":0,"enemies":"Cultist","floor":4,"turns":4},{"damage":2,"enemies":"3 Louse","floor":5,"turns":3},{"damage":19,"enemies":"Gremlin Nob","floor":7,"turns":6},{"damage":1,"enemies":"Exordium Thugs","floor":10,"turns":8},{"damage":8,"enemies":"3 Sentries","floor":11,"turns":8},{"damage":0,"enemies":"Large Slime","floor":13,"turns":9},{"damage":0,"enemies":"The Guardian","floor":16,"turns":13},{"damage":0,"enemies":"Chosen","floor":18,"turns":9},{"damage":0,"enemies":"Shell Parasite","floor":19,"turns":10},{"damage":19,"enemies":"Centurion and Healer","floor":21,"turns":8},{"damage":0,"enemies":"Snake Plant","floor":22,"turns":7},{"damage":26,"enemies":"Gremlin Leader","floor":24,"turns":9},{"damage":0,"enemies":"Snecko","floor":27,"turns":7},{"damage":7,"enemies":"Slavers","floor":28,"turns":8},{"damage":12,"enemies":"Centurion and Healer","floor":29,"turns":7},{"damage":0,"enemies":"Shelled Parasite and Fungi","floor":30,"turns":10},{"damage":9,"enemies":"Champ","floor":33,"turns":20},{"damage":11,"enemies":"3 Shapes","floor":35,"turns":6},{"damage":6,"enemies":"Orb Walker","floor":38,"turns":6},{"damage":0,"enemies":"Nemesis","floor":40,"turns":11},{"damage":0,"enemies":"Maw","floor":42,"turns":9},{"damage":0,"enemies":"Writhing Mass","floor":44,"turns":7},{"damage":22,"enemies":"Spire Growth","floor":45,"turns":7},{"damage":5,"enemies":"Reptomancer","floor":46,"turns":12},{"damage":1,"enemies":"Sphere and 2 Shapes","floor":47,"turns":7},{"damage":21,"enemies":"Donu and Deca","floor":50,"turns":7}],"seed_played":"902765815071527792","potions_obtained":[{"floor":1,"key":"Block Potion"},{"floor":3,"key":"Ancient Potion"},{"floor":5,"key":"SpeedPotion"},{"floor":13,"key":"Swift Potion"},{"floor":19,"key":"AttackPotion"},{"floor":22,"key":"SneckoOil"},{"floor":27,"key":"Poison Potion"},{"floor":33,"key":"Poison Potion"},{"floor":40,"key":"LiquidBronze"},{"floor":44,"key":"Swift Potion"},{"floor":47,"key":"Ancient Potion"}],"is_trial":false,"path_per_floor":["M","?","M","M","M","R","E","R","T","M","E","?","M","?","R","B",null,"M","M","$","M","M","R","E","?","T","M","E","M","M","$","R","B",null,"M","?","T","M","$","E","R","M","T","M","M","E","M","$","R","B",null],"character_chosen":"THE_SILENT","items_purchased":["Ninja Scroll","Paper Crane","Blur","Caltrops","Happy Flower","Energy Potion","Weak Potion","Infinite Blades"],"campfire_rested":4,"item_purchase_floors":[20,31,39,39,48,48,48,48],"current_hp_per_floor":[64,47,46,46,44,65,56,80,80,79,71,71,71,71,71,71,80,82,82,82,65,65,65,39,33,33,35,28,16,18,18,44,35,88,79,79,79,73,73,73,73,75,75,77,57,52,53,53,82,61],"gold":24,"neow_bonus":"REMOVE_CARD","is_prod":false,"is_daily":false,"chose_seed":false,"campfire_upgraded":1,"win_rate":0,"timestamp":1553342460,"path_taken":["M","?","M","M","M","R","E","R","T","M","E","?","?","?","R","BOSS","M","M","$","M","M","R","E","?","T","M","E","M","M","?","R","BOSS","M","?","?","M","$","E","R","M","T","M","?","E","M","$","R","BOSS"],"build_version":"2019-01-23","purchased_purges":3,"victory":true,"max_hp_per_floor":[70,70,70,70,70,70,80,80,80,80,80,80,80,80,80,80,80,82,82,82,84,84,84,84,84,84,86,86,86,88,88,88,88,88,90,90,90,90,90,90,90,92,92,94,96,96,98,98,98,98],"card_choices":[{"not_picked":["Eviscerate","PiercingWail"],"picked":"Footwork","floor":1},{"not_picked":["Deflect","Prepared"],"picked":"Dash","floor":3},{"not_picked":["Concentrate","Predator"],"picked":"Dagger Spray","floor":4},{"not_picked":["Quick Slash","PiercingWail","Underhanded Strike"],"picked":"SKIP","floor":5},{"not_picked":["Riddle With Holes","Slice"],"picked":"Leg Sweep","floor":7},{"not_picked":["Backflip","Heel Hook"],"picked":"Noxious Fumes","floor":10},{"not_picked":["Infinite Blades","Deadly Poison"],"picked":"Footwork","floor":11},{"not_picked":["Prepared","Slice"],"picked":"PiercingWail","floor":13},{"not_picked":["Wraith Form v2","Tools of the Trade"],"picked":"After Image","floor":16},{"not_picked":["Sucker Punch","Choke","Setup"],"picked":"Singing Bowl","floor":18},{"not_picked":["Reflex","Calculated Gamble"],"picked":"Flechettes","floor":19},{"not_picked":["Dagger Spray","Quick Slash","Distraction"],"picked":"Singing Bowl","floor":21},{"not_picked":["Flechettes+1","Dagger Throw"],"picked":"Dodge and Roll","floor":22},{"not_picked":["Tactician","Crippling Poison"],"picked":"Blade Dance","floor":24},{"not_picked":["Quick Slash","Endless Agony","Poisoned Stab+1","Acrobatics"],"picked":"Singing Bowl","floor":27},{"not_picked":["Dagger Throw+1","Flechettes","Choke+1"],"picked":"Flying Knee","floor":28},{"not_picked":["Deadly Poison","Flechettes","All Out Attack"],"picked":"Envenom","floor":29},{"not_picked":["Dash","Dagger Throw","Prepared","Setup"],"picked":"Singing Bowl","floor":30},{"not_picked":["Night Terror","Storm of Steel","Grand Finale"],"picked":"Venomology","floor":33},{"not_picked":["Blade Dance","Masterful Stab","Deadly Poison","Underhanded Strike"],"picked":"Singing Bowl","floor":35},{"not_picked":["Bouncing Flask","Prepared+1","Dagger Spray"],"picked":"Well Laid Plans+1","floor":38},{"not_picked":["Crippling Poison","Cloak And Dagger+1","Distraction+1"],"picked":"Dodge and Roll+1","floor":40},{"not_picked":["Setup","Deadly Poison+1","Acrobatics","Deflect"],"picked":"Singing Bowl","floor":42},{"not_picked":["Flying Knee","Outmaneuver+1","Tactician+1","Acrobatics"],"picked":"Singing Bowl","floor":44},{"not_picked":["Quick Slash+1","Eviscerate+1","Predator+1","Endless Agony"],"picked":"Singing Bowl","floor":45},{"not_picked":["Backflip","Dodge and Roll","Finisher"],"picked":"Corpse Explosion","floor":46},{"not_picked":["Prepared+1","Acrobatics+1","Deflect","Flying Knee+1"],"picked":"Singing Bowl","floor":47}],"player_experience":698120,"relics_obtained":[{"floor":7,"key":"Pear"},{"floor":9,"key":"FossilizedHelix"},{"floor":11,"key":"Girya"},{"floor":24,"key":"Calipers"},{"floor":24,"key":"Question Card"},{"floor":26,"key":"Ginger"},{"floor":28,"key":"Potion Belt"},{"floor":28,"key":"Orichalcum"},{"floor":37,"key":"War Paint"},{"floor":40,"key":"Bottled Lightning"},{"floor":40,"key":"Sundial"},{"floor":43,"key":"Kunai"},{"floor":46,"key":"Darkstone Periapt"},{"floor":46,"key":"Tingsha"}],"event_choices":[{"damage_healed":0,"gold_gain":0,"player_choice":"Take Damage","damage_taken":17,"relics_obtained":["Golden Idol"],"max_hp_gain":0,"max_hp_loss":0,"event_name":"Golden Idol","floor":2,"gold_loss":0},{"damage_healed":0,"gold_gain":0,"cards_transformed":["Strike_G"],"player_choice":"Transformed","damage_taken":0,"max_hp_gain":0,"max_hp_loss":0,"event_name":"Transmorgrifier","floor":12,"gold_loss":0,"cards_obtained":["Tools of the Trade"]},{"damage_healed":0,"gold_gain":0,"player_choice":"Gave Potion","damage_taken":0,"relics_obtained":["Singing Bowl"],"max_hp_gain":0,"max_hp_loss":0,"event_name":"WeMeetAgain","floor":14,"gold_loss":0},{"damage_healed":0,"gold_gain":0,"player_choice":"Joined the Cult","damage_taken":6,"max_hp_gain":0,"max_hp_loss":0,"event_name":"Nest","floor":25,"gold_loss":0,"cards_obtained":["RitualDagger"]},{"damage_healed":0,"gold_gain":333,"player_choice":"Gave Idol","damage_taken":0,"max_hp_gain":0,"max_hp_loss":0,"event_name":"The Moai Head","floor":36,"relics_lost":["Golden Idol"],"gold_loss":0}],"is_beta":false,"boss_relics":[{"not_picked":["Coffee Dripper","Empty Cage"],"picked":"Black Star"},{"not_picked":["Busted Crown","Lizard Tail"],"picked":"Ring of the Serpent"}],"items_purged_floors":[20,39,48],"is_endless":false,"potions_floor_spawned":[1,3,5,13,19,22,27,33,40,44,47],"ascension_level":1}