{"gold_per_floor":[114,125,125,125,10,39,39,74,161,173,206,238,282,306,318,330],"floor_reached":16,"playtime":1326,"items_purged":[],"score":136,"play_id":"65163866-51ab-44fa-b36d-4da2a481ef74","local_time":"20190507080431","is_ascension_mode":true,"campfire_choices":[{"data":"True Grit","floor":7,"key":"SMITH"},{"data":"Flash of Steel","floor":10,"key":"SMITH"},{"floor":15,"key":"REST"}],"neow_cost":"NONE","seed_source_timestamp":49670339259400,"circlet_count":0,"master_deck":["Strike_R","Strike_R","Strike_R","Strike_R","Defend_R","Defend_R","Defend_R","Defend_R","Bash","Metallicize","Armaments+1","True Grit+1","Flash of Steel+1","Feel No Pain","Headbutt","Shrug It Off","Wild Strike","Clothesline"],"relics":["Burning Blood","Juzu Bracelet","MawBank","Blue Candle","Odd Mushroom","Orichalcum"],"potions_floor_usage":[6,8,11,11,13,16],"damage_taken":[{"damage":3,"enemies":"Jaw Worm","floor":1,"turns":5},{"damage":10,"enemies":"Small Slimes","floor":2,"turns":5},{"damage":31,"enemies":"3 Sentries","floor":6,"turns":16},{"damage":21,"enemies":"Gremlin Nob","floor":8,"turns":5},{"damage":26,"enemies":"The Mushroom Lair","floor":11,"turns":5},{"damage":1,"enemies":"2 Louse","floor":12,"turns":3},{"damage":16,"enemies":"3 Sentries","floor":13,"turns":12},{"damage":8,"enemies":"Exordium Thugs","floor":14,"turns":4},{"damage":57,"enemies":"Slime Boss","floor":16,"turns":8}],"seed_played":"3630601436056119107","potions_obtained":[{"floor":0,"key":"SpeedPotion"},{"floor":0,"key":"Dexterity Potion"},{"floor":0,"key":"BloodPotion"},{"floor":6,"key":"SpeedPotion"},{"floor":12,"key":"Block Potion"},{"floor":14,"key":"Regen Potion"}],"is_trial":false,"path_per_floor":["M","M","?","?","$","E","R","E","T","R","?","M","E","M","R","B"],"character_chosen":"IRONCLAD","items_purchased":["True Grit","Flash of Steel"],"campfire_rested":1,"item_purchase_floors":[5,5],"current_hp_per_floor":[80,76,76,69,69,52,52,37,37,37,17,22,12,10,34,0],"gold":330,"neow_bonus":"THREE_SMALL_POTIONS","is_prod":false,"is_daily":false,"chose_seed":false,"campfire_upgraded":2,"win_rate":0,"timestamp":1557196471,"path_taken":["M","M","?","?","$","E","R","E","T","R","?","M","E","M","R","BOSS"],"build_version":"2019-01-23","purchased_purges":0,"victory":false,"max_hp_per_floor":[80,80,80,80,80,80,80,80,80,80,80,80,80,80,80,80],"card_choices":[{"not_picked":["Twin Strike","Sword Boomerang"],"picked":"Metallicize","floor":1},{"not_picked":["Anger","Headbutt"],"picked":"Armaments","floor":2},{"not_picked":["Body Slam","Flex"],"picked":"Feel No Pain","floor":6},{"not_picked":["Flex","Dark Embrace"],"picked":"Headbutt","floor":8},{"not_picked":["Clash","Heavy Blade"],"picked":"Shrug It Off","floor":11},{"not_picked":["Twin Strike","Perfected Strike","Blood for Blood"],"picked":"SKIP","floor":12},{"not_picked":["Flex","Iron Wave"],"picked":"Wild Strike","floor":13},{"not_picked":["Havoc","True Grit"],"picked":"Clothesline","floor":14}],"player_experience":148660,"relics_obtained":[{"floor":6,"key":"Juzu Bracelet"},{"floor":8,"key":"MawBank"},{"floor":9,"key":"Blue Candle"},{"floor":11,"key":"Odd Mushroom"},{"floor":13,"key":"Orichalcum"}],"event_choices":[{"damage_healed":0,"gold_gain":0,"player_choice":"Grow","damage_taken":0,"max_hp_gain":0,"max_hp_loss":0,"event_name":"Living Wall","floor":3,"gold_loss":0,"cards_upgraded":["Armaments"]},{"cards_removed":["Strike_R"],"damage_healed":0,"gold_gain":0,"player_choice":"Card Removal","damage_taken":7,"max_hp_gain":0,"max_hp_loss":0,"event_name":"Golden Wing","floor":4,"gold_loss":0},{"damage_healed":0,"gold_gain":0,"player_choice":"Fought Mushrooms","damage_taken":0,"max_hp_gain":0,"max_hp_loss":0,"event_name":"Mushrooms","floor":11,"gold_loss":0}],"is_beta":false,"boss_relics":[],"items_purged_floors":[],"is_endless":false,"potions_floor_spawned":[1,6,12,14],"killed_by":"Slime Boss","ascension_level":3}