{"gold_per_floor":[218,27,27,27,37,70,70,82,137,169,169,169,203,58,58,58],"floor_reached":16,"playtime":554,"items_purged":["Strike_R"],"score":151,"play_id":"9c44a0f4-ffb6-4e68-8a57-85f3d40445a7","local_time":"20190525025919","is_ascension_mode":true,"campfire_choices":[{"data":"Corruption","floor":7,"key":"SMITH"},{"data":"Shrug It Off","floor":11,"key":"SMITH"},{"data":"Bash","floor":15,"key":"SMITH"}],"neow_cost":"NONE","seed_source_timestamp":50727240742200,"circlet_count":0,"master_deck":["Strike_R","Strike_R","Strike_R","Strike_R","Defend_R","Defend_R","Defend_R","Defend_R","Bash+1","Shrug It Off+1","Corruption+1","Sword Boomerang","Headbutt","Flame Barrier","Sword Boomerang","Body Slam","Disarm"],"relics":["Burning Blood","Bag of Preparation","Boot","Omamori","Pen Nib","Gremlin Horn"],"potions_floor_usage":[6],"damage_taken":[{"damage":8,"enemies":"Jaw Worm","floor":1,"turns":5},{"damage":9,"enemies":"2 Louse","floor":5,"turns":3},{"damage":20,"enemies":"Lagavulin","floor":6,"turns":6},{"damage":7,"enemies":"Small Slimes","floor":8,"turns":3},{"damage":24,"enemies":"Gremlin Nob","floor":10,"turns":4},{"damage":5,"enemies":"Lagavulin","floor":13,"turns":7},{"damage":47,"enemies":"Slime Boss","floor":16,"turns":7}],"seed_played":"-7492345530274751590","potions_obtained":[{"floor":5,"key":"Explosive Potion"},{"floor":8,"key":"GamblersBrew"}],"is_trial":false,"path_per_floor":["M","$","?","?","M","E","R","M","T","E","R","?","E","$","R","B"],"character_chosen":"IRONCLAD","items_purchased":["Corruption","Bag of Preparation","Disarm"],"campfire_rested":0,"item_purchase_floors":[2,2,14],"current_hp_per_floor":[70,70,70,70,67,53,53,52,52,34,34,39,40,40,40,0],"gold":58,"neow_bonus":"HUNDRED_GOLD","is_prod":false,"is_daily":false,"chose_seed":false,"campfire_upgraded":3,"win_rate":0,"timestamp":1558733359,"path_taken":["M","$","?","?","M","E","R","M","T","E","R","?","E","?","R","BOSS"],"build_version":"2019-01-23","purchased_purges":1,"victory":false,"max_hp_per_floor":[80,80,80,80,80,80,80,80,80,80,80,85,85,85,85,85],"card_choices":[{"not_picked":["Thunderclap","Reckless Charge"],"picked":"Shrug It Off","floor":1},{"not_picked":["Heavy Blade","Infernal Blade"],"picked":"Sword Boomerang","floor":5},{"not_picked":["Anger","Evolve"],"picked":"Headbutt","floor":6},{"not_picked":["True Grit","Rage"],"picked":"Flame Barrier","floor":8},{"not_picked":["Clash","Anger"],"picked":"Sword Boomerang","floor":10},{"not_picked":["Bludgeon","Pommel Strike"],"picked":"Body Slam","floor":13}],"player_experience":227892,"relics_obtained":[{"floor":6,"key":"Boot"},{"floor":9,"key":"Omamori"},{"floor":10,"key":"Pen Nib"},{"floor":13,"key":"Gremlin Horn"}],"event_choices":[{"damage_healed":0,"gold_gain":0,"player_choice":"Ignored","damage_taken":0,"max_hp_gain":0,"max_hp_loss":0,"event_name":"Liars Game","floor":3,"gold_loss":0},{"damage_healed":0,"gold_gain":0,"player_choice":"Leave","damage_taken":0,"max_hp_gain":0,"max_hp_loss":0,"event_name":"The Cleric","floor":4,"gold_loss":0},{"damage_healed":0,"gold_gain":0,"player_choice":"Donut","damage_taken":0,"max_hp_gain":5,"max_hp_loss":0,"event_name":"Big Fish","floor":12,"gold_loss":0}],"is_beta":false,"boss_relics":[],"items_purged_floors":[14],"is_endless":false,"potions_floor_spawned":[5,8],"killed_by":"Slime Boss","ascension_level":6}