{"gold_per_floor":[117,14,29,39,39,39,58,58,58,76,101,118,134,148,148,253,253,268,278,291,216,29,29,41,41,41,58,58,58,73,73,73,173,173,192,79,98,117,129,129,139,150,150,170,188,198,198,198,198,198],"floor_reached":50,"playtime":9574,"items_purged":["Coolheaded"],"score":496,"play_id":"3dd0b680-88a7-4046-ac9c-7009f9920945","local_time":"20181009051126","is_ascension_mode":false,"campfire_choices":[{"floor":6,"key":"REST"},{"data":"Zap","floor":8,"key":"SMITH"},{"data":"Dualcast","floor":15,"key":"SMITH"},{"data":"Strike_B","floor":23,"key":"SMITH"},{"data":"Conserve Battery","floor":25,"key":"SMITH"},{"data":"1","floor":29,"key":"LIFT"},{"data":"2","floor":32,"key":"LIFT"},{"data":"3","floor":40,"key":"LIFT"},{"floor":47,"key":"REST"},{"floor":49,"key":"REST"}],"neow_cost":"NONE","seed_source_timestamp":423461095331902,"circlet_count":0,"master_deck":["Strike_B","Strike_B","Strike_B","Strike_B+1","Defend_B","Defend_B","Defend_B","Zap+1","Dualcast+1","Double Energy+1","Stack+1","BootSequence","Gash","Go for the Eyes","Conserve Battery+1","Electrodynamics","Gash","Reboot","Ball Lightning+1","Leap","Gash+1","All For One","Self Repair","Self Repair","Streamline+1","Rainbow","Melter","Redo+1","Sweeping Beam+1","Streamline+1","Steam","Tempest+1","Hologram+1","Gash+1","Madness","Madness"],"relics":["Runic Pyramid","Pen Nib","Happy Flower","Eternal Feather","Girya","Nuclear Battery","Dodecahedron"],"potions_floor_usage":[30,33,38,39,41,44,46],"damage_taken":[{"damage":0,"enemies":"Small Slimes","floor":1,"turns":3},{"damage":4,"enemies":"Jaw Worm","floor":3,"turns":4},{"damage":0,"enemies":"Cultist","floor":4,"turns":3},{"damage":0,"enemies":"Blue Slaver","floor":7,"turns":5},{"damage":6,"enemies":"Lots of Slimes","floor":10,"turns":5},{"damage":0,"enemies":"2 Fungi Beasts","floor":12,"turns":3},{"damage":1,"enemies":"Large Slime","floor":13,"turns":7},{"damage":0,"enemies":"Looter","floor":14,"turns":4},{"damage":10,"enemies":"The Guardian","floor":16,"turns":12},{"damage":0,"enemies":"Chosen","floor":18,"turns":6},{"damage":2,"enemies":"Shell Parasite","floor":19,"turns":4},{"damage":15,"enemies":"Snake Plant","floor":20,"turns":5},{"damage":5,"enemies":"Shelled Parasite and Fungi","floor":24,"turns":4},{"damage":0,"enemies":"Cultist and Chosen","floor":27,"turns":4},{"damage":27,"enemies":"Snake Plant","floor":30,"turns":5},{"damage":7,"enemies":"Collector","floor":33,"turns":7},{"damage":2,"enemies":"Orb Walker","floor":35,"turns":4},{"damage":32,"enemies":"3 Darklings","floor":37,"turns":5},{"damage":8,"enemies":"Spire Growth","floor":38,"turns":3},{"damage":7,"enemies":"4 Shapes","floor":39,"turns":4},{"damage":23,"enemies":"Sphere and 2 Shapes","floor":41,"turns":4},{"damage":39,"enemies":"Transient","floor":42,"turns":5},{"damage":20,"enemies":"Maw","floor":44,"turns":6},{"damage":3,"enemies":"Reptomancer","floor":45,"turns":3},{"damage":30,"enemies":"Spire Growth","floor":46,"turns":4},{"damage":82,"enemies":"Awakened One","floor":50,"turns":6}],"seed_played":"-2879006429268406383","potions_obtained":[{"floor":3,"key":"FocusPotion"},{"floor":4,"key":"SteroidPotion"},{"floor":16,"key":"SpeedPotion"},{"floor":30,"key":"Weak Potion"},{"floor":35,"key":"SkillPotion"},{"floor":39,"key":"EssenceOfSteel"},{"floor":42,"key":"AttackPotion"},{"floor":44,"key":"Weak Potion"},{"floor":45,"key":"SteroidPotion"}],"is_trial":false,"path_per_floor":["M","$","M","M","?","R","M","R","T","M","T","M","M","M","R","B",null,"M","M","M","?","$","R","M","R","T","M","?","R","M","?","R","B",null,"M","$","M","M","M","R","M","M","T","M","M","M","R","?","R"],"character_chosen":"DEFECT","items_purchased":["Double Energy","Coolheaded","All For One","Self Repair","Melter"],"campfire_rested":3,"item_purchase_floors":[2,2,22,22,36],"current_hp_per_floor":[75,75,71,71,56,75,75,75,75,69,69,69,68,68,68,58,75,75,73,58,58,58,70,72,75,75,75,61,76,63,63,78,80,80,80,80,62,61,54,72,63,38,38,32,36,13,55,45,80,0],"gold":198,"neow_bonus":"BOSS_RELIC","is_prod":false,"is_daily":false,"chose_seed":false,"campfire_upgraded":4,"win_rate":0,"timestamp":1539051086,"path_taken":["M","$","M","M","?","R","M","R","T","M","?","M","?","M","R","BOSS","M","M","M","?","$","R","M","R","T","M","?","R","M","?","R","BOSS","M","$","M","M","M","R","M","M","T","M","M","M","R","?","R","BOSS"],"build_version":"2018-10-04v2","purchased_purges":1,"victory":false,"max_hp_per_floor":[75,75,75,75,75,75,75,75,75,75,75,75,75,75,75,75,75,75,75,75,75,75,75,75,75,75,75,80,80,80,80,80,80,80,80,80,80,80,80,80,80,80,80,80,80,80,80,80,80,80],"card_choices":[{"not_picked":["Rebound","Hello World","Reprogram"],"picked":"SKIP","floor":1},{"not_picked":["Barrage","Leap"],"picked":"Stack","floor":3},{"not_picked":["Defragment","Scrape"],"picked":"BootSequence","floor":4},{"not_picked":["Heatsinks","Redo"],"picked":"Gash","floor":7},{"not_picked":["Leap","Consume"],"picked":"Go for the Eyes","floor":10},{"not_picked":["Compile Driver","Leap"],"picked":"Conserve Battery","floor":12},{"not_picked":["Beam Cell","Hologram"],"picked":"Electrodynamics","floor":13},{"not_picked":["Redo","Beam Cell"],"picked":"Gash","floor":14},{"not_picked":["Seek","Amplify"],"picked":"Reboot","floor":16},{"not_picked":["Conserve Battery+1","Reprogram"],"picked":"Ball Lightning+1","floor":18},{"not_picked":["Hologram","Force Field"],"picked":"Leap","floor":19},{"not_picked":["Glacier","Beam Cell"],"picked":"Gash+1","floor":20},{"not_picked":["Steam Power","Beam Cell","Cold Snap+1"],"picked":"SKIP","floor":24},{"not_picked":["Compile Driver","Capacitor"],"picked":"Self Repair","floor":27},{"not_picked":["Rebound+1","Hello World+1"],"picked":"Streamline+1","floor":30},{"not_picked":["Creative AI","All For One"],"picked":"Rainbow","floor":33},{"not_picked":["Coolheaded","Rebound+1","Redo"],"picked":"SKIP","floor":35},{"not_picked":["Stack+1","Rip and Tear"],"picked":"Redo+1","floor":37},{"not_picked":["Stack","Coolheaded+1"],"picked":"Sweeping Beam+1","floor":38},{"not_picked":["Glacier+1","Stack"],"picked":"Streamline+1","floor":39},{"not_picked":["Storm+1","Steam Power"],"picked":"Steam","floor":41},{"not_picked":["Reprogram+1","Barrage"],"picked":"Tempest+1","floor":42},{"not_picked":["Compile Driver","Redo+1"],"picked":"Hologram+1","floor":44},{"not_picked":["Biased Cognition","Auto Shields"],"picked":"Gash+1","floor":45},{"not_picked":["Sweeping Beam","Rip and Tear","Lockon"],"picked":"SKIP","floor":46}],"player_experience":36013,"relics_obtained":[{"floor":9,"key":"Pen Nib"},{"floor":11,"key":"Happy Flower"},{"floor":26,"key":"Girya"},{"floor":43,"key":"Dodecahedron"}],"event_choices":[{"event_name":"Shining Light","player_choice":"Entered Light","floor":5,"damage_taken":0},{"event_name":"Beggar","player_choice":"Gave Gold","floor":21,"damage_taken":0},{"event_name":"Forgotten Altar","player_choice":"Shed Blood","floor":28,"damage_taken":0},{"event_name":"Ghosts","player_choice":"Ignored","floor":31,"damage_taken":0},{"event_name":"Winding Halls","player_choice":"Embrace Madness","floor":48,"damage_taken":0}],"is_beta":false,"boss_relics":[{"not_picked":["Philosopher\u0027s Stone","Velvet Choker"],"picked":"Eternal Feather"},{"not_picked":["Tiny House","Cursed Key"],"picked":"Nuclear Battery"}],"items_purged_floors":[36],"is_endless":false,"potions_floor_spawned":[3,4,16,20,30,35,39,42,44,45],"killed_by":"Awakened One","ascension_level":0}