{"gold_per_floor":[110,130,130,92,105,138,150,176,211,254,266,278,290,302,314,423,435,461,473,498,521,133,168,168,179,179,194,194,194,104,116,116,219,219,230,130,183,183,99,99,116,216,216,229,249,265,290,300,300,300],"floor_reached":50,"playtime":6132,"items_purged":["Strike_G","Flechettes+1"],"score":626,"play_id":"48ed728c-dfa9-4f48-8ff7-cf7466f6375e","local_time":"20190509115839","is_ascension_mode":true,"campfire_choices":[{"floor":7.0,"key":"REST"},{"data":"Acrobatics","floor":11.0,"key":"SMITH"},{"floor":13.0,"key":"REST"},{"data":"Bouncing Flask","floor":15.0,"key":"SMITH"},{"data":"Neutralize","floor":24.0,"key":"SMITH"},{"data":"Adrenaline","floor":29.0,"key":"SMITH"},{"floor":32.0,"key":"REST"},{"data":"Madness","floor":40,"key":"SMITH"},{"floor":49,"key":"REST"}],"neow_cost":"NONE","seed_source_timestamp":0,"circlet_count":0,"master_deck":["Defend_G","Defend_G+1","Survivor","Neutralize+1","Acrobatics+1","Bouncing Flask+1","Escape Plan","Acrobatics","Outmaneuver","Adrenaline+1","Underhanded Strike","Heel Hook+1","Underhanded Strike","Grand Finale+1","Sucker Punch+1","Madness","Madness+1","Purity","Havoc"],"special_seed":0,"relics":["Ring of the Snake","MawBank","Bag of Preparation","Bronze Scales","Cursed Key","PrismaticShard","PreservedInsect","Astrolabe","Shovel","The Specimen","Peace Pipe"],"potions_floor_usage":[44,50,50,50],"damage_taken":[{"damage":0.0,"enemies":"Small Slimes","floor":1.0,"turns":5.0},{"damage":0.0,"enemies":"Cultist","floor":2.0,"turns":5.0},{"damage":0.0,"enemies":"2 Louse","floor":5.0,"turns":2.0},{"damage":30.0,"enemies":"Gremlin Nob","floor":6.0,"turns":5.0},{"damage":4.0,"enemies":"Looter","floor":8.0,"turns":5.0},{"damage":21.0,"enemies":"3 Sentries","floor":10.0,"turns":12.0},{"damage":47.0,"enemies":"Slime Boss","floor":16.0,"turns":13.0},{"damage":13.0,"enemies":"2 Thieves","floor":18.0,"turns":3.0},{"damage":0.0,"enemies":"3 Byrds","floor":20.0,"turns":4.0},{"damage":10.0,"enemies":"Cultist and Chosen","floor":21.0,"turns":7.0},{"damage":12.0,"enemies":"Gremlin Leader","floor":23.0,"turns":5.0},{"damage":1.0,"enemies":"Centurion and Healer","floor":25.0,"turns":5.0},{"damage":0.0,"enemies":"Snake Plant","floor":27.0,"turns":3.0},{"damage":0.0,"enemies":"Slavers","floor":28.0,"turns":1.0},{"damage":0.0,"enemies":"Shelled Parasite and Fungi","floor":31.0,"turns":3.0},{"damage":42.0,"enemies":"Collector","floor":33.0,"turns":8.0},{"damage":0.0,"enemies":"Orb Walker","floor":35.0,"turns":2.0},{"damage":0,"enemies":"2 Orb Walkers","floor":37,"turns":2},{"damage":0,"enemies":"3 Shapes","floor":41,"turns":1},{"damage":7,"enemies":"Mind Bloom Boss Battle","floor":42,"turns":4},{"damage":19,"enemies":"Maw","floor":44,"turns":5},{"damage":0,"enemies":"Spire Growth","floor":45,"turns":2},{"damage":0,"enemies":"3 Darklings","floor":46,"turns":1},{"damage":0,"enemies":"Nemesis","floor":47,"turns":1},{"damage":0,"enemies":"4 Shapes","floor":48,"turns":1},{"damage":74,"enemies":"Time Eater","floor":50,"turns":8}],"seed_played":"2478260791011314004","potions_obtained":[{"floor":6.0,"key":"Fire Potion"},{"floor":10.0,"key":"SmokeBomb"},{"floor":18.0,"key":"Explosive Potion"},{"floor":20.0,"key":"SkillPotion"},{"floor":23.0,"key":"SpeedPotion"},{"floor":33.0,"key":"EssenceOfSteel"},{"floor":41,"key":"Strength Potion"},{"floor":42,"key":"Fire Potion"},{"floor":45,"key":"GamblersBrew"}],"is_trial":false,"path_per_floor":["M","M","?","$","M","E","R","M","T","E","R","?","R","?","R","B",null,"M","T","M","M","$","E","R","M","T","M","E","R","?","M","R","B",null,"M","$","?","?","$","R","M","?","T","M","M","M","E","M","R","B"],"character_chosen":"THE_SILENT","items_purchased":["Escape Plan","Underhanded Strike","PrismaticShard","GhostInAJar","Purity"],"campfire_rested":4,"item_purchase_floors":[4,22,22,22,39],"current_hp_per_floor":[77,77,77,77,77,47,70,66,66,45,45,38,61,61,61,14,77,64,64,64,54,54,42,42,41,41,41,41,41,41,41,64,22,77,77,77,77,67,67,67,67,60,60,41,41,41,41,41,64,0],"gold":300,"neow_bonus":"TEN_PERCENT_HP_BONUS","is_prod":false,"is_daily":false,"chose_seed":false,"campfire_upgraded":5,"win_rate":0,"timestamp":1557428319,"path_taken":["M","M","?","$","M","E","R","?","T","E","R","?","R","?","R","BOSS","M","?","M","?","$","E","R","M","T","M","E","R","?","?","R","BOSS","M","$","?","?","$","R","M","?","T","?","M","M","E","M","R","BOSS"],"build_version":"2019-01-23","purchased_purges":2,"victory":false,"max_hp_per_floor":[77,77,77,77,77,77,77,77,77,77,77,77,77,77,77,77,77,77,77,77,77,77,77,77,77,77,77,77,77,77,77,77,77,77,77,77,77,77,77,77,77,77,77,77,77,77,77,77,77,77],"card_choices":[{"not_picked":["Deflect","Setup","Prepared"],"picked":"SKIP","floor":1.0},{"not_picked":["Deflect","PiercingWail"],"picked":"Acrobatics","floor":2.0},{"not_picked":["Setup","PiercingWail","Quick Slash"],"picked":"SKIP","floor":5.0},{"not_picked":["Outmaneuver","Dagger Throw"],"picked":"Acrobatics","floor":6.0},{"not_picked":["Expertise","Deflect"],"picked":"Outmaneuver","floor":8.0},{"not_picked":["Blur","Slice","Prepared"],"picked":"SKIP","floor":10.0},{"not_picked":["Unload","Wraith Form v2"],"picked":"Adrenaline","floor":16.0},{"not_picked":["Outmaneuver","Quick Slash"],"picked":"Underhanded Strike","floor":18.0},{"not_picked":["Well Laid Plans","Leg Sweep"],"picked":"Heel Hook+1","floor":20.0},{"not_picked":["Sucker Punch","Cloak And Dagger+1","Catalyst"],"picked":"SKIP","floor":21.0},{"not_picked":["Skewer","Mind Blast","FTL"],"picked":"SKIP","floor":23.0},{"not_picked":["Blade Dance","Cold Snap","Footwork"],"picked":"SKIP","floor":25.0},{"not_picked":["Barrage","Warcry","PiercingWail"],"picked":"SKIP","floor":27.0},{"not_picked":["Slice","Twin Strike","Skewer"],"picked":"SKIP","floor":31.0},{"not_picked":["Blood for Blood+1","Leap","Fusion+1"],"picked":"SKIP","floor":35.0},{"not_picked":["Predator+1","Glacier"],"picked":"Havoc","floor":41},{"not_picked":["Blizzard","Reprogram","Clothesline"],"picked":"SKIP","floor":44},{"not_picked":["Undo+1","Pommel Strike","Slice+1"],"picked":"SKIP","floor":45},{"not_picked":["Go for the Eyes","Carnage+1","Lockon+1"],"picked":"SKIP","floor":46},{"not_picked":["Phantasmal Killer","Compile Driver+1","Recycle+1"],"picked":"SKIP","floor":47},{"not_picked":["Rupture","Pommel Strike","Discovery"],"picked":"SKIP","floor":48}],"player_experience":478916,"relics_obtained":[{"floor":6.0,"key":"MawBank"},{"floor":9.0,"key":"Bag of Preparation"},{"floor":10.0,"key":"Bronze Scales"},{"floor":23.0,"key":"PreservedInsect"},{"floor":37,"key":"Shovel"},{"floor":42,"key":"The Specimen"},{"floor":47,"key":"Peace Pipe"}],"event_choices":[{"damage_healed":0.0,"max_hp_gain":0.0,"max_hp_loss":0.0,"gold_gain":0.0,"cards_transformed":["Strike_G"],"event_name":"Transmorgrifier","player_choice":"Transformed","floor":3.0,"gold_loss":0.0,"damage_taken":0.0,"cards_obtained":["Bouncing Flask"]},{"cards_removed":["Defend_G"],"damage_healed":0.0,"max_hp_gain":0.0,"max_hp_loss":0.0,"gold_gain":0.0,"event_name":"Golden Wing","player_choice":"Card Removal","floor":12.0,"gold_loss":0.0,"damage_taken":7.0},{"cards_removed":["Strike_G"],"damage_healed":0.0,"max_hp_gain":0.0,"max_hp_loss":0.0,"gold_gain":0.0,"event_name":"Bonfire Elementals","player_choice":"Offered Basic","floor":14.0,"gold_loss":0.0,"damage_taken":0.0},{"cards_removed":["Strike_G"],"damage_healed":0.0,"max_hp_gain":0.0,"max_hp_loss":0.0,"gold_gain":0.0,"event_name":"Designer","player_choice":"Upgrade and Remove","floor":30.0,"gold_loss":90.0,"damage_taken":0.0,"cards_upgraded":["Defend_G"]},{"damage_healed":0,"gold_gain":0,"player_choice":"Fight","damage_taken":0,"max_hp_gain":0,"max_hp_loss":0,"event_name":"Mysterious Sphere","floor":37,"gold_loss":0},{"damage_healed":0,"gold_gain":0,"player_choice":"Embrace Madness","damage_taken":10,"max_hp_gain":0,"max_hp_loss":0,"event_name":"Winding Halls","floor":38,"gold_loss":0,"cards_obtained":["Madness","Madness"]},{"damage_healed":0,"gold_gain":0,"player_choice":"Fight","damage_taken":0,"max_hp_gain":0,"max_hp_loss":0,"event_name":"MindBloom","floor":42,"gold_loss":0}],"is_beta":false,"boss_relics":[{"not_picked":["Pandora\u0027s Box","White Beast Statue"],"picked":"Cursed Key"},{"not_picked":["Eternal Feather","WristBlade"],"picked":"Astrolabe"}],"items_purged_floors":[22,36],"is_endless":false,"potions_floor_spawned":[6,10,18,20,23,28,33,41,42,45],"killed_by":"Time Eater","ascension_level":1}