{"gold_per_floor":[116,131,147,4,4,4,34,34,59,119,119,138,138,155,155,256,256,272,272,285,54,54,54,84,84,84,84,109,109,126,136,136,233,233,243,243,243,263,273,273,273],"floor_reached":41,"playtime":3548,"items_purged":["Pain"],"score":559,"play_id":"f4fc2b6d-8ca9-41fe-b574-a27785ae1b67","local_time":"20190509203439","is_ascension_mode":true,"campfire_choices":[{"data":"Neutralize","floor":6,"key":"SMITH"},{"data":"Sucker Punch","floor":8,"key":"SMITH"},{"floor":11,"key":"REST"},{"data":"Crippling Poison","floor":13,"key":"SMITH"},{"data":"Cloak And Dagger","floor":15,"key":"SMITH"},{"data":"Malaise","floor":23,"key":"SMITH"},{"data":"Infinite Blades","floor":25,"key":"SMITH"},{"data":"Envenom","floor":32,"key":"SMITH"},{"data":"Caltrops","floor":40,"key":"SMITH"}],"neow_cost":"NONE","seed_source_timestamp":265259594582800,"circlet_count":0,"master_deck":["Defend_G","Defend_G","Defend_G","Defend_G","Defend_G","Survivor","Neutralize+1","Deflect","Sucker Punch+1","Crippling Poison+1","PiercingWail","Quick Slash","Flying Knee","Cloak And Dagger+1","Malaise+1","Noxious Fumes+1","Expertise+1","Footwork+1","Escape Plan","Bite","Bite","Bite","Bite+1","Bite+1","Infinite Blades+1","Envenom+1","Caltrops+1","Leg Sweep+1","Backflip","Dodge and Roll","Masterful Stab+1"],"relics":["Ring of the Snake","Lantern","Bag of Preparation","WarpedTongs","PreservedInsect","Orichalcum","Tiny Chest","Astrolabe","Gambling Chip","Anchor","Ninja Scroll","Whetstone","Bottled Lightning","Black Star"],"potions_floor_usage":[18,28,30,33,33,38,39],"damage_taken":[{"damage":2,"enemies":"Jaw Worm","floor":1,"turns":4},{"damage":0,"enemies":"Cultist","floor":2,"turns":4},{"damage":0,"enemies":"2 Louse","floor":3,"turns":3},{"damage":25,"enemies":"Lagavulin","floor":7,"turns":8},{"damage":14,"enemies":"3 Sentries","floor":10,"turns":8},{"damage":4,"enemies":"Blue Slaver","floor":12,"turns":3},{"damage":1,"enemies":"Gremlin Gang","floor":14,"turns":3},{"damage":19,"enemies":"Hexaghost","floor":16,"turns":12},{"damage":5,"enemies":"2 Thieves","floor":18,"turns":4},{"damage":3,"enemies":"Chosen","floor":20,"turns":5},{"damage":2,"enemies":"Slavers","floor":24,"turns":7},{"damage":0,"enemies":"Gremlin Leader","floor":28,"turns":5},{"damage":19,"enemies":"Shelled Parasite and Fungi","floor":30,"turns":5},{"damage":10,"enemies":"Snecko","floor":31,"turns":6},{"damage":7,"enemies":"Champ","floor":33,"turns":14},{"damage":3,"enemies":"Orb Walker","floor":35,"turns":4},{"damage":15,"enemies":"3 Darklings","floor":38,"turns":6},{"damage":2,"enemies":"Jaw Worm Horde","floor":39,"turns":6},{"damage":68,"enemies":"Giant Head","floor":41,"turns":9}],"seed_played":"-8813057161251184658","potions_obtained":[{"floor":12,"key":"Weak Potion"},{"floor":14,"key":"AttackPotion"},{"floor":16,"key":"Block Potion"},{"floor":20,"key":"PowerPotion"},{"floor":28,"key":"Explosive Potion"},{"floor":30,"key":"Swift Potion"},{"floor":35,"key":"EssenceOfSteel"}],"is_trial":false,"path_per_floor":["M","M","M","$","?","R","E","R","T","E","R","M","R","M","R","B",null,"M","T","M","$","?","R","E","R","T","?","E","$","M","M","R","B",null,"M","$","?","M","M","R","E"],"character_chosen":"THE_SILENT","items_purchased":["Bag of Preparation","Anchor"],"campfire_rested":1,"item_purchase_floors":[4,21],"current_hp_per_floor":[68,68,68,68,68,68,43,43,43,29,50,46,46,45,45,26,70,65,65,62,62,49,49,49,49,49,49,49,49,35,35,35,44,49,49,49,59,54,59,59,0],"gold":273,"neow_bonus":"RANDOM_COMMON_RELIC","is_prod":false,"is_daily":false,"chose_seed":false,"campfire_upgraded":8,"win_rate":0,"timestamp":1557414279,"path_taken":["M","M","M","$","?","R","E","R","T","E","R","?","R","M","R","BOSS","M","?","M","$","?","R","E","R","T","?","E","?","?","?","R","BOSS","M","$","?","?","?","R","E"],"build_version":"2019-01-23","purchased_purges":1,"victory":false,"max_hp_per_floor":[70,70,70,70,70,70,70,70,70,70,70,70,70,70,70,70,70,70,70,70,70,49,49,49,49,49,49,49,49,49,49,49,49,49,49,49,59,59,59,59,59],"card_choices":[{"not_picked":["Dagger Spray","Blur"],"picked":"Deflect","floor":1},{"not_picked":["Heel Hook","PiercingWail"],"picked":"Sucker Punch","floor":2},{"not_picked":["Sucker Punch","Bouncing Flask"],"picked":"Crippling Poison","floor":3},{"not_picked":["Leg Sweep","Prepared"],"picked":"PiercingWail","floor":7},{"not_picked":["Bane","Slice"],"picked":"Quick Slash","floor":10},{"not_picked":["Eviscerate","Acrobatics"],"picked":"Flying Knee","floor":12},{"not_picked":["Predator","Concentrate"],"picked":"Cloak And Dagger","floor":14},{"not_picked":["Burst","Doppelganger"],"picked":"Malaise","floor":16},{"not_picked":["Blade Dance","All Out Attack"],"picked":"Escape Plan","floor":18},{"not_picked":["Dagger Throw","Bane","Setup+1"],"picked":"SKIP","floor":20},{"not_picked":["Crippling Poison+1","Bouncing Flask"],"picked":"Infinite Blades","floor":24},{"not_picked":["Reflex","Envenom"],"picked":"Caltrops","floor":28},{"not_picked":["Backstab","Finisher"],"picked":"Leg Sweep+1","floor":30},{"not_picked":["Deflect+1","Underhanded Strike"],"picked":"Backflip","floor":31},{"not_picked":["Corpse Explosion","Doppelganger"],"picked":"Storm of Steel","floor":33},{"not_picked":["Terror","Poisoned Stab+1"],"picked":"Dodge and Roll","floor":35},{"not_picked":["Blade Dance","Poisoned Stab","Deflect"],"picked":"SKIP","floor":38},{"not_picked":["Underhanded Strike","Deadly Poison"],"picked":"Masterful Stab+1","floor":39}],"player_experience":159847,"relics_obtained":[{"floor":7,"key":"PreservedInsect"},{"floor":9,"key":"Orichalcum"},{"floor":10,"key":"Tiny Chest"},{"floor":19,"key":"Gambling Chip"},{"floor":24,"key":"Ninja Scroll"},{"floor":26,"key":"Whetstone"},{"floor":28,"key":"Bottled Lightning"}],"event_choices":[{"damage_healed":0,"gold_gain":0,"player_choice":"Rummage","damage_taken":0,"relics_obtained":["WarpedTongs"],"max_hp_gain":0,"max_hp_loss":0,"event_name":"Accursed Blacksmith","floor":5,"gold_loss":0,"cards_obtained":["Pain"]},{"damage_healed":0,"gold_gain":0,"player_choice":"Became a vampire","damage_taken":0,"max_hp_gain":0,"max_hp_loss":21,"event_name":"Vampires","floor":22,"gold_loss":0,"cards_obtained":["Bite","Bite","Bite","Bite","Bite"]},{"damage_healed":0,"gold_gain":0,"player_choice":"Read","damage_taken":0,"max_hp_gain":0,"max_hp_loss":0,"event_name":"The Library","floor":27,"gold_loss":0,"cards_obtained":["Envenom"]},{"cards_removed":["Storm of Steel"],"damage_healed":0,"gold_gain":0,"player_choice":"Offered Rare","damage_taken":0,"max_hp_gain":10,"max_hp_loss":0,"event_name":"Bonfire Elementals","floor":37,"gold_loss":0}],"is_beta":false,"boss_relics":[{"not_picked":["Orrery","Runic Dome"],"picked":"Astrolabe"},{"not_picked":["Runic Pyramid","WristBlade"],"picked":"Black Star"}],"items_purged_floors":[21],"is_endless":false,"potions_floor_spawned":[12,14,16,20,28,30,35],"killed_by":"Giant Head","ascension_level":3}