{"gold_per_floor":[117,42,42,60,76,76,97,97,122,141,141,91,115,115],"floor_reached":14,"playtime":937,"items_purged":["Strike_G"],"score":90,"play_id":"9cf18c10-9319-4179-9f0a-208c6d33d527","local_time":"20190419120721","is_ascension_mode":true,"campfire_choices":[{"data":"Neutralize","floor":6,"key":"SMITH"},{"data":"Outmaneuver","floor":8,"key":"SMITH"}],"neow_cost":"NONE","seed_source_timestamp":2802499948495928,"circlet_count":0,"master_deck":["Defend_G","Defend_G","Defend_G","Defend_G","Strike_G","Strike_G","Strike_G","Strike_G","Survivor+1","Neutralize+1","Leg Sweep","Deflect+1","Outmaneuver+1","Acrobatics","Backflip"],"relics":["Ring of the Snake","Golden Idol"],"potions_floor_usage":[10,14],"damage_taken":[{"damage":0,"enemies":"Cultist","floor":1,"turns":5},{"damage":1,"enemies":"Jaw Worm","floor":4,"turns":8},{"damage":1,"enemies":"2 Louse","floor":5,"turns":3},{"damage":16,"enemies":"Large Slime","floor":7,"turns":14},{"damage":13,"enemies":"3 Louse","floor":10,"turns":8},{"damage":0,"enemies":"Blue Slaver","floor":13,"turns":8},{"damage":31,"enemies":"Gremlin Nob","floor":14,"turns":5}],"seed_played":"5835215994611747765","potions_obtained":[{"floor":4,"key":"Dexterity Potion"},{"floor":7,"key":"EssenceOfSteel"}],"is_trial":false,"path_per_floor":["M","$","?","M","M","R","M","R","T","M","?","?","M","E"],"character_chosen":"THE_SILENT","items_purchased":[],"campfire_rested":0,"item_purchase_floors":[],"current_hp_per_floor":[77,77,58,57,56,56,40,40,40,27,12,12,12,0],"gold":115,"neow_bonus":"TEN_PERCENT_HP_BONUS","is_prod":false,"is_daily":false,"chose_seed":false,"campfire_upgraded":2,"win_rate":0,"timestamp":1555690041,"path_taken":["M","?","?","M","M","R","M","R","T","M","?","?","M","E"],"build_version":"2019-01-23","purchased_purges":1,"victory":false,"max_hp_per_floor":[77,77,77,77,77,77,77,77,77,77,77,77,77,77],"card_choices":[{"not_picked":["Dagger Throw","Underhanded Strike"],"picked":"Leg Sweep","floor":1},{"not_picked":["Crippling Poison","Underhanded Strike"],"picked":"Deflect","floor":4},{"not_picked":["Crippling Poison","Flechettes","Flying Knee"],"picked":"SKIP","floor":5},{"not_picked":["Acrobatics","Heel Hook"],"picked":"Outmaneuver","floor":7},{"not_picked":["Blade Dance","Doppelganger"],"picked":"Acrobatics","floor":10},{"not_picked":["Underhanded Strike","Infinite Blades"],"picked":"Backflip","floor":13}],"player_experience":208725,"relics_obtained":[],"event_choices":[{"damage_healed":0,"gold_gain":0,"player_choice":"Take Damage","damage_taken":19,"relics_obtained":["Golden Idol"],"max_hp_gain":0,"max_hp_loss":0,"event_name":"Golden Idol","floor":3,"gold_loss":0},{"damage_healed":0,"gold_gain":0,"player_choice":"Entered Light","damage_taken":15,"max_hp_gain":0,"max_hp_loss":0,"event_name":"Shining Light","floor":11,"gold_loss":0,"cards_upgraded":["Deflect","Survivor"]},{"cards_removed":["Defend_G"],"damage_healed":0,"gold_gain":0,"player_choice":"Card Removal","damage_taken":0,"max_hp_gain":0,"max_hp_loss":0,"event_name":"The Cleric","floor":12,"gold_loss":50}],"is_beta":false,"boss_relics":[],"items_purged_floors":[2],"is_endless":false,"potions_floor_spawned":[4,7],"killed_by":"Gremlin Nob","ascension_level":2}