{"gold_per_floor":[110,57,72,72,83,83,113,113,113,39,6,6,36,48,48,150,150,168,183,28,41,41,41,60,60,60,71,71],"floor_reached":28,"playtime":1192,"items_purged":[],"score":265,"play_id":"9c3884ce-0e0a-48e3-936e-2d3a6930288e","local_time":"20181208222547","is_ascension_mode":true,"campfire_choices":[{"data":"Endless Agony","floor":6,"key":"SMITH"},{"floor":8,"key":"REST"},{"floor":15,"key":"REST"},{"floor":23,"key":"REST"},{"floor":25,"key":"REST"}],"neow_cost":"NONE","seed_source_timestamp":6473398635106,"circlet_count":0,"master_deck":["Defend_G","Defend_G","Defend_G","Defend_G","Strike_G","Strike_G","Survivor","Neutralize+1","Acrobatics","Deflect","Setup","Endless Agony+1","Slice","Finisher","Backflip","Doppelganger","PiercingWail+1","Infinite Blades+1","Slice+1","Dagger Spray","Underhanded Strike","Prepared","Prepared","Blade Dance"],"relics":["Ring of the Snake","NeowsBlessing","StoneCalendar","Darkstone Periapt","Ancient Tea Set","Astrolabe","Pen Nib","Matryoshka"],"potions_floor_usage":[13,14,16,19,19,22,24],"damage_taken":[{"damage":0,"enemies":"Jaw Worm","floor":1,"turns":1},{"damage":0,"enemies":"2 Louse","floor":3,"turns":1},{"damage":0,"enemies":"Small Slimes","floor":5,"turns":1},{"damage":45,"enemies":"Lagavulin","floor":7,"turns":11},{"damage":35,"enemies":"3 Sentries","floor":13,"turns":7},{"damage":2,"enemies":"Gremlin Gang","floor":14,"turns":3},{"damage":5,"enemies":"Slime Boss","floor":16,"turns":7},{"damage":11,"enemies":"2 Thieves","floor":18,"turns":5},{"damage":16,"enemies":"Shell Parasite","floor":19,"turns":6},{"damage":11,"enemies":"Centurion and Healer","floor":21,"turns":7},{"damage":24,"enemies":"Sentry and Sphere","floor":22,"turns":4},{"damage":32,"enemies":"Snake Plant","floor":24,"turns":4},{"damage":23,"enemies":"Centurion and Healer","floor":27,"turns":6},{"damage":3,"enemies":"Cultist and Chosen","floor":28,"turns":1}],"seed_played":"-327474690922683561","potions_obtained":[{"floor":7,"key":"Fire Potion"},{"floor":13,"key":"AttackPotion"},{"floor":14,"key":"SpeedPotion"},{"floor":16,"key":"LiquidBronze"},{"floor":18,"key":"Dexterity Potion"},{"floor":19,"key":"Fruit Juice"},{"floor":21,"key":"SmokeBomb"},{"floor":27,"key":"SpeedPotion"}],"is_trial":false,"path_per_floor":["M","$","M","?","M","R","E","R","T","$","?","?","E","M","R","B",null,"M","M","$","M","M","R","M","R","T","M","M"],"character_chosen":"THE_SILENT","items_purchased":["Deflect","Finisher","Pen Nib"],"campfire_rested":4,"item_purchase_floors":[2,10,20],"current_hp_per_floor":[70,70,70,70,70,70,25,46,46,46,46,46,11,9,30,25,70,59,48,48,37,13,35,3,25,25,2,0],"gold":71,"neow_bonus":"THREE_ENEMY_KILL","is_prod":false,"is_daily":false,"chose_seed":false,"campfire_upgraded":1,"win_rate":0,"timestamp":1544336747,"path_taken":["M","$","M","?","M","R","E","R","T","$","?","?","E","M","R","BOSS","M","M","$","M","?","R","M","R","T","M","?"],"build_version":"2018-12-06","purchased_purges":0,"victory":false,"max_hp_per_floor":[70,70,70,70,70,70,70,70,70,70,70,70,70,70,70,70,70,70,75,75,75,75,75,75,75,75,75,75],"card_choices":[{"not_picked":["Terror","Blade Dance"],"picked":"Acrobatics","floor":1},{"not_picked":["Accuracy","All Out Attack"],"picked":"Setup","floor":3},{"not_picked":["Bouncing Flask","Calculated Gamble"],"picked":"Endless Agony","floor":5},{"not_picked":["Choke","Flying Knee"],"picked":"Slice","floor":7},{"not_picked":["Deadly Poison","Concentrate"],"picked":"Backflip","floor":13},{"not_picked":["Predator","Quick Slash","Flying Knee"],"picked":"SKIP","floor":14},{"not_picked":["Glass Knife","Phantasmal Killer"],"picked":"Doppelganger","floor":16},{"not_picked":["Terror+1","Dagger Throw"],"picked":"Dagger Spray","floor":18},{"not_picked":["Dagger Spray","Sucker Punch+1"],"picked":"Underhanded Strike","floor":19},{"not_picked":["Flechettes","Expertise"],"picked":"Prepared","floor":21},{"not_picked":["Sucker Punch","Eviscerate"],"picked":"Prepared","floor":24},{"not_picked":["Venomology","Noxious Fumes"],"picked":"Blade Dance","floor":27}],"player_experience":536280,"relics_obtained":[{"floor":7,"key":"StoneCalendar"},{"floor":9,"key":"Darkstone Periapt"},{"floor":13,"key":"Ancient Tea Set"},{"floor":26,"key":"Matryoshka"}],"event_choices":[{"damage_healed":0,"gold_gain":0,"player_choice":"Grow","damage_taken":0,"max_hp_gain":0,"max_hp_loss":0,"event_name":"Living Wall","floor":4,"gold_loss":0,"cards_upgraded":["Neutralize"]},{"damage_healed":0,"gold_gain":0,"player_choice":"Left Gold","damage_taken":0,"max_hp_gain":0,"max_hp_loss":0,"event_name":"World of Goop","floor":11,"gold_loss":33},{"cards_removed":["Strike_G"],"damage_healed":0,"gold_gain":0,"player_choice":"Card Removal","damage_taken":0,"max_hp_gain":0,"max_hp_loss":0,"event_name":"Wheel of Change","floor":12,"gold_loss":0}],"is_beta":false,"boss_relics":[{"not_picked":["Calling Bell","Pandora\u0027s Box"],"picked":"Astrolabe"}],"items_purged_floors":[],"is_endless":false,"potions_floor_spawned":[7,13,14,16,18,19,21,27],"killed_by":"Cultist and Chosen","ascension_level":3}