{"gold_per_floor":[115,115,131,131,141,141,104,123,202,217,217,228,228,238,238,238],"floor_reached":16,"playtime":606,"items_purged":[],"score":132,"play_id":"288715a3-6e9d-4687-8d12-6657f68357b9","local_time":"20190530125917","is_ascension_mode":true,"campfire_choices":[{"data":"Neutralize","floor":6,"key":"SMITH"},{"data":"Skewer","floor":11,"key":"SMITH"},{"data":"Backflip","floor":15,"key":"SMITH"}],"neow_cost":"NONE","seed_source_timestamp":85921426100982,"circlet_count":0,"master_deck":["Defend_G","Defend_G","Defend_G","Defend_G","Defend_G","Strike_G","Strike_G","Strike_G","Strike_G","Strike_G","Survivor","Neutralize+1","Finesse","Backflip+1","All Out Attack","Slice","Skewer+1","Quick Slash","Prepared","Endless Agony"],"relics":["Ring of the Snake","GremlinMask","Darkstone Periapt"],"potions_floor_usage":[],"damage_taken":[{"damage":5,"enemies":"Jaw Worm","floor":1,"turns":7},{"damage":0,"enemies":"Small Slimes","floor":3,"turns":4},{"damage":0,"enemies":"Cultist","floor":5,"turns":4},{"damage":6,"enemies":"2 Fungi Beasts","floor":8,"turns":4},{"damage":4,"enemies":"Looter","floor":10,"turns":4},{"damage":1,"enemies":"3 Louse","floor":12,"turns":3},{"damage":3,"enemies":"Exordium Thugs","floor":14,"turns":5},{"damage":70,"enemies":"Hexaghost","floor":16,"turns":15}],"seed_played":"-3074162823875750037","potions_obtained":[{"floor":5,"key":"Energy Potion"},{"floor":14,"key":"Ancient Potion"}],"is_trial":false,"path_per_floor":["M","?","M","?","M","R","$","M","T","M","R","M","?","M","R","B"],"character_chosen":"THE_SILENT","items_purchased":["Skewer"],"campfire_rested":0,"item_purchase_floors":[7],"current_hp_per_floor":[58,58,58,58,58,58,58,52,52,48,48,47,70,67,67,0],"gold":238,"neow_bonus":"RANDOM_COLORLESS","is_prod":false,"is_daily":false,"chose_seed":false,"campfire_upgraded":3,"win_rate":0,"timestamp":1559192357,"path_taken":["M","?","M","?","M","R","$","M","T","?","R","M","?","M","R","BOSS"],"build_version":"2019-01-23","purchased_purges":0,"victory":false,"max_hp_per_floor":[70,70,70,70,70,70,70,70,70,70,70,70,70,70,70,70],"card_choices":[{"not_picked":["Blade Dance","Underhanded Strike"],"picked":"Backflip","floor":1},{"not_picked":["Backflip","Bane"],"picked":"All Out Attack","floor":3},{"not_picked":["Underhanded Strike","All Out Attack"],"picked":"Slice","floor":5},{"not_picked":["Expertise","Flying Knee","Leg Sweep"],"picked":"SKIP","floor":8},{"not_picked":["Slice","Poisoned Stab"],"picked":"Quick Slash","floor":10},{"not_picked":["Slice","Blade Dance"],"picked":"Prepared","floor":12},{"not_picked":["Acrobatics","Terror"],"picked":"Endless Agony","floor":14}],"player_experience":934726,"relics_obtained":[{"floor":9,"key":"Darkstone Periapt"}],"event_choices":[{"damage_healed":0,"gold_gain":0,"player_choice":"Fled","damage_taken":0,"max_hp_gain":0,"max_hp_loss":0,"event_name":"Scrap Ooze","floor":2,"gold_loss":0},{"damage_healed":0,"gold_gain":0,"player_choice":"Trade","damage_taken":0,"relics_obtained":["GremlinMask"],"max_hp_gain":0,"max_hp_loss":0,"event_name":"FaceTrader","floor":4,"gold_loss":0},{"damage_healed":23,"gold_gain":0,"player_choice":"Banana","damage_taken":0,"max_hp_gain":0,"max_hp_loss":0,"event_name":"Big Fish","floor":13,"gold_loss":0}],"is_beta":false,"boss_relics":[],"items_purged_floors":[],"is_endless":false,"potions_floor_spawned":[5,14],"killed_by":"Hexaghost","ascension_level":8}