{"gold_per_floor":[112,123,52,68,79,79,104,104,104,104,122,133,133,464,464,464],"floor_reached":16,"playtime":517,"items_purged":[],"score":112,"play_id":"4a2a3b79-7b0b-4f55-b158-b6ee39981033","local_time":"20190517121231","is_ascension_mode":false,"campfire_choices":[{"data":"Searing Blow","floor":6.0,"key":"SMITH"},{"data":"Searing Blow+1","floor":10.0,"key":"SMITH"},{"data":"Searing Blow+2","floor":15.0,"key":"SMITH"}],"neow_cost":"TEN_PERCENT_HP_LOSS","seed_source_timestamp":608354386444300,"circlet_count":0,"master_deck":["Strike_R","Strike_R","Strike_R","Strike_R","Defend_R","Defend_R","Defend_R","Bash","Clash","Searing Blow+3"],"special_seed":0,"relics":["Burning Blood","Boot","Bag of Marbles","Toxic Egg 2","Old Coin"],"potions_floor_usage":[16],"damage_taken":[{"damage":3.0,"enemies":"Jaw Worm","floor":1.0,"turns":4.0},{"damage":0.0,"enemies":"Small Slimes","floor":2.0,"turns":3.0},{"damage":1.0,"enemies":"2 Louse","floor":4.0,"turns":2.0},{"damage":6.0,"enemies":"Blue Slaver","floor":5.0,"turns":4.0},{"damage":24.0,"enemies":"Gremlin Nob","floor":7.0,"turns":4.0},{"damage":1.0,"enemies":"Lots of Slimes","floor":11.0,"turns":6.0},{"damage":1.0,"enemies":"Exordium Thugs","floor":12.0,"turns":3.0},{"damage":19.0,"enemies":"Lagavulin","floor":14.0,"turns":4.0},{"damage":26,"enemies":"Hexaghost","floor":16,"turns":8}],"seed_played":"1203369344968530966","potions_obtained":[{"floor":2.0,"key":"EssenceOfSteel"},{"floor":7.0,"key":"Fire Potion"},{"floor":11.0,"key":"SteroidPotion"}],"is_trial":false,"path_per_floor":["M","M","$","M","M","R","E","?","T","R","M","M","?","E","R","B"],"character_chosen":"IRONCLAD","items_purchased":["Searing Blow"],"campfire_rested":0,"item_purchase_floors":[3],"current_hp_per_floor":[72,72,72,72,72,72,54,54,54,54,59,64,39,26,26,0],"gold":464,"neow_bonus":"REMOVE_TWO","is_prod":false,"is_daily":false,"chose_seed":false,"campfire_upgraded":3,"win_rate":0,"timestamp":1558109551,"path_taken":["M","M","$","M","M","R","E","?","T","R","M","M","?","E","R","BOSS"],"build_version":"2019-05-07","purchased_purges":0,"victory":false,"max_hp_per_floor":[72,72,72,72,72,72,72,72,72,72,72,72,72,72,72,72],"card_choices":[{"not_picked":["Wild Strike","Pommel Strike"],"picked":"Clash","floor":1.0},{"not_picked":["Pommel Strike","Intimidate","Rupture"],"picked":"SKIP","floor":2.0},{"not_picked":["Perfected Strike","Armaments","Havoc"],"picked":"SKIP","floor":4.0},{"not_picked":["Flex","Sword Boomerang","Thunderclap"],"picked":"SKIP","floor":5.0},{"not_picked":["Armaments","Second Wind","Rage"],"picked":"SKIP","floor":7.0},{"not_picked":["Feel No Pain","Shrug It Off","Whirlwind"],"picked":"SKIP","floor":11.0},{"not_picked":["Thunderclap","Rage","Berserk"],"picked":"SKIP","floor":12.0},{"not_picked":["Headbutt","Clash","Feel No Pain"],"picked":"SKIP","floor":14.0}],"player_experience":705058,"relics_obtained":[{"floor":7.0,"key":"Boot"},{"floor":9.0,"key":"Bag of Marbles"},{"floor":14.0,"key":"Old Coin"}],"event_choices":[{"damage_healed":0.0,"max_hp_gain":0.0,"max_hp_loss":0.0,"gold_gain":0.0,"event_name":"Liars Game","player_choice":"Ignored","floor":8.0,"gold_loss":0.0,"damage_taken":0.0},{"damage_healed":0.0,"max_hp_gain":0.0,"max_hp_loss":0.0,"gold_gain":0.0,"event_name":"Scrap Ooze","player_choice":"Success","floor":13.0,"gold_loss":0.0,"damage_taken":25.0,"relics_obtained":["Toxic Egg 2"]}],"is_beta":true,"boss_relics":[],"items_purged_floors":[],"is_endless":false,"potions_floor_spawned":[2,7,11],"killed_by":"Hexaghost","ascension_level":0}