{"gold_per_floor":[364,378,38,49,69,69,94,112,112,62,62,80,111,131,131,235,235,249,267,279,296,10,10,10,10,10,10,20,36,69,69,69,171,171,185,198,198,198,198,198,229,7,31,44,62,10,10,23,23,23],"floor_reached":50,"playtime":2292,"items_purged":["Strike_B+1"],"score":633,"play_id":"f6c6868a-585b-4415-b63f-091508f05091","local_time":"20180822140304","is_ascension_mode":true,"campfire_choices":[{"data":"Zap","floor":6,"key":"SMITH"},{"data":"Deep Breath","floor":15,"key":"SMITH"},{"data":"Tempest","floor":23,"key":"SMITH"},{"data":"Dualcast","floor":25,"key":"SMITH"},{"data":"Conserve Battery","floor":27,"key":"SMITH"},{"data":"Go for the Eyes","floor":32,"key":"SMITH"},{"floor":40,"key":"REST"},{"floor":47,"key":"REST"},{"floor":49,"key":"REST"}],"neow_cost":"TEN_PERCENT_HP_LOSS","seed_source_timestamp":44968784677425,"circlet_count":0,"master_deck":["Strike_B+1","Strike_B+1","Defend_B+1","Defend_B+1","Defend_B+1","Defend_B+1","Zap+1","Dualcast+1","Deep Breath+1","Leap+1","Self Repair+1","Conserve Battery+1","Electrodynamics+1","Capacitor+1","Electrodynamics+1","Tempest+1","Self Repair+1","White Noise+1","Go for the Eyes+1","Thunder Strike","Double Energy+1","Amplify"],"relics":["Cracked Core","Frozen Egg 2","Meat on the Bone","Shuriken","Bottled Tornado","Nuclear Battery","Ice Cream","Kunai","Orichalcum","Fusion Hammer","Omamori","Molten Egg 2","Anchor","Blue Candle"],"potions_floor_usage":[5,7,16,21,35,41,41,44,50],"damage_taken":[{"damage":0,"enemies":"Small Slimes","floor":1,"turns":3},{"damage":3,"enemies":"2 Louse","floor":2,"turns":2},{"damage":1,"enemies":"Cultist","floor":4,"turns":4},{"damage":2,"enemies":"3 Louse","floor":5,"turns":5},{"damage":33,"enemies":"Gremlin Nob","floor":7,"turns":5},{"damage":28,"enemies":"Lots of Slimes","floor":8,"turns":6},{"damage":2,"enemies":"Blue Slaver","floor":12,"turns":4},{"damage":10,"enemies":"3 Sentries","floor":13,"turns":3},{"damage":0,"enemies":"Exordium Thugs","floor":14,"turns":3},{"damage":11,"enemies":"Slime Boss","floor":16,"turns":6},{"damage":15,"enemies":"2 Thieves","floor":18,"turns":2},{"damage":0,"enemies":"Spheric Guardian","floor":19,"turns":3},{"damage":13,"enemies":"Chosen and Byrds","floor":20,"turns":4},{"damage":20,"enemies":"Snake Plant","floor":21,"turns":4},{"damage":9,"enemies":"Centurion and Healer","floor":28,"turns":2},{"damage":0,"enemies":"Cultist and Chosen","floor":29,"turns":3},{"damage":17,"enemies":"Slavers","floor":30,"turns":3},{"damage":41,"enemies":"Automaton","floor":33,"turns":10},{"damage":0,"enemies":"Flame Bruiser 1 Orb","floor":35,"turns":3},{"damage":35,"enemies":"3 Darklings","floor":36,"turns":4},{"damage":45,"enemies":"2 Orb Walkers","floor":41,"turns":5},{"damage":22,"enemies":"Spire Growth","floor":44,"turns":4},{"damage":45,"enemies":"Transient","floor":45,"turns":5},{"damage":36,"enemies":"Sphere and 2 Shapes","floor":48,"turns":4},{"damage":92,"enemies":"Awakened One","floor":50,"turns":8}],"seed_played":"3189878552467088962","potions_obtained":[{"floor":1,"key":"Strength Potion"},{"floor":4,"key":"SkillPotion"},{"floor":12,"key":"Explosive Potion"},{"floor":16,"key":"Ancient Potion"},{"floor":18,"key":"Block Potion"},{"floor":20,"key":"SkillPotion"},{"floor":29,"key":"Block Potion"},{"floor":30,"key":"Block Potion"},{"floor":35,"key":"Swift Potion"},{"floor":41,"key":"SkillPotion"},{"floor":48,"key":"Energy Potion"}],"is_trial":false,"path_per_floor":["M","M","$","M","M","R","E","M","T","?","?","M","E","M","R","B",null,"M","M","M","M","$","R","?","R","T","R","M","M","E","$","R","B",null,"M","M","?","?","T","R","E","$","T","M","M","?","R","M","R"],"character_chosen":"DEFECT","items_purchased":["Frozen Egg 2","Deep Breath","Ice Cream","Amplify"],"campfire_rested":3,"item_purchase_floors":[3,3,22,42],"current_hp_per_floor":[68,65,65,68,68,68,52,53,53,53,53,68,68,68,68,68,68,68,68,65,68,68,68,68,68,68,68,68,68,68,68,68,66,68,68,68,68,68,68,68,45,45,45,55,52,52,68,64,68,0],"gold":23,"neow_bonus":"TWO_FIFTY_GOLD","is_prod":false,"is_daily":false,"chose_seed":false,"campfire_upgraded":6,"win_rate":0,"timestamp":1534960984,"path_taken":["M","M","$","M","M","R","E","M","T","?","?","M","E","M","R","BOSS","M","M","M","M","?","R","?","R","T","R","M","M","E","$","R","BOSS","M","?","?","?","?","R","E","$","T","?","M","?","R","?","R","BOSS"],"build_version":"2018-08-21","purchased_purges":1,"victory":false,"max_hp_per_floor":[68,68,68,68,68,68,68,68,68,68,68,68,68,68,68,68,68,68,68,68,68,68,68,68,68,68,68,68,68,68,68,68,68,68,68,68,68,68,68,68,68,68,68,68,68,68,68,68,68,68],"card_choices":[{"not_picked":["Scrape","Rebound","Compile Driver"],"picked":"SKIP","floor":1},{"not_picked":["Beam Cell","Undo"],"picked":"Self Repair","floor":2},{"not_picked":["Rip and Tear","Redo"],"picked":"Leap","floor":4},{"not_picked":["Steam","Beam Cell"],"picked":"Self Repair+1","floor":5},{"not_picked":["Hello World+1","Genetic Algorithm"],"picked":"Conserve Battery","floor":7},{"not_picked":["Go for the Eyes","Darkness"],"picked":"Electrodynamics+1","floor":8},{"not_picked":["Chaos","Hologram","Consume"],"picked":"SKIP","floor":12},{"not_picked":["Conserve Battery","Stack"],"picked":"Capacitor+1","floor":13},{"not_picked":["Auto Shields","Gash","Force Field"],"picked":"SKIP","floor":14},{"not_picked":["Creative AI+1","Fission"],"picked":"Electrodynamics+1","floor":16},{"not_picked":["Force Field","White Noise"],"picked":"Tempest","floor":18},{"not_picked":["Consume","Chill"],"picked":"Self Repair+1","floor":19},{"not_picked":["Steam","Streamline+1"],"picked":"White Noise+1","floor":20},{"not_picked":["Streamline+1","Gash","Loop+1"],"picked":"SKIP","floor":21},{"not_picked":["Beam Cell","Stack+1","Loop+1"],"picked":"SKIP","floor":28},{"not_picked":["Rip and Tear","Doom and Gloom+1"],"picked":"Go for the Eyes","floor":29},{"not_picked":["Rebound","Beam Cell","Steam"],"picked":"SKIP","floor":30},{"not_picked":["Biased Cognition+1","Machine Learning+1"],"picked":"Thunder Strike","floor":33},{"not_picked":["Gash","Heatsinks+1"],"picked":"Double Energy+1","floor":35},{"not_picked":["Gash","Leap","Beam Cell"],"picked":"SKIP","floor":36},{"not_picked":["Hyperbeam","BootSequence+1","Recycle+1"],"picked":"SKIP","floor":41},{"not_picked":["Streamline+1","Blizzard+1","Hologram"],"picked":"SKIP","floor":44},{"not_picked":["Blizzard+1","Go for the Eyes+1","Rebound+1"],"picked":"SKIP","floor":45},{"not_picked":["FTL+1","Coolheaded","Hello World+1"],"picked":"SKIP","floor":48}],"player_experience":288813,"relics_obtained":[{"floor":7,"key":"Meat on the Bone"},{"floor":9,"key":"Shuriken"},{"floor":13,"key":"Bottled Tornado"},{"floor":26,"key":"Kunai"},{"floor":30,"key":"Orichalcum"},{"floor":39,"key":"Omamori"},{"floor":41,"key":"Molten Egg 2"},{"floor":43,"key":"Anchor"}],"event_choices":[{"event_name":"The Cleric","player_choice":"Card Removal","floor":10,"damage_taken":0},{"event_name":"Upgrade Shrine","player_choice":"Upgraded","floor":11,"damage_taken":0},{"event_name":"Back to Basics","player_choice":"Simplicity","floor":24,"damage_taken":0},{"event_name":"Bonfire Elementals","player_choice":"UNCOMMON","floor":37,"damage_taken":0},{"event_name":"Tomb of Lord Red Mask","player_choice":"Ignored","floor":38,"damage_taken":0},{"event_name":"WeMeetAgain","player_choice":"Gold","floor":46,"damage_taken":0}],"is_beta":true,"boss_relics":[{"not_picked":["Black Star","Inserter"],"picked":"Nuclear Battery"},{"not_picked":["Calling Bell","Velvet Choker"],"picked":"Fusion Hammer"}],"items_purged_floors":[42],"is_endless":false,"potions_floor_spawned":[1,4,12,16,18,20,29,30,35,41,48],"killed_by":"Awakened One","ascension_level":5}