{"gold_per_floor":[119,69,69,82,82,82,94,94,119,119,131,131,150,170,170,268,268,268,268,193,193,193,193,32,32,32,32,32,32,32,32,32,32],"floor_reached":33,"playtime":3863,"items_purged":["Strike_G"],"score":320,"play_id":"15a26402-2d73-4086-abb6-39c411439a62","local_time":"20190417233907","is_ascension_mode":true,"campfire_choices":[{"data":"Deadly Poison","floor":6,"key":"SMITH"},{"data":"Tools of the Trade","floor":8,"key":"SMITH"},{"data":"Survivor","floor":10,"key":"SMITH"},{"data":"Dagger Spray","floor":12,"key":"SMITH"},{"data":"Poisoned Stab","floor":15,"key":"SMITH"},{"floor":23,"key":"REST"},{"data":"Malaise","floor":25,"key":"SMITH"},{"floor":32,"key":"REST"}],"neow_cost":"NONE","seed_source_timestamp":502417778073324,"circlet_count":0,"master_deck":["Defend_G","Defend_G","Defend_G","Defend_G","Defend_G","Strike_G","Strike_G","Survivor+1","Neutralize+1","Cloak And Dagger","Deadly Poison+1","Tools of the Trade+1","Dagger Spray+1","Bouncing Flask","Poisoned Stab+1","Malaise+1","Acrobatics","Infinite Blades+1","Outmaneuver+1","Finesse","Noxious Fumes","Setup+1","Bane","Terror"],"relics":["Ring of the Snake","Dream Catcher","Ectoplasm","Bottled Flame","Regal Pillow"],"potions_floor_usage":[28,28,29,33],"damage_taken":[{"damage":1,"enemies":"2 Louse","floor":1,"turns":4},{"damage":3,"enemies":"Jaw Worm","floor":4,"turns":5},{"damage":0,"enemies":"Cultist","floor":7,"turns":3},{"damage":0,"enemies":"Red Slaver","floor":11,"turns":4},{"damage":0,"enemies":"Exordium Wildlife","floor":13,"turns":3},{"damage":0,"enemies":"Blue Slaver","floor":14,"turns":4},{"damage":12,"enemies":"The Guardian","floor":16,"turns":8},{"damage":0,"enemies":"Shell Parasite","floor":18,"turns":5},{"damage":27,"enemies":"Colosseum Slavers","floor":19,"turns":6},{"damage":1,"enemies":"Spheric Guardian","floor":21,"turns":4},{"damage":35,"enemies":"Cultist and Chosen","floor":27,"turns":9},{"damage":0,"enemies":"Snake Plant","floor":28,"turns":4},{"damage":2,"enemies":"Snecko","floor":29,"turns":6},{"damage":74,"enemies":"Champ","floor":33,"turns":12}],"seed_played":"-1711932905751305688","potions_obtained":[{"floor":11,"key":"FearPotion"},{"floor":13,"key":"Ancient Potion"},{"floor":14,"key":"Energy Potion"},{"floor":18,"key":"Dexterity Potion"},{"floor":21,"key":"LiquidBronze"},{"floor":28,"key":"Weak Potion"}],"is_trial":false,"path_per_floor":["M","?","$","M","?","R","M","R","T","R","M","R","M","M","R","B",null,"M","?","?","M","T","R","$","R","T","M","M","M","$","?","R","B"],"character_chosen":"THE_SILENT","items_purchased":["Finesse"],"campfire_rested":2,"item_purchase_floors":[24],"current_hp_per_floor":[62,62,62,59,59,59,59,59,59,59,59,59,59,59,59,47,64,64,37,37,36,36,57,57,57,57,22,22,20,20,20,56,0],"gold":32,"neow_bonus":"UPGRADE_CARD","is_prod":false,"is_daily":false,"chose_seed":false,"campfire_upgraded":6,"win_rate":0,"timestamp":1555515547,"path_taken":["M","?","$","M","?","R","M","R","T","R","?","R","M","M","R","BOSS","M","?","?","M","?","R","$","R","T","M","M","M","$","?","R","BOSS"],"build_version":"2019-01-23","purchased_purges":1,"victory":false,"max_hp_per_floor":[70,70,70,70,70,70,70,70,70,70,70,70,70,70,70,70,70,70,70,70,70,70,70,70,70,70,70,70,70,70,70,70,70],"card_choices":[{"not_picked":["Sucker Punch","Backflip"],"picked":"Cloak And Dagger","floor":1},{"not_picked":["Bane","Dodge and Roll"],"picked":"Deadly Poison","floor":4},{"not_picked":["Cloak And Dagger","Blade Dance"],"picked":"Tools of the Trade","floor":7},{"not_picked":["Slice","PiercingWail"],"picked":"Dagger Spray","floor":11},{"not_picked":["Calculated Gamble","Deflect"],"picked":"Bouncing Flask","floor":13},{"not_picked":["Prepared","PiercingWail"],"picked":"Poisoned Stab","floor":14},{"not_picked":["Venomology","Storm of Steel"],"picked":"Malaise","floor":16},{"not_picked":["Finisher","Sucker Punch"],"picked":"Acrobatics","floor":18},{"not_picked":["Cloak And Dagger+1","Deadly Poison"],"picked":"Infinite Blades+1","floor":21},{"not_picked":["Flechettes+1","Eviscerate"],"picked":"Outmaneuver+1","floor":23},{"not_picked":["Footwork","Dodge and Roll"],"picked":"Noxious Fumes","floor":27},{"not_picked":["Deadly Poison+1","Eviscerate"],"picked":"Setup+1","floor":28},{"not_picked":["Backflip","Distraction"],"picked":"Bane","floor":29},{"not_picked":["Dagger Spray","Poisoned Stab"],"picked":"Terror","floor":32}],"player_experience":795723,"relics_obtained":[{"floor":9,"key":"Dream Catcher"},{"floor":22,"key":"Bottled Flame"},{"floor":26,"key":"Regal Pillow"}],"event_choices":[{"damage_healed":0,"gold_gain":0,"player_choice":"Left Gold","damage_taken":0,"max_hp_gain":0,"max_hp_loss":0,"event_name":"World of Goop","floor":2,"gold_loss":50},{"cards_removed":["Strike_G"],"damage_healed":0,"gold_gain":0,"player_choice":"Card Removal","damage_taken":0,"max_hp_gain":0,"max_hp_loss":0,"event_name":"Wheel of Change","floor":5,"gold_loss":0},{"damage_healed":0,"gold_gain":0,"player_choice":"Fight","damage_taken":0,"max_hp_gain":0,"max_hp_loss":0,"event_name":"Colosseum","floor":19,"gold_loss":0},{"damage_healed":0,"gold_gain":0,"player_choice":"Fled From Nobs","damage_taken":0,"max_hp_gain":0,"max_hp_loss":0,"event_name":"Colosseum","floor":19,"gold_loss":0},{"cards_removed":["Strike_G"],"damage_healed":0,"gold_gain":0,"player_choice":"Gave Gold","damage_taken":0,"max_hp_gain":0,"max_hp_loss":0,"event_name":"Beggar","floor":20,"gold_loss":75},{"damage_healed":0,"gold_gain":0,"player_choice":"Ignored","damage_taken":0,"max_hp_gain":0,"max_hp_loss":0,"event_name":"Vampires","floor":31,"gold_loss":0}],"is_beta":false,"boss_relics":[{"not_picked":["Orrery","Lizard Tail"],"picked":"Ectoplasm"}],"items_purged_floors":[24],"is_endless":false,"potions_floor_spawned":[11,13,14,18,21,27,28],"killed_by":"Champ","ascension_level":7}