{"gold_per_floor":[114,114,128,141,158,158,189,202,202,58,58,122,297,310,310,412,412,422,433,138,151,30,57,57,57,57,57,57,57,90,100,100,202,202,216,9,9,24,24,59,88,112,124,148,160,12,347,367,367,367],"floor_reached":51,"playtime":3184,"items_purged":["Bash"],"score":792,"play_id":"e789025a-13e9-4016-b3ef-7572d8c2b043","local_time":"20190602010244","is_ascension_mode":true,"campfire_choices":[{"data":"Body Slam","floor":6.0,"key":"SMITH"},{"floor":11.0,"key":"REST"},{"data":"Armaments","floor":15.0,"key":"SMITH"},{"data":"Cleave","floor":25.0,"key":"SMITH"},{"floor":28.0,"key":"REST"},{"data":"Shrug It Off","floor":32.0,"key":"SMITH"},{"floor":49,"key":"REST"}],"neow_cost":"NONE","seed_source_timestamp":106348501974151,"circlet_count":0,"master_deck":["Strike_R","Strike_R","Strike_R","Strike_R","Strike_R","Defend_R","Defend_R","Defend_R","Defend_R","Uppercut+1","Body Slam+1","Shrug It Off","Cleave+1","Metallicize","Armaments+1","Rage","True Grit+1","Ghostly Armor","Spot Weakness+1","Inflame+1","Shrug It Off+1","Metallicize+1","Dropkick","Headbutt","Immolate","Thunderclap+1","Perfected Strike","Disarm+1","Blind+1","Pummel","Heavy Blade"],"special_seed":0,"relics":["Burning Blood","Omamori","Boot","Frozen Egg 2","Happy Flower","Tiny Chest","White Beast Statue","Lantern","Du-Vu Doll","Bag of Preparation","Incense Burner","Toxic Egg 2","Mark of Pain","Membership Card","Calipers","MawBank","Potion Belt","Paper Frog","Mercury Hourglass","Old Coin"],"potions_floor_usage":[47,47,47,50,50],"damage_taken":[{"damage":9.0,"enemies":"Jaw Worm","floor":1.0,"turns":4.0},{"damage":0.0,"enemies":"Cultist","floor":3.0,"turns":3.0},{"damage":5.0,"enemies":"Small Slimes","floor":4.0,"turns":3.0},{"damage":14.0,"enemies":"Exordium Thugs","floor":5.0,"turns":5.0},{"damage":14.0,"enemies":"Gremlin Nob","floor":7.0,"turns":4.0},{"damage":9.0,"enemies":"Blue Slaver","floor":8.0,"turns":4.0},{"damage":20.0,"enemies":"Lagavulin","floor":12.0,"turns":9.0},{"damage":7.0,"enemies":"Lots of Slimes","floor":14.0,"turns":4.0},{"damage":28.0,"enemies":"Hexaghost","floor":16.0,"turns":13.0},{"damage":2.0,"enemies":"3 Byrds","floor":18.0,"turns":8.0},{"damage":19.0,"enemies":"Spheric Guardian","floor":19.0,"turns":7.0},{"damage":3.0,"enemies":"Snake Plant","floor":21.0,"turns":4.0},{"damage":20.0,"enemies":"Book of Stabbing","floor":23.0,"turns":7.0},{"damage":14.0,"enemies":"Slavers","floor":30.0,"turns":5.0},{"damage":0.0,"enemies":"Shelled Parasite and Fungi","floor":31.0,"turns":7.0},{"damage":32.0,"enemies":"Champ","floor":33.0,"turns":15.0},{"damage":3.0,"enemies":"3 Darklings","floor":35.0,"turns":4.0},{"damage":6.0,"enemies":"3 Shapes","floor":38.0,"turns":4.0},{"damage":17.0,"enemies":"Giant Head","floor":40.0,"turns":8.0},{"damage":8.0,"enemies":"Sphere and 2 Shapes","floor":41.0,"turns":6.0},{"damage":24.0,"enemies":"4 Shapes","floor":42.0,"turns":3.0},{"damage":1.0,"enemies":"3 Darklings","floor":44.0,"turns":5.0},{"damage":35,"enemies":"Reptomancer","floor":47,"turns":6},{"damage":8,"enemies":"Sphere and 2 Shapes","floor":48,"turns":6},{"damage":35,"enemies":"Time Eater","floor":50,"turns":9}],"seed_played":"6784040357439409667","potions_obtained":[{"floor":1.0,"key":"SteroidPotion"},{"floor":3.0,"key":"SpeedPotion"},{"floor":8.0,"key":"Strength Potion"},{"floor":18.0,"key":"FearPotion"},{"floor":19.0,"key":"Explosive Potion"},{"floor":23.0,"key":"Block Potion"},{"floor":30.0,"key":"LiquidBronze"},{"floor":31.0,"key":"Fire Potion"},{"floor":33.0,"key":"PowerPotion"},{"floor":35.0,"key":"Dexterity Potion"},{"floor":38.0,"key":"FearPotion"},{"floor":40.0,"key":"LiquidBronze"},{"floor":41.0,"key":"Poison Potion"},{"floor":42.0,"key":"BloodPotion"},{"floor":44.0,"key":"BloodPotion"},{"floor":47,"key":"Block Potion"},{"floor":48,"key":"Fruit Juice"}],"is_trial":false,"path_per_floor":["M","?","M","M","M","R","E","M","T","$","R","E","?","M","R","B",null,"M","M","$","M","$","E","?","R","T","$","R","T","E","M","R","B",null,"M","$","$","M","T","E","M","M","T","M","T","$","E","M","R","B",null],"character_chosen":"IRONCLAD","items_purchased":["Happy Flower","Lantern","Ghostly Armor","Inflame+1","Shrug It Off","Membership Card","Mercury Hourglass","Blind+1"],"campfire_rested":3,"item_purchase_floors":[10,20,20,22,22,36,46,46],"current_hp_per_floor":[77,77,80,80,72,72,64,61,61,61,80,66,66,65,65,43,80,80,67,67,70,70,56,56,56,56,56,80,80,72,78,78,52,80,80,80,80,80,80,69,67,49,49,62,62,62,41,39,63,39],"gold":367,"neow_bonus":"RANDOM_COMMON_RELIC","is_prod":false,"is_daily":false,"chose_seed":false,"campfire_upgraded":4,"win_rate":0,"timestamp":1559426564,"path_taken":["M","?","M","M","M","R","E","?","T","$","R","E","?","M","R","BOSS","M","M","$","M","$","E","?","R","T","?","R","?","E","M","R","BOSS","M","?","$","M","?","E","?","M","T","M","?","$","E","?","R","BOSS"],"build_version":"2019-01-23","purchased_purges":1,"victory":true,"max_hp_per_floor":[80,80,80,80,80,80,80,80,80,80,80,80,80,80,80,80,80,80,80,80,80,80,80,80,80,80,80,80,80,80,80,80,80,80,80,80,80,80,80,80,80,80,80,80,80,80,80,80,80,85],"card_choices":[{"not_picked":["Battle Trance","Dropkick"],"picked":"Uppercut","floor":1.0},{"not_picked":["Uppercut","Clothesline"],"picked":"Body Slam","floor":3.0},{"not_picked":["Pommel Strike","True Grit"],"picked":"Shrug It Off","floor":4.0},{"not_picked":["Clash","Ghostly Armor"],"picked":"Cleave","floor":5.0},{"not_picked":["Wild Strike","Pommel Strike"],"picked":"Metallicize","floor":7.0},{"not_picked":["Combust","Thunderclap"],"picked":"Armaments","floor":8.0},{"not_picked":["Heavy Blade","Twin Strike"],"picked":"Rage","floor":12.0},{"not_picked":["Rage","Body Slam","Combust+1"],"picked":"SKIP","floor":14.0},{"not_picked":["Rupture+1","Combust+1"],"picked":"True Grit","floor":18.0},{"not_picked":["Clothesline","Pommel Strike","Havoc"],"picked":"SKIP","floor":19.0},{"not_picked":["Anger+1","Combust+1"],"picked":"Spot Weakness+1","floor":21.0},{"not_picked":["Sword Boomerang","Combust+1"],"picked":"Metallicize+1","floor":23.0},{"not_picked":["True Grit","Combust+1"],"picked":"Dropkick","floor":30.0},{"not_picked":["Anger+1","Twin Strike+1"],"picked":"Headbutt","floor":31.0},{"not_picked":["Bludgeon","Feed"],"picked":"Immolate","floor":33.0},{"not_picked":["Anger+1","Warcry+1"],"picked":"Thunderclap+1","floor":35.0},{"not_picked":["Thunderclap+1","Anger","Hemokinesis"],"picked":"SKIP","floor":38.0},{"not_picked":["Armaments+1","Body Slam+1","Fire Breathing+1"],"picked":"SKIP","floor":40.0},{"not_picked":["Feel No Pain+1","Body Slam+1"],"picked":"Perfected Strike","floor":41.0},{"not_picked":["Wild Strike+1","Twin Strike"],"picked":"Disarm+1","floor":42.0},{"not_picked":["Sever Soul+1","Dropkick+1","Evolve+1"],"picked":"SKIP","floor":44.0},{"not_picked":["Seeing Red+1","Flex+1"],"picked":"Pummel","floor":47},{"not_picked":["Twin Strike","Clash+1"],"picked":"Heavy Blade","floor":48}],"player_experience":866388,"relics_obtained":[{"floor":7.0,"key":"Boot"},{"floor":9.0,"key":"Frozen Egg 2"},{"floor":12.0,"key":"Tiny Chest"},{"floor":23.0,"key":"Du-Vu Doll"},{"floor":26.0,"key":"Bag of Preparation"},{"floor":29.0,"key":"Incense Burner"},{"floor":30.0,"key":"Toxic Egg 2"},{"floor":39.0,"key":"Calipers"},{"floor":40.0,"key":"MawBank"},{"floor":43.0,"key":"Potion Belt"},{"floor":45.0,"key":"Paper Frog"},{"floor":47,"key":"Old Coin"}],"event_choices":[{"damage_healed":0.0,"max_hp_gain":0.0,"max_hp_loss":0.0,"gold_gain":0.0,"event_name":"Upgrade Shrine","player_choice":"Upgraded","floor":2.0,"gold_loss":0.0,"damage_taken":0.0,"cards_upgraded":["Uppercut"]},{"damage_healed":0.0,"max_hp_gain":0.0,"max_hp_loss":0.0,"gold_gain":175.0,"event_name":"Liars Game","player_choice":"AGREE","floor":13.0,"gold_loss":0.0,"damage_taken":0.0,"cards_obtained":["Doubt"]},{"damage_healed":0.0,"max_hp_gain":0.0,"max_hp_loss":0.0,"gold_gain":0.0,"event_name":"Upgrade Shrine","player_choice":"Upgraded","floor":24.0,"gold_loss":0.0,"damage_taken":0.0,"cards_upgraded":["True Grit"]}],"is_beta":false,"boss_relics":[{"not_picked":["Busted Crown","Ectoplasm"],"picked":"White Beast Statue"},{"not_picked":["Runic Pyramid","Orrery"],"picked":"Mark of Pain"}],"items_purged_floors":[20],"is_endless":false,"potions_floor_spawned":[1,3,8,18,19,21,23,30,31,33,35,38,40,41,42,44,47,48],"ascension_level":1}