{"gold_per_floor":[209,209,209,223,498,525,525,536,559,189,204,204,204],"floor_reached":13,"playtime":454,"items_purged":["Regret"],"score":108,"play_id":"a426a2bd-5bec-47c7-9c67-239fa236cf6f","local_time":"20190525005043","is_ascension_mode":true,"campfire_choices":[{"data":"Neutralize","floor":7,"key":"SMITH"}],"neow_cost":"NONE","seed_source_timestamp":43111159918000,"circlet_count":0,"master_deck":["Defend_G","Defend_G","Defend_G","Defend_G","Defend_G","Strike_G","Strike_G","Strike_G","Strike_G","Survivor","Neutralize+1","Endless Agony","Caltrops","Dash","PiercingWail"],"relics":["Ring of the Snake","Ancient Tea Set","Omamori","Juzu Bracelet","PreservedInsect","Bag of Marbles"],"potions_floor_usage":[6,6,13,13],"damage_taken":[{"damage":1,"enemies":"Jaw Worm","floor":1,"turns":5},{"damage":1,"enemies":"2 Louse","floor":4,"turns":3},{"damage":41,"enemies":"3 Sentries","floor":6,"turns":12},{"damage":4,"enemies":"Cultist","floor":8,"turns":4},{"damage":8,"enemies":"Blue Slaver","floor":11,"turns":3},{"damage":14,"enemies":"Lagavulin","floor":13,"turns":5}],"seed_played":"-2713908272611134820","potions_obtained":[{"floor":4,"key":"EntropicBrew"},{"floor":6,"key":"Strength Potion"},{"floor":8,"key":"GhostInAJar"}],"is_trial":false,"path_per_floor":["M","?","?","M","?","E","R","M","T","$","M","?","E"],"character_chosen":"THE_SILENT","items_purchased":["PreservedInsect","Bag of Marbles"],"campfire_rested":0,"item_purchase_floors":[10,10],"current_hp_per_floor":[62,67,67,66,66,25,25,21,21,21,13,13,0],"gold":204,"neow_bonus":"HUNDRED_GOLD","is_prod":false,"is_daily":false,"chose_seed":false,"campfire_upgraded":1,"win_rate":0,"timestamp":1558725643,"path_taken":["M","?","?","?","?","E","R","M","T","?","M","?","E"],"build_version":"2019-01-23","purchased_purges":1,"victory":false,"max_hp_per_floor":[70,75,75,75,75,75,75,75,75,75,75,75,75],"card_choices":[{"not_picked":["Backflip","Calculated Gamble"],"picked":"Deflect","floor":1},{"not_picked":["Blur","Cloak And Dagger"],"picked":"Endless Agony","floor":4},{"not_picked":["Underhanded Strike","Slice"],"picked":"Caltrops","floor":6},{"not_picked":["Tactician","Sucker Punch"],"picked":"Dash","floor":8},{"not_picked":["Outmaneuver","Concentrate"],"picked":"PiercingWail","floor":11}],"player_experience":220884,"relics_obtained":[{"floor":6,"key":"Omamori"},{"floor":9,"key":"Juzu Bracelet"}],"event_choices":[{"damage_healed":0,"gold_gain":0,"player_choice":"Donut","damage_taken":0,"max_hp_gain":5,"max_hp_loss":0,"event_name":"Big Fish","floor":2,"gold_loss":0},{"cards_removed":["Deflect"],"damage_healed":0,"gold_gain":0,"player_choice":"Gave Card","damage_taken":0,"relics_obtained":["Ancient Tea Set"],"max_hp_gain":0,"max_hp_loss":0,"event_name":"WeMeetAgain","floor":3,"gold_loss":0},{"damage_healed":0,"gold_gain":275,"player_choice":"Desecrate","damage_taken":0,"max_hp_gain":0,"max_hp_loss":0,"event_name":"Golden Shrine","floor":5,"gold_loss":0,"cards_obtained":["Regret"]},{"cards_removed":["Strike_G"],"damage_healed":0,"gold_gain":0,"player_choice":"Offered Basic","damage_taken":0,"max_hp_gain":0,"max_hp_loss":0,"event_name":"Bonfire Elementals","floor":12,"gold_loss":0}],"is_beta":false,"boss_relics":[],"items_purged_floors":[10],"is_endless":false,"potions_floor_spawned":[4,6,8],"killed_by":"Lagavulin","ascension_level":6}