{"gold_per_floor":[117,36,36,36,61,61,142,92,119,119,162,181,181,181,181,302,365,388,388,40,0,0,16,16,37,63,0,12],"floor_reached":28,"playtime":849,"items_purged":[],"score":286,"play_id":"d1db9b90-61e9-44a9-88d1-373a4fd8c2f8","local_time":"20190417235327","is_ascension_mode":true,"campfire_choices":[{"data":"Crippling Poison","floor":6,"key":"SMITH"},{"data":"Neutralize","floor":10,"key":"SMITH"},{"floor":13,"key":"REST"},{"floor":15,"key":"REST"}],"neow_cost":"NONE","seed_source_timestamp":506292058245523,"circlet_count":0,"master_deck":["Defend_G+1","Defend_G+1","Defend_G+1","Defend_G+1","Defend_G+1","Strike_G+1","Strike_G+1","Strike_G+1","Survivor","Neutralize+1","Dagger Spray","Crippling Poison+1","Flying Knee","Blur","Dodge and Roll","Night Terror","Crippling Poison","Doppelganger","Caltrops+1","Dash","Noxious Fumes+1"],"relics":["Ring of the Snake","Bronze Scales","Golden Idol","Frozen Egg 2","Lantern","Pen Nib","Tiny House","Happy Flower","MawBank"],"potions_floor_usage":[23,23,28],"damage_taken":[{"damage":0,"enemies":"Small Slimes","floor":1,"turns":4},{"damage":3,"enemies":"Jaw Worm","floor":5,"turns":5},{"damage":36,"enemies":"Lagavulin","floor":11,"turns":7},{"damage":0,"enemies":"Cultist","floor":12,"turns":4},{"damage":2,"enemies":"The Guardian","floor":16,"turns":14},{"damage":0,"enemies":"3 Byrds","floor":18,"turns":4},{"damage":22,"enemies":"2 Thieves","floor":23,"turns":5},{"damage":28,"enemies":"Cultist and Chosen","floor":25,"turns":8},{"damage":6,"enemies":"Sentry and Sphere","floor":28,"turns":5}],"seed_played":"7286174325035387054","potions_obtained":[{"floor":12,"key":"Energy Potion"},{"floor":16,"key":"SkillPotion"},{"floor":17,"key":"SpeedPotion"},{"floor":25,"key":"Explosive Potion"}],"is_trial":false,"path_per_floor":["M","$","?","$","M","R","T","?","T","R","E","M","R","?","R","B",null,"M","?","$","?","?","M","$","M","T","?","M"],"character_chosen":"THE_SILENT","items_purchased":["Crippling Poison","Doppelganger","Caltrops+1","Happy Flower"],"campfire_rested":2,"item_purchase_floors":[2,20,20,20],"current_hp_per_floor":[63,63,63,63,60,60,60,60,60,60,24,24,43,30,49,47,66,66,66,66,66,66,44,44,16,16,16,10],"gold":12,"neow_bonus":"RANDOM_COMMON_RELIC","is_prod":false,"is_daily":false,"chose_seed":false,"campfire_upgraded":2,"win_rate":0,"timestamp":1555516407,"path_taken":["M","$","?","$","M","R","?","?","T","R","E","M","R","?","R","BOSS","M","?","$","?","?","M","$","M","T","?","?"],"build_version":"2019-01-23","purchased_purges":0,"victory":false,"max_hp_per_floor":[70,70,65,65,65,65,65,65,65,65,65,65,65,65,65,65,70,70,70,70,70,70,70,70,70,70,70,70],"card_choices":[{"not_picked":["Underhanded Strike","Sucker Punch"],"picked":"Dagger Spray","floor":1},{"not_picked":["Slice","Calculated Gamble"],"picked":"Flying Knee","floor":5},{"not_picked":["Eviscerate","PiercingWail"],"picked":"Blur","floor":11},{"not_picked":["Dagger Throw","Bane"],"picked":"Dodge and Roll","floor":12},{"not_picked":["Glass Knife","Phantasmal Killer"],"picked":"Night Terror","floor":16},{"not_picked":["PiercingWail","Accuracy+1"],"picked":"Crippling Poison","floor":17},{"not_picked":["Blade Dance","Sucker Punch","Quick Slash"],"picked":"SKIP","floor":18},{"not_picked":["Underhanded Strike+1","Sucker Punch"],"picked":"Dash","floor":23},{"not_picked":["Terror","Bane+1"],"picked":"Noxious Fumes+1","floor":25}],"player_experience":799586,"relics_obtained":[{"floor":7,"key":"Frozen Egg 2"},{"floor":9,"key":"Lantern"},{"floor":11,"key":"Pen Nib"},{"floor":26,"key":"MawBank"}],"event_choices":[{"damage_healed":0,"gold_gain":0,"player_choice":"Lose Max HP","damage_taken":0,"relics_obtained":["Golden Idol"],"max_hp_gain":0,"max_hp_loss":5,"event_name":"Golden Idol","floor":3,"gold_loss":0},{"cards_removed":["Strike_G"],"damage_healed":0,"gold_gain":0,"player_choice":"Card Removal","damage_taken":0,"max_hp_gain":0,"max_hp_loss":0,"event_name":"The Cleric","floor":8,"gold_loss":50},{"damage_healed":0,"gold_gain":0,"player_choice":"Entered Light","damage_taken":13,"max_hp_gain":0,"max_hp_loss":0,"event_name":"Shining Light","floor":14,"gold_loss":0,"cards_upgraded":["Defend_G","Defend_G"]},{"damage_healed":0,"gold_gain":0,"player_choice":"Simplicity","damage_taken":0,"max_hp_gain":0,"max_hp_loss":0,"event_name":"Back to Basics","floor":19,"gold_loss":0,"cards_upgraded":["Defend_G","Defend_G","Strike_G","Strike_G","Strike_G","Strike_G"]},{"damage_healed":0,"gold_gain":0,"player_choice":"Paid Fearfully","damage_taken":0,"max_hp_gain":0,"max_hp_loss":0,"event_name":"Masked Bandits","floor":21,"gold_loss":40},{"damage_healed":0,"gold_gain":0,"player_choice":"Ignored","damage_taken":0,"max_hp_gain":0,"max_hp_loss":0,"event_name":"The Mausoleum","floor":22,"gold_loss":0},{"cards_removed":["Strike_G"],"damage_healed":0,"gold_gain":0,"player_choice":"Gave Gold","damage_taken":0,"max_hp_gain":0,"max_hp_loss":0,"event_name":"Beggar","floor":27,"gold_loss":75}],"is_beta":false,"boss_relics":[{"not_picked":["Eternal Feather","Coffee Dripper"],"picked":"Tiny House"}],"items_purged_floors":[],"is_endless":false,"potions_floor_spawned":[12,16,25],"killed_by":"Sentry and Sphere","ascension_level":7}