{"gold_per_floor":[10,10,85,103,103,137,312,312,312,346,82,82,95,106,106,206,206,216,230,230,230,248,248,280,280,280,293,26,26,38,38,38,134,134,146,146,191,141,141,175,185,185,185,196,209,87,104,138,138,138],"floor_reached":50,"playtime":3745,"items_purged":["Doubt","Strike_G","Writhe","Strike_G"],"score":606,"play_id":"4a267231-4366-4cc8-a04d-0ade4cf27a44","local_time":"20190521200627","is_ascension_mode":true,"campfire_choices":[{"floor":8,"key":"REST"},{"floor":12,"key":"REST"},{"floor":15,"key":"REST"},{"data":"Catalyst","floor":23,"key":"SMITH"},{"floor":29,"key":"REST"},{"floor":32,"key":"REST"},{"floor":49,"key":"REST"}],"neow_cost":"NO_GOLD","seed_source_timestamp":294161617074867,"circlet_count":0,"master_deck":["Defend_G","Defend_G","Defend_G","Defend_G","Defend_G+1","Strike_G","Strike_G","Survivor","Neutralize","Crippling Poison+1","Deflect","Outmaneuver","Terror","Envenom","Catalyst+1","Dash","Glass Knife","Deadly Poison","Footwork","Adrenaline","Acrobatics","Deadly Poison","RitualDagger","Catalyst","Envenom","Bane+1","Catalyst"],"relics":["Ring of the Snake","Bird Faced Urn","Dodecahedron","Dream Catcher","Bottled Lightning","Busted Crown","Pen Nib","Mercury Hourglass","Smiling Mask","Vajra","Runic Dome","Du-Vu Doll","Strawberry","Bottled Flame","Tough Bandages"],"potions_floor_usage":[6,6,16,16,24,33,33,47,47,50,50],"damage_taken":[{"damage":9,"enemies":"Jaw Worm","floor":1,"turns":4},{"damage":0,"enemies":"Small Slimes","floor":4,"turns":4},{"damage":21,"enemies":"Gremlin Nob","floor":6,"turns":5},{"damage":21,"enemies":"3 Sentries","floor":10,"turns":19},{"damage":0,"enemies":"2 Louse","floor":13,"turns":4},{"damage":0,"enemies":"Looter","floor":14,"turns":3},{"damage":18,"enemies":"The Guardian","floor":16,"turns":9},{"damage":2,"enemies":"Shell Parasite","floor":18,"turns":4},{"damage":0,"enemies":"Chosen","floor":19,"turns":3},{"damage":10,"enemies":"Snake Plant","floor":22,"turns":4},{"damage":43,"enemies":"Slavers","floor":24,"turns":4},{"damage":4,"enemies":"Snecko","floor":27,"turns":4},{"damage":10,"enemies":"Shelled Parasite and Fungi","floor":30,"turns":4},{"damage":42,"enemies":"Champ","floor":33,"turns":10},{"damage":11,"enemies":"3 Darklings","floor":35,"turns":3},{"damage":22,"enemies":"2 Orb Walkers","floor":37,"turns":4},{"damage":56,"enemies":"Nemesis","floor":40,"turns":5},{"damage":0,"enemies":"Orb Walker","floor":41,"turns":2},{"damage":12,"enemies":"Jaw Worm Horde","floor":44,"turns":4},{"damage":0,"enemies":"Spire Growth","floor":45,"turns":3},{"damage":4,"enemies":"3 Darklings","floor":47,"turns":4},{"damage":10,"enemies":"Reptomancer","floor":48,"turns":3},{"damage":46,"enemies":"Time Eater","floor":50,"turns":3}],"seed_played":"8994331338616691205","potions_obtained":[{"floor":1,"key":"PowerPotion"},{"floor":4,"key":"Poison Potion"},{"floor":10,"key":"Dexterity Potion"},{"floor":14,"key":"Weak Potion"},{"floor":22,"key":"Energy Potion"},{"floor":24,"key":"SteroidPotion"},{"floor":30,"key":"PowerPotion"},{"floor":41,"key":"Explosive Potion"},{"floor":45,"key":"LiquidBronze"},{"floor":48,"key":"FearPotion"}],"is_trial":false,"path_per_floor":["M","?","?","M","?","E","?","R","T","E","$","R","M","M","R","B",null,"M","M","?","?","M","R","E","T","T","M","$","R","M","$","R","B",null,"M","?","?","$","?","E","M","$","T","M","M","$","M","E","R","B"],"character_chosen":"THE_SILENT","items_purchased":["Envenom","Catalyst","Vajra","Catalyst","Regen Potion"],"campfire_rested":6,"item_purchase_floors":[11,11,28,28,46],"current_hp_per_floor":[61,54,43,43,29,10,10,31,31,10,10,31,33,33,54,40,70,70,70,57,51,43,43,4,4,4,4,4,26,20,20,42,6,75,64,75,57,57,57,14,14,14,14,4,4,4,16,10,34,0],"gold":138,"neow_bonus":"ONE_RARE_RELIC","is_prod":false,"is_daily":false,"chose_seed":false,"campfire_upgraded":1,"win_rate":0,"timestamp":1558494387,"path_taken":["M","?","?","M","?","E","?","R","T","E","?","R","M","?","R","BOSS","M","M","?","?","M","R","E","?","T","M","$","R","?","$","R","BOSS","M","?","?","$","?","E","M","?","T","M","M","$","?","E","R","BOSS"],"build_version":"2019-01-23","purchased_purges":4,"victory":false,"max_hp_per_floor":[70,70,70,70,70,70,70,70,70,70,70,70,70,70,70,70,70,70,70,75,75,75,75,75,75,75,75,75,75,75,75,75,75,75,75,75,75,75,75,82,82,82,82,82,82,82,82,82,82,82],"card_choices":[{"not_picked":["Prepared","Outmaneuver"],"picked":"Crippling Poison","floor":1},{"not_picked":["Predator","Acrobatics"],"picked":"Deflect","floor":4},{"not_picked":["Predator","Underhanded Strike"],"picked":"Outmaneuver","floor":6},{"not_picked":["All Out Attack","Dagger Throw"],"picked":"Terror","floor":10},{"not_picked":["Bane","Backstab"],"picked":"Dash","floor":12},{"not_picked":["Bane","Slice"],"picked":"Glass Knife","floor":13},{"not_picked":["Acrobatics","Tactician"],"picked":"Deadly Poison","floor":14},{"not_picked":["Crippling Poison","Endless Agony"],"picked":"Footwork","floor":15},{"not_picked":["Malaise","Bullet Time"],"picked":"Adrenaline","floor":16},{"not_picked":[],"picked":"Acrobatics","floor":18},{"not_picked":[],"picked":"Deadly Poison","floor":19},{"not_picked":["Dagger Throw+1"],"picked":"SKIP","floor":22},{"not_picked":["Underhanded Strike"],"picked":"SKIP","floor":24},{"not_picked":["Tactician"],"picked":"SKIP","floor":27},{"not_picked":["Endless Agony"],"picked":"SKIP","floor":30},{"not_picked":[],"picked":"Envenom","floor":33},{"not_picked":[],"picked":"Bane+1","floor":35},{"not_picked":["Endless Agony"],"picked":"SKIP","floor":40},{"not_picked":["Slice"],"picked":"SKIP","floor":41},{"not_picked":[],"picked":"Catalyst","floor":44},{"not_picked":["Sucker Punch"],"picked":"SKIP","floor":45},{"not_picked":["Caltrops+1"],"picked":"SKIP","floor":47},{"not_picked":["Blur"],"picked":"SKIP","floor":48}],"player_experience":36090,"relics_obtained":[{"floor":6,"key":"Dodecahedron"},{"floor":9,"key":"Dream Catcher"},{"floor":10,"key":"Bottled Lightning"},{"floor":24,"key":"Pen Nib"},{"floor":25,"key":"Mercury Hourglass"},{"floor":26,"key":"Smiling Mask"},{"floor":37,"key":"Du-Vu Doll"},{"floor":40,"key":"Strawberry"},{"floor":43,"key":"Bottled Flame"},{"floor":48,"key":"Tough Bandages"}],"event_choices":[{"cards_removed":["Strike_G"],"damage_healed":0,"gold_gain":0,"player_choice":"Card Removal","damage_taken":7,"max_hp_gain":0,"max_hp_loss":0,"event_name":"Golden Wing","floor":2,"gold_loss":0},{"damage_healed":0,"gold_gain":75,"player_choice":"Gather Gold","damage_taken":11,"max_hp_gain":0,"max_hp_loss":0,"event_name":"World of Goop","floor":3,"gold_loss":0},{"damage_healed":0,"gold_gain":0,"player_choice":"Entered Light","damage_taken":14,"max_hp_gain":0,"max_hp_loss":0,"event_name":"Shining Light","floor":5,"gold_loss":0,"cards_upgraded":["Crippling Poison","Defend_G"]},{"damage_healed":0,"gold_gain":175,"player_choice":"AGREE","damage_taken":0,"max_hp_gain":0,"max_hp_loss":0,"event_name":"Liars Game","floor":7,"gold_loss":0,"cards_obtained":["Doubt"]},{"damage_healed":0,"gold_gain":0,"player_choice":"Shed Blood","damage_taken":18,"max_hp_gain":5,"max_hp_loss":0,"event_name":"Forgotten Altar","floor":20,"gold_loss":0},{"damage_healed":0,"gold_gain":0,"player_choice":"Joined the Cult","damage_taken":6,"max_hp_gain":0,"max_hp_loss":0,"event_name":"Nest","floor":21,"gold_loss":0,"cards_obtained":["RitualDagger"]},{"damage_healed":19,"gold_gain":0,"player_choice":"Writhe","damage_taken":0,"max_hp_gain":0,"max_hp_loss":0,"event_name":"Winding Halls","floor":36,"gold_loss":0,"cards_obtained":["Writhe"]},{"damage_healed":0,"gold_gain":0,"player_choice":"Fight","damage_taken":0,"max_hp_gain":0,"max_hp_loss":0,"event_name":"Mysterious Sphere","floor":37,"gold_loss":0},{"damage_healed":0,"gold_gain":0,"player_choice":"Memory 1","damage_taken":0,"max_hp_gain":0,"max_hp_loss":0,"event_name":"SensoryStone","floor":39,"gold_loss":0}],"is_beta":false,"boss_relics":[{"not_picked":["Lizard Tail","HoveringKite"],"picked":"Busted Crown"},{"not_picked":["Snecko Eye","Astrolabe"],"picked":"Runic Dome"}],"items_purged_floors":[11,28,38,46],"is_endless":false,"potions_floor_spawned":[1,4,10,14,22,24,30,41,45,48],"killed_by":"Time Eater","ascension_level":1}