{"gold_per_floor":[109,184,149,149,149,174,174,188,242,167,167,198,198,218,218,313,313,313,157,157,157,157,157,157,157,157,157,157,157,157,157,157,157,157,157,57,57,6,6,6,6,6,6,6,6,0,0,0,0,0],"floor_reached":51,"playtime":4896,"items_purged":["Regret","Pain"],"score":685,"play_id":"f4943b3f-8da3-42d4-9bac-9fef8eb81818","local_time":"20190519203943","is_ascension_mode":false,"campfire_choices":[{"data":"Neutralize","floor":7,"key":"SMITH"},{"data":"Caltrops","floor":15,"key":"SMITH"},{"data":"Noxious Fumes","floor":23,"key":"SMITH"},{"data":"RitualDagger","floor":27,"key":"SMITH"},{"floor":30,"key":"REST"},{"floor":32,"key":"REST"},{"data":"After Image","floor":41,"key":"SMITH"},{"floor":49,"key":"REST"}],"neow_cost":"NONE","seed_source_timestamp":122184055874967,"circlet_count":0,"master_deck":["Defend_G","Defend_G","Defend_G","Defend_G","Defend_G","Strike_G","Strike_G","Strike_G","Strike_G","Survivor","Neutralize+1","Caltrops+1","Noxious Fumes+1","Heel Hook","Dodge and Roll","Heel Hook","Wraith Form v2","Dagger Spray+1","RitualDagger+1","Leg Sweep","Dagger Spray","Poisoned Stab","Prepared","Endless Agony+1","Doppelganger","After Image+1","Dagger Throw+1","Terror+1","Heel Hook","Dodge and Roll+1","Dagger Throw","Adrenaline","Predator+1"],"relics":["Ring of the Serpent","NeowsBlessing","Pear","Strawberry","Happy Flower","Shuriken","Ectoplasm","Dream Catcher","WarpedTongs","Gremlin Horn","GremlinMask","FossilizedHelix","Kunai","Question Card","Red Mask"],"potions_floor_usage":[16,33,33,33,40,50],"damage_taken":[{"damage":0,"enemies":"Jaw Worm","floor":1,"turns":1},{"damage":0,"enemies":"Gremlin Nob","floor":6,"turns":1},{"damage":0,"enemies":"2 Louse","floor":8,"turns":1},{"damage":10,"enemies":"Lagavulin","floor":12,"turns":9},{"damage":0,"enemies":"Small Slimes","floor":14,"turns":3},{"damage":23,"enemies":"Hexaghost","floor":16,"turns":9},{"damage":0,"enemies":"Chosen","floor":18,"turns":5},{"damage":10,"enemies":"3 Byrds","floor":21,"turns":4},{"damage":13,"enemies":"Centurion and Healer","floor":22,"turns":7},{"damage":13,"enemies":"3 Cultists","floor":24,"turns":4},{"damage":16,"enemies":"Snake Plant","floor":28,"turns":4},{"damage":5,"enemies":"Centurion and Healer","floor":29,"turns":5},{"damage":30,"enemies":"Sentry and Sphere","floor":31,"turns":5},{"damage":21,"enemies":"Automaton","floor":33,"turns":9},{"damage":3,"enemies":"3 Darklings","floor":35,"turns":5},{"damage":0,"enemies":"Mind Bloom Boss Battle","floor":39,"turns":7},{"damage":14,"enemies":"Nemesis","floor":40,"turns":7},{"damage":0,"enemies":"3 Shapes","floor":42,"turns":4},{"damage":14,"enemies":"Spire Growth","floor":45,"turns":4},{"damage":0,"enemies":"3 Darklings","floor":47,"turns":3},{"damage":0,"enemies":"Maw","floor":48,"turns":6},{"damage":24,"enemies":"Donu and Deca","floor":50,"turns":9}],"seed_played":"527255892152984879","potions_obtained":[{"floor":12,"key":"Ancient Potion"},{"floor":14,"key":"Block Potion"},{"floor":24,"key":"Weak Potion"},{"floor":28,"key":"Weak Potion"},{"floor":29,"key":"Swift Potion"},{"floor":39,"key":"GamblersBrew"},{"floor":40,"key":"FairyPotion"}],"is_trial":false,"path_per_floor":["M","?","?","?","?","E","R","M","T","$","$","E","?","M","R","B",null,"M","$","?","M","M","R","M","?","T","R","M","M","R","M","R","B",null,"M","$","?","$","?","E","R","M","T","?","M","?","M","M","R","B",null],"character_chosen":"THE_SILENT","items_purchased":["Dream Catcher","Strength Potion"],"campfire_rested":3,"item_purchase_floors":[19,38],"current_hp_per_floor":[70,59,70,80,80,87,87,87,87,87,87,77,70,70,70,47,87,87,87,81,71,58,58,45,45,45,45,29,24,50,20,46,25,87,84,84,84,84,84,70,70,70,70,70,56,56,56,56,80,56],"gold":0,"neow_bonus":"THREE_ENEMY_KILL","is_prod":false,"is_daily":false,"chose_seed":false,"campfire_upgraded":5,"win_rate":0.0,"timestamp":1558323583,"path_taken":["M","?","?","?","?","E","R","M","T","?","$","E","?","M","R","BOSS","M","$","?","M","M","R","M","?","T","R","M","?","R","M","R","BOSS","M","$","?","?","?","E","R","?","T","?","M","?","M","M","R","BOSS"],"build_version":"2019-01-23","purchased_purges":2,"victory":true,"max_hp_per_floor":[70,70,70,80,80,87,87,87,87,87,87,87,87,87,87,87,87,87,87,87,87,87,87,87,87,87,87,87,87,87,87,87,87,87,87,87,87,87,87,87,87,87,87,83,83,83,83,83,83,83],"card_choices":[{"not_picked":["Underhanded Strike","Acrobatics"],"picked":"Caltrops","floor":1},{"not_picked":["Tactician","Riddle With Holes"],"picked":"Noxious Fumes","floor":6},{"not_picked":["Sucker Punch","PiercingWail"],"picked":"Heel Hook","floor":8},{"not_picked":["Deflect","Outmaneuver"],"picked":"Dodge and Roll","floor":12},{"not_picked":["Deadly Poison","Poisoned Stab"],"picked":"Heel Hook","floor":14},{"not_picked":["Burst","Malaise"],"picked":"Wraith Form v2","floor":16},{"not_picked":["Caltrops+1","Blade Dance"],"picked":"Dagger Spray+1","floor":18},{"not_picked":["Slice+1","Finisher"],"picked":"Leg Sweep","floor":21},{"not_picked":["Underhanded Strike","Outmaneuver"],"picked":"Dagger Spray","floor":22},{"not_picked":["Acrobatics","Outmaneuver+1"],"picked":"Poisoned Stab","floor":24},{"not_picked":["Underhanded Strike","PiercingWail"],"picked":"Prepared","floor":28},{"not_picked":["Caltrops","Leg Sweep"],"picked":"Endless Agony+1","floor":29},{"not_picked":["Expertise","Distraction"],"picked":"Doppelganger","floor":30},{"not_picked":["Flechettes","Deflect","Terror"],"picked":"SKIP","floor":31},{"not_picked":["Doppelganger","Phantasmal Killer"],"picked":"After Image","floor":33},{"not_picked":["Quick Slash","Terror+1"],"picked":"Dagger Throw+1","floor":35},{"not_picked":["Deadly Poison","PiercingWail+1"],"picked":"Terror+1","floor":39},{"not_picked":["Reflex","Poisoned Stab","Underhanded Strike"],"picked":"SKIP","floor":40},{"not_picked":["Deadly Poison","Backflip"],"picked":"Heel Hook","floor":42},{"not_picked":["Dagger Spray+1","Prepared","Dash"],"picked":"Dodge and Roll+1","floor":45},{"not_picked":["Underhanded Strike+1","Poisoned Stab","Expertise"],"picked":"Dagger Throw","floor":47},{"not_picked":["Backflip+1","Blade Dance+1","Finisher+1"],"picked":"Adrenaline","floor":48},{"not_picked":["Sucker Punch","Quick Slash","Bouncing Flask"],"picked":"Predator+1","floor":49}],"player_experience":4917,"relics_obtained":[{"floor":6,"key":"Strawberry"},{"floor":9,"key":"Happy Flower"},{"floor":12,"key":"Shuriken"},{"floor":26,"key":"Gremlin Horn"},{"floor":39,"key":"FossilizedHelix"},{"floor":40,"key":"Kunai"},{"floor":43,"key":"Question Card"}],"event_choices":[{"damage_healed":0,"gold_gain":75,"player_choice":"Gather Gold","damage_taken":11,"max_hp_gain":0,"max_hp_loss":0,"event_name":"World of Goop","floor":2,"gold_loss":0},{"damage_healed":17,"gold_gain":0,"player_choice":"Healed","damage_taken":0,"max_hp_gain":0,"max_hp_loss":0,"event_name":"The Cleric","floor":3,"gold_loss":35},{"damage_healed":0,"gold_gain":0,"player_choice":"Box","damage_taken":0,"relics_obtained":["Pear"],"max_hp_gain":0,"max_hp_loss":0,"event_name":"Big Fish","floor":4,"gold_loss":0,"cards_obtained":["Regret"]},{"damage_healed":0,"gold_gain":0,"cards_transformed":["Strike_G"],"player_choice":"Change","damage_taken":0,"max_hp_gain":0,"max_hp_loss":0,"event_name":"Living Wall","floor":5,"gold_loss":0,"cards_obtained":["Reflex"]},{"cards_removed":["Reflex"],"damage_healed":0,"gold_gain":0,"player_choice":"Card Removal","damage_taken":7,"max_hp_gain":0,"max_hp_loss":0,"event_name":"Golden Wing","floor":13,"gold_loss":0},{"damage_healed":0,"gold_gain":0,"player_choice":"Joined the Cult","damage_taken":6,"max_hp_gain":0,"max_hp_loss":0,"event_name":"Nest","floor":20,"gold_loss":0,"cards_obtained":["RitualDagger"]},{"damage_healed":0,"gold_gain":0,"player_choice":"Rummage","damage_taken":0,"relics_obtained":["WarpedTongs"],"max_hp_gain":0,"max_hp_loss":0,"event_name":"Accursed Blacksmith","floor":25,"gold_loss":0,"cards_obtained":["Pain"]},{"damage_healed":0,"gold_gain":0,"player_choice":"Trade","damage_taken":0,"relics_obtained":["GremlinMask"],"max_hp_gain":0,"max_hp_loss":0,"event_name":"FaceTrader","floor":37,"gold_loss":0},{"damage_healed":0,"gold_gain":0,"player_choice":"Fight","damage_taken":0,"max_hp_gain":0,"max_hp_loss":0,"event_name":"MindBloom","floor":39,"gold_loss":0},{"damage_healed":0,"gold_gain":0,"player_choice":"Max HP","damage_taken":0,"max_hp_gain":0,"max_hp_loss":4,"event_name":"Winding Halls","floor":44,"gold_loss":0},{"damage_healed":0,"gold_gain":0,"player_choice":"Paid","damage_taken":0,"relics_obtained":["Red Mask"],"max_hp_gain":0,"max_hp_loss":0,"event_name":"Tomb of Lord Red Mask","floor":46,"gold_loss":6}],"is_beta":false,"boss_relics":[{"not_picked":["Tiny House","Lizard Tail"],"picked":"Ectoplasm"},{"not_picked":["HoveringKite","Runic Dome"],"picked":"Ring of the Serpent"}],"items_purged_floors":[10,36],"is_endless":false,"potions_floor_spawned":[12,14,24,28,29,39,40],"ascension_level":0}