{"gold_per_floor":[118,137,153,153,153,188,188,188,211,211,4,35,53,86,86,86],"floor_reached":16,"playtime":819,"items_purged":[],"score":155,"play_id":"dd12a43c-2991-46e4-be23-0f87952abbe2","local_time":"20190217172107","is_ascension_mode":true,"campfire_choices":[{"floor":8,"key":"REST"},{"data":"Whirlwind","floor":10,"key":"SMITH"},{"data":"Pommel Strike","floor":15,"key":"SMITH"}],"neow_cost":"PERCENT_DAMAGE","seed_source_timestamp":862441960329479,"circlet_count":0,"master_deck":["Strike_R+1","Strike_R","Strike_R","Strike_R","Strike_R","Defend_R","Defend_R","Defend_R+1","Defend_R","Bash","Iron Wave","Intimidate","Whirlwind+1","Regret","Armaments","Thunderclap","Pommel Strike+1"],"relics":["Burning Blood","Vajra","Self Forming Clay","Membership Card","Sundial","Bag of Preparation"],"potions_floor_usage":[6,14,16],"damage_taken":[{"damage":1,"enemies":"Cultist","floor":1,"turns":3},{"damage":3,"enemies":"Small Slimes","floor":2,"turns":4},{"damage":7,"enemies":"Jaw Worm","floor":3,"turns":4},{"damage":47,"enemies":"3 Sentries","floor":6,"turns":8},{"damage":30,"enemies":"Gremlin Nob","floor":12,"turns":4},{"damage":12,"enemies":"3 Louse","floor":13,"turns":4},{"damage":9,"enemies":"3 Sentries","floor":14,"turns":5},{"damage":29,"enemies":"Slime Boss","floor":16,"turns":4}],"seed_played":"-1584767677060331750","potions_obtained":[{"floor":2,"key":"SneckoOil"},{"floor":6,"key":"Poison Potion"},{"floor":12,"key":"SkillPotion"},{"floor":14,"key":"FearPotion"}],"is_trial":false,"path_per_floor":["M","M","M","?","?","E","?","R","T","R","$","E","M","E","R","B"],"character_chosen":"IRONCLAD","items_purchased":["Membership Card","Armaments"],"campfire_rested":1,"item_purchase_floors":[11,11],"current_hp_per_floor":[77,80,79,79,60,19,19,47,47,47,47,23,17,14,14,0],"gold":86,"neow_bonus":"TWENTY_PERCENT_HP_BONUS","is_prod":false,"is_daily":false,"chose_seed":false,"campfire_upgraded":2,"win_rate":0,"timestamp":1550442067,"path_taken":["M","?","M","?","?","E","?","R","T","R","$","E","M","E","R","BOSS"],"build_version":"2019-01-23","purchased_purges":0,"victory":false,"max_hp_per_floor":[96,96,96,96,96,96,96,96,96,96,96,96,96,96,96,96],"card_choices":[{"not_picked":["Sword Boomerang","Anger"],"picked":"Iron Wave","floor":1},{"not_picked":["Infernal Blade","Flame Barrier"],"picked":"Intimidate","floor":2},{"not_picked":["Flex","Sever Soul"],"picked":"Whirlwind","floor":3},{"not_picked":["Sword Boomerang","Wild Strike","Anger"],"picked":"SKIP","floor":6},{"not_picked":["Entrench","Twin Strike"],"picked":"Thunderclap","floor":12},{"not_picked":["True Grit","Perfected Strike","Sword Boomerang"],"picked":"SKIP","floor":13},{"not_picked":["Fire Breathing","Iron Wave"],"picked":"Pommel Strike","floor":14}],"player_experience":128482,"relics_obtained":[{"floor":6,"key":"Self Forming Clay"},{"floor":12,"key":"Sundial"},{"floor":14,"key":"Bag of Preparation"}],"event_choices":[{"damage_healed":0,"gold_gain":0,"player_choice":"Box","damage_taken":0,"relics_obtained":["Vajra"],"max_hp_gain":0,"max_hp_loss":0,"event_name":"Big Fish","floor":4,"gold_loss":0,"cards_obtained":["Regret"]},{"damage_healed":0,"gold_gain":0,"player_choice":"Entered Light","damage_taken":19,"max_hp_gain":0,"max_hp_loss":0,"event_name":"Shining Light","floor":5,"gold_loss":0,"cards_upgraded":["Defend_R","Strike_R"]},{"damage_healed":0,"gold_gain":0,"player_choice":"Ignored","damage_taken":0,"max_hp_gain":0,"max_hp_loss":0,"event_name":"Liars Game","floor":7,"gold_loss":0}],"is_beta":false,"boss_relics":[],"items_purged_floors":[],"is_endless":false,"potions_floor_spawned":[2,6,12,14],"killed_by":"Slime Boss","ascension_level":2}