{"gold_per_floor":[117,8,8,8,8,35,35,68,114,114,144,156,168,195,207,324,336,365,393,21,32,32,62,62],"floor_reached":24,"playtime":1129,"items_purged":["Strike_G","Strike_G"],"score":403,"play_id":"f70dd66f-792d-4a13-89b2-316cb04c60a3","local_time":"20190601214043","is_ascension_mode":true,"campfire_choices":[{"data":"Noxious Fumes","floor":7,"key":"SMITH"},{"data":"Neutralize","floor":10,"key":"SMITH"},{"data":"Crippling Poison","floor":13,"key":"SMITH"},{"data":"Caltrops","floor":15,"key":"SMITH"}],"neow_cost":"NONE","seed_source_timestamp":13110674316300,"circlet_count":0,"master_deck":["Defend_G","Defend_G","Defend_G","Defend_G","Defend_G","Survivor","Neutralize+1","Dagger Spray","Caltrops+1","Noxious Fumes+1","Catalyst","Crippling Poison+1","A Thousand Cuts","Predator+1","Deflect","Infinite Blades","PiercingWail","Bite","Bite","Bite","Bite","Bite","Backstab"],"relics":["Ring of the Snake","NeowsBlessing","Meat on the Bone","Mummified Hand","Dream Catcher","StoneCalendar","Regal Pillow","MawBank","Kunai","Black Star","Medical Kit","Calipers","Orichalcum"],"potions_floor_usage":[],"damage_taken":[{"damage":0,"enemies":"Jaw Worm","floor":1,"turns":1},{"damage":0,"enemies":"Lagavulin","floor":6,"turns":1},{"damage":0,"enemies":"Gremlin Nob","floor":8,"turns":1},{"damage":19,"enemies":"3 Sentries","floor":11,"turns":6},{"damage":0,"enemies":"Small Slimes","floor":14,"turns":3},{"damage":29,"enemies":"The Guardian","floor":16,"turns":8},{"damage":26,"enemies":"Spheric Guardian","floor":18,"turns":6},{"damage":0,"enemies":"3 Byrds","floor":19,"turns":3},{"damage":33,"enemies":"Sentry and Sphere","floor":21,"turns":6},{"damage":31,"enemies":"Book of Stabbing","floor":23,"turns":6},{"damage":23,"enemies":"Cultist and Chosen","floor":24,"turns":4}],"seed_played":"8939301049505007385","potions_obtained":[{"floor":6,"key":"Energy Potion"},{"floor":18,"key":"PowerPotion"},{"floor":21,"key":"PowerPotion"}],"is_trial":false,"path_per_floor":["M","$","?","?","T","E","R","E","T","R","E","?","R","M","R","B",null,"M","M","$","M","?","E","M"],"character_chosen":"THE_SILENT","items_purchased":["Caltrops","Infinite Blades","Medical Kit"],"campfire_rested":0,"item_purchase_floors":[2,20,20],"current_hp_per_floor":[63,63,63,56,56,56,56,56,56,56,37,37,37,37,37,20,58,44,44,44,23,23,16,0],"gold":62,"neow_bonus":"THREE_ENEMY_KILL","is_prod":false,"is_daily":false,"chose_seed":false,"campfire_upgraded":4,"win_rate":0,"timestamp":1559405443,"path_taken":["M","$","?","?","?","E","R","E","T","R","E","?","R","M","R","BOSS","M","?","$","M","?","E","M"],"build_version":"2019-01-23","purchased_purges":2,"victory":false,"max_hp_per_floor":[70,70,70,70,70,70,70,70,70,70,70,70,70,70,70,70,70,70,70,70,70,49,49,49],"card_choices":[{"not_picked":["Deflect","Prepared"],"picked":"Dagger Spray","floor":1},{"not_picked":["Prepared","Flechettes"],"picked":"Noxious Fumes","floor":6},{"not_picked":["Distraction","Bane"],"picked":"Catalyst","floor":8},{"not_picked":["Tactician","Dagger Spray"],"picked":"Crippling Poison","floor":11},{"not_picked":["Endless Agony","Heel Hook","Dagger Spray"],"picked":"SKIP","floor":14},{"not_picked":["Adrenaline","Wraith Form v2"],"picked":"A Thousand Cuts","floor":16},{"not_picked":["All Out Attack+1","Underhanded Strike"],"picked":"Predator+1","floor":18},{"not_picked":["Accuracy","Sucker Punch+1"],"picked":"Deflect","floor":19},{"not_picked":["Dodge and Roll","Slice"],"picked":"PiercingWail","floor":21},{"not_picked":["Calculated Gamble","Dagger Throw"],"picked":"Backstab","floor":23}],"player_experience":254672,"relics_obtained":[{"floor":5,"key":"Mummified Hand"},{"floor":6,"key":"Dream Catcher"},{"floor":8,"key":"StoneCalendar"},{"floor":9,"key":"Regal Pillow"},{"floor":11,"key":"MawBank"},{"floor":23,"key":"Calipers"},{"floor":23,"key":"Orichalcum"}],"event_choices":[{"damage_healed":0,"gold_gain":0,"player_choice":"Leave","damage_taken":0,"max_hp_gain":0,"max_hp_loss":0,"event_name":"The Cleric","floor":3,"gold_loss":0},{"damage_healed":0,"gold_gain":0,"player_choice":"Success","damage_taken":7,"relics_obtained":["Meat on the Bone"],"max_hp_gain":0,"max_hp_loss":0,"event_name":"Scrap Ooze","floor":4,"gold_loss":0},{"damage_healed":0,"gold_gain":0,"player_choice":"Gave Potion","damage_taken":0,"relics_obtained":["Kunai"],"max_hp_gain":0,"max_hp_loss":0,"event_name":"WeMeetAgain","floor":12,"gold_loss":0},{"damage_healed":0,"gold_gain":0,"player_choice":"Became a vampire","damage_taken":0,"max_hp_gain":0,"max_hp_loss":21,"event_name":"Vampires","floor":22,"gold_loss":0,"cards_obtained":["Bite","Bite","Bite","Bite","Bite"]}],"is_beta":false,"boss_relics":[{"not_picked":["Busted Crown","Tiny House"],"picked":"Black Star"}],"items_purged_floors":[2,20],"is_endless":false,"potions_floor_spawned":[6,18,21],"killed_by":"Cultist and Chosen","ascension_level":7}