{"gold_per_floor":[113,113,126,126,126,126,156,170,238,238,269,284,284,284,284,357,357,373,363,73,86,106,106,116,116,116,116,129,146,14,34,34,107,107,123,135,135,48,68,68,68],"floor_reached":41,"playtime":2875,"items_purged":["Strike_G"],"score":729,"play_id":"ca5d66cd-7d2c-4a00-8c86-a2696430d25a","local_time":"20190529230043","is_ascension_mode":true,"campfire_choices":[{"data":"Neutralize","floor":6.0,"key":"SMITH"},{"floor":13.0,"key":"REST"},{"floor":15.0,"key":"REST"},{"floor":23.0,"key":"REST"},{"floor":25.0,"key":"REST"},{"floor":32.0,"key":"REST"},{"data":"Catalyst","floor":40,"key":"SMITH"}],"neow_cost":"NONE","seed_source_timestamp":0,"circlet_count":0,"master_deck":["AscendersBane","Defend_G","Defend_G","Defend_G","Defend_G","Defend_G","Strike_G","Strike_G","Survivor","Neutralize+1","Deadly Poison","Quick Slash","Cloak And Dagger","Riddle With Holes","Burst","Dagger Spray","Poisoned Stab","Footwork","Bane","Poisoned Stab","Backflip","Dash","Well Laid Plans","Bane","Dodge and Roll","Night Terror","Dagger Throw","Acrobatics+1","Bouncing Flask","Noxious Fumes","Catalyst+1"],"special_seed":0,"relics":["White Beast Statue","Anchor","Sundial","Mummified Hand","Velvet Choker","Toy Ornithopter","Meat on the Bone","Cursed Key"],"potions_floor_usage":[41,41],"damage_taken":[{"damage":3.0,"enemies":"Small Slimes","floor":1.0,"turns":4.0},{"damage":2.0,"enemies":"Jaw Worm","floor":3.0,"turns":4.0},{"damage":24.0,"enemies":"3 Sentries","floor":7.0,"turns":12.0},{"damage":0.0,"enemies":"2 Louse","floor":8.0,"turns":3.0},{"damage":27.0,"enemies":"Gremlin Nob","floor":11.0,"turns":5.0},{"damage":0.0,"enemies":"2 Fungi Beasts","floor":12.0,"turns":5.0},{"damage":17.0,"enemies":"The Guardian","floor":16.0,"turns":15.0},{"damage":9.0,"enemies":"3 Byrds","floor":18.0,"turns":7.0},{"damage":0.0,"enemies":"2 Thieves","floor":19.0,"turns":4.0},{"damage":30.0,"enemies":"Cultist and Chosen","floor":21.0,"turns":6.0},{"damage":24.0,"enemies":"Snake Plant","floor":22.0,"turns":5.0},{"damage":9.0,"enemies":"Chosen and Byrds","floor":24.0,"turns":5.0},{"damage":41.0,"enemies":"3 Cultists","floor":28.0,"turns":7.0},{"damage":9.0,"enemies":"Centurion and Healer","floor":29.0,"turns":7.0},{"damage":8.0,"enemies":"Cultist and Chosen","floor":31.0,"turns":8.0},{"damage":65.0,"enemies":"Automaton","floor":33.0,"turns":15.0},{"damage":5.0,"enemies":"Orb Walker","floor":35.0,"turns":5.0},{"damage":19.0,"enemies":"3 Darklings","floor":36.0,"turns":8.0},{"damage":16.0,"enemies":"Jaw Worm Horde","floor":39.0,"turns":6.0},{"damage":58,"enemies":"Reptomancer","floor":41,"turns":4}],"seed_played":"1161386689225088729","potions_obtained":[{"floor":1.0,"key":"Poison Potion"},{"floor":3.0,"key":"Swift Potion"},{"floor":7.0,"key":"SkillPotion"},{"floor":8.0,"key":"SneckoOil"},{"floor":11.0,"key":"Dexterity Potion"},{"floor":12.0,"key":"Dexterity Potion"},{"floor":16.0,"key":"AttackPotion"},{"floor":18.0,"key":"Block Potion"},{"floor":19.0,"key":"AttackPotion"},{"floor":21.0,"key":"Fire Potion"},{"floor":22.0,"key":"Poison Potion"},{"floor":24.0,"key":"Regen Potion"},{"floor":28.0,"key":"Weak Potion"},{"floor":29.0,"key":"Weak Potion"},{"floor":31.0,"key":"Dexterity Potion"},{"floor":33.0,"key":"Dexterity Potion"},{"floor":35.0,"key":"Swift Potion"},{"floor":36.0,"key":"PowerPotion"},{"floor":39,"key":"EssenceOfSteel"}],"is_trial":false,"path_per_floor":["M","?","M","?","?","R","E","M","T","?","E","M","R","?","R","B",null,"M","M","$","M","M","R","M","R","T","?","M","M","$","M","R","B",null,"M","M","?","$","M","R","E"],"character_chosen":"THE_SILENT","items_purchased":["Toy Ornithopter","Footwork","Bane","Noxious Fumes"],"campfire_rested":5,"item_purchase_floors":[20,20,30,38],"current_hp_per_floor":[56,56,54,59,52,52,28,28,28,28,1,1,22,12,33,16,57,48,48,48,23,4,25,21,42,42,42,33,41,41,45,66,23,59,54,40,40,40,41,41,0],"gold":68,"neow_bonus":"BOSS_RELIC","is_prod":false,"is_daily":false,"chose_seed":false,"campfire_upgraded":2,"win_rate":0,"timestamp":1559196043,"path_taken":["M","?","M","?","?","R","E","M","T","?","E","?","R","?","R","BOSS","M","M","$","M","?","R","M","R","T","?","M","M","$","M","R","BOSS","M","M","?","$","?","R","E"],"build_version":"2019-01-23","purchased_purges":1,"victory":false,"max_hp_per_floor":[66,66,66,71,71,71,71,71,71,71,71,71,71,71,71,71,71,71,71,71,71,71,71,71,71,71,71,71,71,71,71,71,71,71,71,71,71,71,71,71,71],"card_choices":[{"not_picked":["Sucker Punch","Slice"],"picked":"Deadly Poison","floor":1.0},{"not_picked":["Deadly Poison","Eviscerate"],"picked":"Quick Slash","floor":3.0},{"not_picked":["Bouncing Flask","Catalyst"],"picked":"Cloak And Dagger","floor":7.0},{"not_picked":["Acrobatics","Accuracy","Setup"],"picked":"SKIP","floor":8.0},{"not_picked":["Blade Dance","Concentrate"],"picked":"Riddle With Holes","floor":11.0},{"not_picked":["Masterful Stab","Wraith Form v2","Concentrate"],"picked":"SKIP","floor":12.0},{"not_picked":["Storm of Steel","Tools of the Trade"],"picked":"Burst","floor":16.0},{"not_picked":["Dagger Throw","Outmaneuver"],"picked":"Dagger Spray","floor":18.0},{"not_picked":["Slice","Sucker Punch"],"picked":"Poisoned Stab","floor":19.0},{"not_picked":["Acrobatics","Dagger Throw"],"picked":"Bane","floor":21.0},{"not_picked":["Slice+1","Blade Dance"],"picked":"Poisoned Stab","floor":22.0},{"not_picked":["Outmaneuver","Acrobatics"],"picked":"Backflip","floor":24.0},{"not_picked":["Deadly Poison","Slice"],"picked":"Dash","floor":28.0},{"not_picked":["Venomology","Deadly Poison"],"picked":"Well Laid Plans","floor":29.0},{"not_picked":["Outmaneuver","Bane"],"picked":"Dodge and Roll","floor":31.0},{"not_picked":["A Thousand Cuts","Wraith Form v2"],"picked":"Night Terror","floor":33.0},{"not_picked":["Cloak And Dagger+1","Dagger Throw","Outmaneuver"],"picked":"SKIP","floor":35.0},{"not_picked":["Cloak And Dagger+1","Outmaneuver"],"picked":"Dagger Throw","floor":35.0},{"not_picked":["Expertise","Endless Agony"],"picked":"Acrobatics+1","floor":36.0},{"not_picked":["Underhanded Strike","Flying Knee"],"picked":"Catalyst","floor":39}],"player_experience":500762,"relics_obtained":[{"floor":7.0,"key":"Anchor"},{"floor":9.0,"key":"Sundial"},{"floor":11.0,"key":"Mummified Hand"},{"floor":26.0,"key":"Meat on the Bone"}],"event_choices":[{"damage_healed":0.0,"max_hp_gain":0.0,"max_hp_loss":0.0,"gold_gain":0.0,"event_name":"Scrap Ooze","player_choice":"Fled","floor":2.0,"gold_loss":0.0,"damage_taken":0.0},{"damage_healed":0.0,"max_hp_gain":5.0,"max_hp_loss":0.0,"gold_gain":0.0,"event_name":"Big Fish","player_choice":"Donut","floor":4.0,"gold_loss":0.0,"damage_taken":0.0},{"cards_removed":["Strike_G"],"damage_healed":0.0,"max_hp_gain":0.0,"max_hp_loss":0.0,"gold_gain":0.0,"event_name":"Golden Wing","player_choice":"Card Removal","floor":5.0,"gold_loss":0.0,"damage_taken":7.0},{"damage_healed":0.0,"max_hp_gain":0.0,"max_hp_loss":0.0,"gold_gain":0.0,"event_name":"Shining Light","player_choice":"Ignored","floor":10.0,"gold_loss":0.0,"damage_taken":0.0},{"damage_healed":0.0,"max_hp_gain":0.0,"max_hp_loss":0.0,"gold_gain":0.0,"event_name":"Wheel of Change","player_choice":"Damaged","floor":14.0,"gold_loss":0.0,"damage_taken":10.0},{"damage_healed":0.0,"max_hp_gain":0.0,"max_hp_loss":0.0,"gold_gain":0.0,"event_name":"Ghosts","player_choice":"Ignored","floor":27.0,"gold_loss":0.0,"damage_taken":0.0},{"damage_healed":0.0,"max_hp_gain":0.0,"max_hp_loss":0.0,"gold_gain":0.0,"cards_transformed":["Strike_G"],"event_name":"Transmorgrifier","player_choice":"Transformed","floor":37.0,"gold_loss":0.0,"damage_taken":0.0,"cards_obtained":["Bouncing Flask"]}],"is_beta":false,"boss_relics":[{"not_picked":["Empty Cage","HoveringKite"],"picked":"Velvet Choker"},{"not_picked":["Tiny House","Calling Bell"],"picked":"Cursed Key"}],"items_purged_floors":[30],"is_endless":false,"potions_floor_spawned":[1,3,7,8,11,12,16,18,19,21,22,24,28,29,31,33,35,36,39],"killed_by":"Reptomancer","ascension_level":16}