{"gold_per_floor":[114,132,132,132,152,152,152,152,152,166,166,199,215,215,215,312,312,312,312,312,312,222,222,222,45,45,45,45,45,45,45,45,45,45,45,45,45,45,45,45,45,45,45,45,45,45,45,45,45,45],"floor_reached":50,"playtime":1767,"items_purged":[],"score":747,"play_id":"1b9f2dc8-de26-4959-b502-6b2eb1456c92","local_time":"20190312043532","is_ascension_mode":true,"campfire_choices":[{"floor":6,"key":"REST"},{"data":"Neutralize","floor":8,"key":"SMITH"},{"data":"Catalyst","floor":11,"key":"SMITH"},{"floor":15,"key":"REST"},{"floor":23,"key":"REST"},{"floor":27,"key":"REST"},{"data":"Strike_G","floor":32,"key":"PURGE"},{"floor":40,"key":"REST"},{"data":"Strike_G","floor":47,"key":"PURGE"},{"floor":49,"key":"REST"}],"neow_cost":"NONE","seed_source_timestamp":494028018609227,"circlet_count":0,"master_deck":["Defend_G+1","Defend_G","Defend_G","Defend_G","Defend_G+1","Strike_G","Strike_G","Strike_G+1","Survivor","Neutralize+1","Poisoned Stab+1","Deadly Poison","Catalyst+1","Doppelganger","Well Laid Plans","Envenom","RitualDagger","Catalyst+1","Crippling Poison","Corpse Explosion","Madness","Madness","Chrysalis","Caltrops","Parasite"],"relics":["Ring of the Snake","Peace Pipe","Smiling Mask","Bronze Scales","Ectoplasm","Matryoshka","War Paint","Lantern","Strawberry","Gremlin Horn","Busted Crown","Art of War","Pear"],"potions_floor_usage":[16,24,28,33,39,48],"damage_taken":[{"damage":4,"enemies":"Small Slimes","floor":1,"turns":4},{"damage":0,"enemies":"Jaw Worm","floor":2,"turns":5},{"damage":0,"enemies":"2 Louse","floor":5,"turns":3},{"damage":4,"enemies":"Blue Slaver","floor":10,"turns":3},{"damage":32,"enemies":"Lagavulin","floor":12,"turns":7},{"damage":14,"enemies":"Exordium Wildlife","floor":13,"turns":5},{"damage":5,"enemies":"Hexaghost","floor":16,"turns":9},{"damage":7,"enemies":"Chosen","floor":18,"turns":3},{"damage":36,"enemies":"2 Thieves","floor":22,"turns":5},{"damage":35,"enemies":"Gremlin Leader","floor":24,"turns":6},{"damage":0,"enemies":"Slavers","floor":28,"turns":1},{"damage":0,"enemies":"Snake Plant","floor":29,"turns":2},{"damage":0,"enemies":"Champ","floor":33,"turns":6},{"damage":1,"enemies":"3 Darklings","floor":35,"turns":2},{"damage":4,"enemies":"Orb Walker","floor":38,"turns":3},{"damage":24,"enemies":"Sphere and 2 Shapes","floor":39,"turns":5},{"damage":24,"enemies":"Maw","floor":41,"turns":5},{"damage":9,"enemies":"4 Shapes","floor":42,"turns":5},{"damage":16,"enemies":"Writhing Mass","floor":45,"turns":7},{"damage":22,"enemies":"Jaw Worm Horde","floor":48,"turns":2},{"damage":41,"enemies":"Donu and Deca","floor":50,"turns":2}],"seed_played":"-7941061385650272458","potions_obtained":[{"floor":10,"key":"SteroidPotion"},{"floor":12,"key":"GhostInAJar"},{"floor":13,"key":"SkillPotion"},{"floor":18,"key":"GamblersBrew"},{"floor":22,"key":"PowerPotion"},{"floor":24,"key":"SkillPotion"},{"floor":35,"key":"SteroidPotion"},{"floor":41,"key":"SpeedPotion"},{"floor":48,"key":"Fire Potion"}],"is_trial":false,"path_per_floor":["M","M","?","?","M","R","?","R","T","M","R","E","M","?","R","B",null,"M","?","?","?","M","R","E","$","T","R","E","M","T","?","R","B",null,"M","?","?","M","M","R","M","M","T","T","M","$","R","M","R","B"],"character_chosen":"THE_SILENT","items_purchased":["GhostInAJar","SmokeBomb"],"campfire_rested":6,"item_purchase_floors":[25,25],"current_hp_per_floor":[66,66,51,44,44,67,67,67,67,63,63,31,17,17,40,35,67,60,60,54,54,18,41,6,6,6,29,29,29,36,64,64,64,79,78,67,67,63,39,64,40,31,31,41,25,25,25,3,31,0],"gold":45,"neow_bonus":"TEN_PERCENT_HP_BONUS","is_prod":false,"is_daily":false,"chose_seed":false,"campfire_upgraded":2,"win_rate":0,"timestamp":1552390532,"path_taken":["M","M","?","?","?","R","?","R","T","M","R","E","M","?","R","BOSS","M","?","?","?","M","R","E","$","T","R","E","?","?","?","R","BOSS","M","?","?","M","M","R","M","M","T","?","M","$","R","M","R","BOSS"],"build_version":"2019-01-23","purchased_purges":0,"victory":false,"max_hp_per_floor":[77,77,77,77,77,77,77,77,77,77,77,77,77,77,77,77,77,77,77,77,77,77,77,77,77,77,77,77,77,84,84,84,84,84,84,84,84,84,84,84,84,84,84,94,94,94,94,94,94,94],"card_choices":[{"not_picked":["Dagger Spray","Sucker Punch"],"picked":"Poisoned Stab","floor":1},{"not_picked":["Outmaneuver","Flechettes"],"picked":"Deadly Poison","floor":2},{"not_picked":["Heel Hook","Dagger Throw"],"picked":"Catalyst","floor":5},{"not_picked":["Cloak And Dagger","Acrobatics","Riddle With Holes"],"picked":"SKIP","floor":10},{"not_picked":["Quick Slash","Underhanded Strike"],"picked":"Doppelganger","floor":12},{"not_picked":["Finisher","Outmaneuver"],"picked":"Well Laid Plans","floor":13},{"not_picked":["After Image","Unload"],"picked":"Envenom","floor":16},{"not_picked":["Heel Hook","Bouncing Flask","Prepared"],"picked":"SKIP","floor":18},{"not_picked":["Expertise","Flechettes"],"picked":"Catalyst","floor":22},{"not_picked":["Prepared+1","Dagger Spray","Terror"],"picked":"SKIP","floor":24},{"not_picked":["Outmaneuver+1","Blade Dance"],"picked":"Crippling Poison","floor":29},{"not_picked":["After Image","Storm of Steel"],"picked":"Corpse Explosion","floor":33},{"not_picked":["Deflect"],"picked":"SKIP","floor":35},{"not_picked":[],"picked":"Chrysalis","floor":37},{"not_picked":["Well Laid Plans"],"picked":"SKIP","floor":38},{"not_picked":["Backflip"],"picked":"SKIP","floor":39},{"not_picked":["Prepared+1"],"picked":"SKIP","floor":41},{"not_picked":[],"picked":"Caltrops","floor":42},{"not_picked":["Blur"],"picked":"SKIP","floor":45},{"not_picked":["Dagger Throw"],"picked":"SKIP","floor":48}],"player_experience":697831,"relics_obtained":[{"floor":9,"key":"Smiling Mask"},{"floor":12,"key":"Bronze Scales"},{"floor":24,"key":"Matryoshka"},{"floor":26,"key":"War Paint"},{"floor":26,"key":"Lantern"},{"floor":30,"key":"Strawberry"},{"floor":30,"key":"Gremlin Horn"},{"floor":43,"key":"Art of War"},{"floor":44,"key":"Pear"}],"event_choices":[{"damage_healed":0,"gold_gain":0,"player_choice":"Entered Light","damage_taken":15,"max_hp_gain":0,"max_hp_loss":0,"event_name":"Shining Light","floor":3,"gold_loss":0,"cards_upgraded":["Strike_G","Defend_G"]},{"damage_healed":0,"gold_gain":0,"player_choice":"Success","damage_taken":7,"relics_obtained":["Peace Pipe"],"max_hp_gain":0,"max_hp_loss":0,"event_name":"Scrap Ooze","floor":4,"gold_loss":0},{"damage_healed":0,"gold_gain":0,"player_choice":"Ignored","damage_taken":0,"max_hp_gain":0,"max_hp_loss":0,"event_name":"Golden Wing","floor":7,"gold_loss":0},{"damage_healed":0,"gold_gain":0,"player_choice":"Grow","damage_taken":0,"max_hp_gain":0,"max_hp_loss":0,"event_name":"Living Wall","floor":14,"gold_loss":0,"cards_upgraded":["Poisoned Stab"]},{"damage_healed":0,"gold_gain":0,"player_choice":"Ignored","damage_taken":0,"max_hp_gain":0,"max_hp_loss":0,"event_name":"Ghosts","floor":19,"gold_loss":0},{"damage_healed":0,"gold_gain":0,"player_choice":"Joined the Cult","damage_taken":6,"max_hp_gain":0,"max_hp_loss":0,"event_name":"Nest","floor":20,"gold_loss":0,"cards_obtained":["RitualDagger"]},{"damage_healed":0,"gold_gain":0,"player_choice":"Ignored","damage_taken":0,"max_hp_gain":0,"max_hp_loss":0,"event_name":"Beggar","floor":21,"gold_loss":0},{"damage_healed":28,"gold_gain":0,"player_choice":"Heal","damage_taken":0,"max_hp_gain":0,"max_hp_loss":0,"event_name":"The Library","floor":31,"gold_loss":0},{"damage_healed":0,"gold_gain":0,"player_choice":"Embrace Madness","damage_taken":11,"max_hp_gain":0,"max_hp_loss":0,"event_name":"Winding Halls","floor":36,"gold_loss":0,"cards_obtained":["Madness","Madness"]},{"damage_healed":0,"gold_gain":0,"player_choice":"Memory 1","damage_taken":0,"max_hp_gain":0,"max_hp_loss":0,"event_name":"SensoryStone","floor":37,"gold_loss":0}],"is_beta":false,"boss_relics":[{"not_picked":["Orrery","Coffee Dripper"],"picked":"Ectoplasm"},{"not_picked":["Pandora\u0027s Box","Tiny House"],"picked":"Busted Crown"}],"items_purged_floors":[],"is_endless":false,"potions_floor_spawned":[10,12,13,18,22,24,35,41,48],"killed_by":"Donu and Deca","ascension_level":6}