{"gold_per_floor":[109,124,139,39,53,53,68,81,81,6,6,0,26,46,46,46],"floor_reached":16,"playtime":481,"items_purged":[],"score":135,"play_id":"85b92f91-32d6-48bc-b28d-dc5b761e5b3a","local_time":"20190331191137","is_ascension_mode":true,"campfire_choices":[{"data":"Noxious Fumes","floor":6,"key":"SMITH"},{"data":"Catalyst","floor":11,"key":"SMITH"},{"floor":15,"key":"REST"}],"neow_cost":"NONE","seed_source_timestamp":184832591996907,"circlet_count":0,"master_deck":["Defend_G","Defend_G","Defend_G","Defend_G","Defend_G","Strike_G","Strike_G","Strike_G","Strike_G","Strike_G","Survivor","Neutralize","Dagger Spray","Noxious Fumes+1","Crippling Poison","Quick Slash","Caltrops","PiercingWail","Skewer","Catalyst+1","Predator","Bane"],"relics":["Velvet Choker","Pear","Dodecahedron"],"potions_floor_usage":[8,13,16],"damage_taken":[{"damage":4,"enemies":"Small Slimes","floor":1,"turns":4},{"damage":1,"enemies":"Jaw Worm","floor":2,"turns":5},{"damage":2,"enemies":"2 Louse","floor":3,"turns":2},{"damage":6,"enemies":"Blue Slaver","floor":5,"turns":4},{"damage":13,"enemies":"Large Slime","floor":7,"turns":5},{"damage":9,"enemies":"Looter","floor":8,"turns":3},{"damage":10,"enemies":"3 Sentries","floor":13,"turns":6},{"damage":15,"enemies":"Gremlin Gang","floor":14,"turns":4},{"damage":0,"enemies":"Slime Boss","floor":16,"turns":3}],"seed_played":"8603395754350858748","potions_obtained":[{"floor":2,"key":"PowerPotion"},{"floor":7,"key":"Swift Potion"},{"floor":14,"key":"Weak Potion"}],"is_trial":false,"path_per_floor":["M","M","M","$","M","R","M","M","T","$","R","?","E","M","R","B"],"character_chosen":"THE_SILENT","items_purchased":["Quick Slash","Caltrops","Predator"],"campfire_rested":1,"item_purchase_floors":[4,4,10],"current_hp_per_floor":[59,58,56,56,50,50,37,28,38,38,38,38,28,13,37,37],"gold":46,"neow_bonus":"BOSS_RELIC","is_prod":false,"is_daily":false,"chose_seed":false,"campfire_upgraded":2,"win_rate":0,"timestamp":1554030697,"path_taken":["M","M","M","$","M","R","M","M","T","$","R","?","E","M","R","BOSS"],"build_version":"2019-01-23","purchased_purges":0,"victory":false,"max_hp_per_floor":[70,70,70,70,70,70,70,70,80,80,80,80,80,80,80,80],"card_choices":[{"not_picked":["Outmaneuver","Poisoned Stab"],"picked":"Dagger Spray","floor":1},{"not_picked":["Outmaneuver","Distraction"],"picked":"Noxious Fumes","floor":2},{"not_picked":["Slice","PiercingWail"],"picked":"Crippling Poison","floor":3},{"not_picked":["Outmaneuver","Distraction"],"picked":"PiercingWail","floor":5},{"not_picked":["Calculated Gamble","Masterful Stab"],"picked":"Skewer","floor":7},{"not_picked":["Dagger Throw","Storm of Steel"],"picked":"Catalyst","floor":8},{"not_picked":["Noxious Fumes","Eviscerate"],"picked":"Bane","floor":13},{"not_picked":["Dagger Spray","Blade Dance","Prepared"],"picked":"SKIP","floor":14}],"player_experience":712143,"relics_obtained":[{"floor":9,"key":"Pear"},{"floor":13,"key":"Dodecahedron"}],"event_choices":[{"damage_healed":0,"gold_gain":0,"player_choice":"Left Gold","damage_taken":0,"max_hp_gain":0,"max_hp_loss":0,"event_name":"World of Goop","floor":12,"gold_loss":6}],"is_beta":false,"boss_relics":[],"items_purged_floors":[],"is_endless":false,"potions_floor_spawned":[2,7,14],"killed_by":"Slime Boss","ascension_level":6}