{"gold_per_floor":[111,111,121,134,22,52,52,83,142,180,192,215,150,160,160,160],"floor_reached":16,"playtime":973,"items_purged":["Pain"],"score":123,"play_id":"d01ee9b5-0247-4405-92e5-f9fd05171162","local_time":"20190309122421","is_ascension_mode":true,"campfire_choices":[{"floor":15,"key":"REST"}],"neow_cost":"NONE","seed_source_timestamp":0,"circlet_count":0,"master_deck":["Strike_R","Strike_R","Strike_R","Strike_R","Defend_R","Defend_R","Defend_R","Defend_R","Bash","Disarm","Metallicize","Shrug It Off","Rage","Headbutt","Metallicize","Juggernaut","Rampage"],"special_seed":0,"relics":["Burning Blood","NeowsBlessing","WarpedTongs","Paper Frog","MawBank","Happy Flower"],"potions_floor_usage":[14,16],"damage_taken":[{"damage":0.0,"enemies":"2 Louse","floor":1.0,"turns":1.0},{"damage":0.0,"enemies":"Cultist","floor":3.0,"turns":1.0},{"damage":3.0,"enemies":"Small Slimes","floor":4.0,"turns":2.0},{"damage":37.0,"enemies":"Gremlin Nob","floor":6.0,"turns":6.0},{"damage":9,"enemies":"Looter","floor":8,"turns":3},{"damage":19,"enemies":"Lagavulin","floor":10,"turns":6},{"damage":20,"enemies":"Lots of Slimes","floor":12,"turns":6},{"damage":11,"enemies":"3 Louse","floor":14,"turns":5},{"damage":32,"enemies":"Slime Boss","floor":16,"turns":5}],"seed_played":"8445915807758104152","potions_obtained":[{"floor":1.0,"key":"Strength Potion"},{"floor":6.0,"key":"Swift Potion"},{"floor":8,"key":"Ancient Potion"}],"is_trial":false,"path_per_floor":["M","?","M","M","$","E","?","M","T","E","?","M","$","M","R","B"],"character_chosen":"IRONCLAD","items_purchased":["Rage","Rampage"],"campfire_rested":1,"item_purchase_floors":[5,13],"current_hp_per_floor":[80,80,80,80,80,49,42,39,39,26,26,12,12,7,31,0],"gold":160,"neow_bonus":"THREE_ENEMY_KILL","is_prod":false,"is_daily":false,"chose_seed":false,"campfire_upgraded":0,"win_rate":0,"timestamp":1552152261,"path_taken":["M","?","?","M","$","E","?","M","T","E","?","M","$","M","R","BOSS"],"build_version":"2019-01-23","purchased_purges":1,"victory":false,"max_hp_per_floor":[80,80,80,80,80,80,80,80,80,80,80,80,80,80,80,80],"card_choices":[{"not_picked":["Iron Wave","Wild Strike"],"picked":"Disarm","floor":1.0},{"not_picked":["Warcry","Wild Strike"],"picked":"Metallicize","floor":3.0},{"not_picked":["Hemokinesis","Ghostly Armor"],"picked":"Shrug It Off","floor":4.0},{"not_picked":["Brutality","Fire Breathing"],"picked":"Headbutt","floor":6.0},{"not_picked":["Sword Boomerang","Pommel Strike"],"picked":"Metallicize","floor":8},{"not_picked":["Shrug It Off","Flex"],"picked":"Juggernaut","floor":10},{"not_picked":["Sever Soul","Wild Strike","Iron Wave"],"picked":"SKIP","floor":12},{"not_picked":["Hemokinesis","Iron Wave","True Grit"],"picked":"SKIP","floor":14}],"player_experience":163237,"relics_obtained":[{"floor":6.0,"key":"Paper Frog"},{"floor":10,"key":"Happy Flower"}],"event_choices":[{"damage_healed":0.0,"max_hp_gain":0.0,"max_hp_loss":0.0,"gold_gain":0.0,"event_name":"Accursed Blacksmith","player_choice":"Rummage","floor":2.0,"gold_loss":0.0,"damage_taken":0.0,"relics_obtained":["WarpedTongs"],"cards_obtained":["Pain"]},{"damage_healed":0,"gold_gain":0,"player_choice":"Success","damage_taken":7,"relics_obtained":["MawBank"],"max_hp_gain":0,"max_hp_loss":0,"event_name":"Scrap Ooze","floor":7,"gold_loss":0},{"cards_removed":["Strike_R"],"damage_healed":0,"gold_gain":0,"player_choice":"Purged","damage_taken":0,"max_hp_gain":0,"max_hp_loss":0,"event_name":"Purifier","floor":11,"gold_loss":0}],"is_beta":false,"boss_relics":[],"items_purged_floors":[5],"is_endless":false,"potions_floor_spawned":[1,6,8],"killed_by":"Slime Boss","ascension_level":2}