{"gold_per_floor":[116,66,76,76,87,87,116,116,189,189,189,200,200,235,235,307,307,307,182,182,182,182,182,182],"floor_reached":24,"playtime":1160,"items_purged":["Strike_B"],"score":340,"play_id":"8f6a9116-9471-4413-bce1-aaf6403cfd64","local_time":"20190209181816","is_ascension_mode":true,"campfire_choices":[{"data":"Zap","floor":6.0,"key":"SMITH"},{"data":"Lockon","floor":8.0,"key":"SMITH"},{"floor":15.0,"key":"REST"},{"floor":23.0,"key":"REST"}],"neow_cost":"CURSE","seed_source_timestamp":281758144503800,"circlet_count":0,"master_deck":["AscendersBane","Strike_B","Strike_B","Defend_B","Defend_B","Defend_B","Defend_B","Zap+1","Dualcast","Scrape","Gash","Glacier","Beam Cell","Lockon+1","Auto Shields","Capacitor","Core Surge","Self Repair","Defragment","Genetic Algorithm","Coolheaded+1","Leap","Loop","Steam"],"special_seed":0,"relics":["Cracked Core","Turnip","Smiling Mask","Sundial","Prayer Wheel","Peace Pipe","Ectoplasm"],"potions_floor_usage":[24],"damage_taken":[{"damage":0.0,"enemies":"Small Slimes","floor":1.0,"turns":2.0},{"damage":3.0,"enemies":"2 Louse","floor":3.0,"turns":3.0},{"damage":0.0,"enemies":"Cultist","floor":5.0,"turns":4.0},{"damage":1.0,"enemies":"3 Sentries","floor":7.0,"turns":8.0},{"damage":0.0,"enemies":"Large Slime","floor":12.0,"turns":4.0},{"damage":25.0,"enemies":"Gremlin Nob","floor":14.0,"turns":5.0},{"damage":47.0,"enemies":"Slime Boss","floor":16.0,"turns":16.0},{"damage":13.0,"enemies":"Shell Parasite","floor":18.0,"turns":7.0},{"damage":28.0,"enemies":"Spheric Guardian","floor":20.0,"turns":6.0},{"damage":19.0,"enemies":"Snake Plant","floor":21.0,"turns":6.0},{"damage":1.0,"enemies":"Centurion and Healer","floor":22.0,"turns":11.0},{"damage":53,"enemies":"Slavers","floor":24,"turns":5}],"seed_played":"2209881330347858301","potions_obtained":[{"floor":1.0,"key":"EssenceOfSteel"},{"floor":3.0,"key":"EssenceOfSteel"},{"floor":20.0,"key":"SteroidPotion"}],"is_trial":false,"path_per_floor":["M","?","M","?","M","R","E","R","T","?","?","M","?","E","R","B",null,"M","$","M","M","M","R","E"],"character_chosen":"DEFECT","items_purchased":["Defragment"],"campfire_rested":2,"item_purchase_floors":[19],"current_hp_per_floor":[68,68,65,65,65,65,64,64,64,69,62,62,59,34,58,11,63,50,50,29,17,23,47,0],"gold":182,"neow_bonus":"ONE_RARE_RELIC","is_prod":false,"is_daily":false,"chose_seed":false,"campfire_upgraded":2,"win_rate":0,"timestamp":1549754296,"path_taken":["M","?","M","?","?","R","E","R","T","?","?","M","?","E","R","BOSS","M","$","M","M","M","R","E"],"build_version":"2019-02-06","purchased_purges":1,"victory":false,"max_hp_per_floor":[75,75,75,75,75,75,75,75,75,80,80,80,80,80,80,80,80,80,80,80,80,80,80,80],"card_choices":[{"not_picked":["Turbo","Chaos"],"picked":"Scrape","floor":1.0},{"not_picked":["Coolheaded","Hologram"],"picked":"Gash","floor":3.0},{"not_picked":["White Noise","Steam Power"],"picked":"Beam Cell","floor":5.0},{"not_picked":["Gash","Hologram"],"picked":"Lockon","floor":7.0},{"not_picked":["Steam","Aggregate"],"picked":"Auto Shields","floor":12.0},{"not_picked":["Cold Snap","Hyperbeam"],"picked":"Capacitor","floor":14.0},{"not_picked":["Thunder Strike","Seek"],"picked":"Core Surge","floor":16.0},{"not_picked":["Sweeping Beam","Cold Snap"],"picked":"Self Repair","floor":18.0},{"not_picked":["Rebound","Conserve Battery","Turbo+1"],"picked":"SKIP","floor":18.0},{"not_picked":["Steam","Compile Driver"],"picked":"Genetic Algorithm","floor":20.0},{"not_picked":["Blizzard","Stack","Fusion"],"picked":"SKIP","floor":20.0},{"not_picked":["Reprogram","Cold Snap"],"picked":"Coolheaded+1","floor":21.0},{"not_picked":["Turbo","Streamline+1"],"picked":"Leap","floor":21.0},{"not_picked":["Beam Cell","Barrage"],"picked":"Loop","floor":22.0},{"not_picked":["Ball Lightning","All For One"],"picked":"Steam","floor":22.0}],"player_experience":606284,"relics_obtained":[{"floor":7.0,"key":"Smiling Mask"},{"floor":9.0,"key":"Sundial"},{"floor":14.0,"key":"Peace Pipe"}],"event_choices":[{"cards_removed":["Writhe"],"damage_healed":0.0,"max_hp_gain":0.0,"max_hp_loss":0.0,"gold_gain":0.0,"event_name":"The Cleric","player_choice":"Card Removal","floor":2.0,"gold_loss":50.0,"damage_taken":0.0},{"damage_healed":0.0,"max_hp_gain":0.0,"max_hp_loss":0.0,"gold_gain":0.0,"event_name":"Match and Keep!","player_choice":"1 cards matched","floor":4.0,"gold_loss":0.0,"damage_taken":0.0,"cards_obtained":["Glacier"]},{"damage_healed":0.0,"max_hp_gain":5.0,"max_hp_loss":0.0,"gold_gain":0.0,"event_name":"Big Fish","player_choice":"Donut","floor":10.0,"gold_loss":0.0,"damage_taken":0.0},{"cards_removed":["Strike_B"],"damage_healed":0.0,"max_hp_gain":0.0,"max_hp_loss":0.0,"gold_gain":0.0,"event_name":"Golden Wing","player_choice":"Card Removal","floor":11.0,"gold_loss":0.0,"damage_taken":7.0},{"damage_healed":0.0,"max_hp_gain":0.0,"max_hp_loss":0.0,"gold_gain":0.0,"event_name":"Scrap Ooze","player_choice":"Success","floor":13.0,"gold_loss":0.0,"damage_taken":3.0,"relics_obtained":["Prayer Wheel"]}],"is_beta":true,"boss_relics":[{"not_picked":["Empty Cage","Calling Bell"],"picked":"Ectoplasm"}],"items_purged_floors":[19],"is_endless":false,"potions_floor_spawned":[1,3,20],"killed_by":"Slavers","ascension_level":13}