{"gold_per_floor":[112,18,18,38,52,82,82,102,153,153,164,164,176,192,192,293,293,293,293,293,76,76,76,76,76,76,76,76,76,76,76,76,76],"floor_reached":33,"playtime":1521,"items_purged":["Strike_G"],"score":366,"play_id":"03b7dc7f-a580-43ec-b7d9-5291e3f1e147","local_time":"20190417193259","is_ascension_mode":true,"campfire_choices":[{"data":"Leg Sweep","floor":7,"key":"SMITH"},{"data":"Caltrops","floor":10,"key":"SMITH"},{"data":"Footwork","floor":12,"key":"SMITH"},{"floor":15,"key":"REST"},{"data":"A Thousand Cuts","floor":23,"key":"SMITH"},{"data":"Accuracy","floor":25,"key":"SMITH"},{"floor":32,"key":"REST"}],"neow_cost":"NONE","seed_source_timestamp":489992668920222,"circlet_count":0,"master_deck":["Defend_G","Defend_G","Defend_G","Defend_G","Defend_G","Strike_G","Strike_G","Strike_G","Strike_G","Survivor","Neutralize","Dagger Throw","Terror","Infinite Blades+1","Quick Slash","Leg Sweep+1","Prepared","Crippling Poison","Caltrops+1","Footwork+1","Dash","Accuracy+1","A Thousand Cuts+1","Blade Dance+1","Backstab+1","Accuracy","Bouncing Flask","Dodge and Roll+1","Cloak And Dagger+1"],"relics":["Ring of the Snake","Ninja Scroll","Snake Skull","Ectoplasm","Bottled Flame","Boot"],"potions_floor_usage":[11,16,18,28,30,30,30],"damage_taken":[{"damage":0,"enemies":"Small Slimes","floor":1,"turns":3},{"damage":0,"enemies":"Cultist","floor":4,"turns":3},{"damage":0,"enemies":"2 Louse","floor":5,"turns":4},{"damage":7,"enemies":"Lagavulin","floor":6,"turns":8},{"damage":1,"enemies":"Blue Slaver","floor":8,"turns":4},{"damage":10,"enemies":"Exordium Thugs","floor":11,"turns":3},{"damage":2,"enemies":"Looter","floor":13,"turns":4},{"damage":8,"enemies":"Lots of Slimes","floor":14,"turns":5},{"damage":15,"enemies":"The Guardian","floor":16,"turns":12},{"damage":4,"enemies":"Spheric Guardian","floor":18,"turns":4},{"damage":8,"enemies":"3 Byrds","floor":19,"turns":3},{"damage":13,"enemies":"Snecko","floor":24,"turns":4},{"damage":23,"enemies":"Snake Plant","floor":27,"turns":4},{"damage":19,"enemies":"3 Cultists","floor":28,"turns":6},{"damage":12,"enemies":"Gremlin Leader","floor":30,"turns":6},{"damage":0,"enemies":"Snecko","floor":31,"turns":3},{"damage":32,"enemies":"Champ","floor":33,"turns":3}],"seed_played":"-6736667553277791918","potions_obtained":[{"floor":4,"key":"Explosive Potion"},{"floor":6,"key":"Poison Potion"},{"floor":11,"key":"Block Potion"},{"floor":16,"key":"Swift Potion"},{"floor":19,"key":"Energy Potion"},{"floor":27,"key":"FearPotion"},{"floor":28,"key":"SpeedPotion"}],"is_trial":false,"path_per_floor":["M","$","?","M","M","E","R","M","T","R","M","R","M","M","R","B",null,"M","M","?","$","?","R","M","R","T","M","M","?","E","M","R","B"],"character_chosen":"THE_SILENT","items_purchased":["Infinite Blades","Quick Slash","GamblersBrew","Accuracy"],"campfire_rested":2,"item_purchase_floors":[2,2,21,21],"current_hp_per_floor":[63,63,63,63,63,56,56,55,55,55,45,45,43,35,56,41,63,59,51,70,70,70,70,57,57,57,34,15,15,3,3,24,0],"gold":76,"neow_bonus":"THREE_CARDS","is_prod":false,"is_daily":false,"chose_seed":false,"campfire_upgraded":5,"win_rate":0,"timestamp":1555500779,"path_taken":["M","$","?","?","M","E","R","M","T","R","M","R","M","M","R","BOSS","M","M","?","$","?","R","?","R","T","M","M","?","E","M","R","BOSS"],"build_version":"2019-01-23","purchased_purges":1,"victory":false,"max_hp_per_floor":[70,70,70,70,70,70,70,70,70,70,70,70,70,70,70,70,70,70,70,70,70,70,70,70,70,70,70,70,70,70,70,70,70],"card_choices":[{"not_picked":["Slice","Blade Dance"],"picked":"Dagger Throw","floor":0},{"not_picked":["Deadly Poison","Dodge and Roll"],"picked":"Terror","floor":1},{"not_picked":["Flechettes","Slice"],"picked":"Leg Sweep","floor":4},{"not_picked":["PiercingWail","Bane"],"picked":"Prepared","floor":5},{"not_picked":["Outmaneuver","Endless Agony"],"picked":"Crippling Poison","floor":6},{"not_picked":["Outmaneuver","Backstab"],"picked":"Caltrops","floor":8},{"not_picked":["PiercingWail","Backflip"],"picked":"Footwork","floor":11},{"not_picked":["PiercingWail","Slice"],"picked":"Dash","floor":13},{"not_picked":["Choke","Dagger Spray"],"picked":"Accuracy","floor":14},{"not_picked":["Grand Finale","Unload"],"picked":"A Thousand Cuts","floor":16},{"not_picked":["Setup","PiercingWail"],"picked":"Blade Dance+1","floor":18},{"not_picked":["Flying Knee","Underhanded Strike"],"picked":"Backstab+1","floor":19},{"not_picked":["Dash","Bane","Predator"],"picked":"SKIP","floor":24},{"not_picked":["Dagger Spray","PiercingWail","Grand Finale"],"picked":"SKIP","floor":27},{"not_picked":["Tactician","Blade Dance+1"],"picked":"Bouncing Flask","floor":28},{"not_picked":["Riddle With Holes","Escape Plan"],"picked":"Dodge and Roll+1","floor":30},{"not_picked":["Dagger Throw","Blade Dance"],"picked":"Cloak And Dagger+1","floor":31}],"player_experience":789704,"relics_obtained":[{"floor":6,"key":"Ninja Scroll"},{"floor":9,"key":"Snake Skull"},{"floor":26,"key":"Bottled Flame"},{"floor":30,"key":"Boot"}],"event_choices":[{"damage_healed":0,"gold_gain":0,"player_choice":"Upgraded","damage_taken":0,"max_hp_gain":0,"max_hp_loss":0,"event_name":"Upgrade Shrine","floor":3,"gold_loss":0,"cards_upgraded":["Infinite Blades"]},{"damage_healed":23,"gold_gain":0,"player_choice":"Heal","damage_taken":0,"max_hp_gain":0,"max_hp_loss":0,"event_name":"The Library","floor":20,"gold_loss":0},{"damage_healed":0,"gold_gain":0,"player_choice":"Ignored","damage_taken":0,"max_hp_gain":0,"max_hp_loss":0,"event_name":"Ghosts","floor":22,"gold_loss":0},{"damage_healed":0,"gold_gain":0,"player_choice":"0 cards matched","damage_taken":0,"max_hp_gain":0,"max_hp_loss":0,"event_name":"Match and Keep!","floor":29,"gold_loss":0,"cards_obtained":[]}],"is_beta":false,"boss_relics":[{"not_picked":["Orrery","Runic Dome"],"picked":"Ectoplasm"}],"items_purged_floors":[21],"is_endless":false,"potions_floor_spawned":[4,6,11,16,19,24,27,28],"killed_by":"Champ","ascension_level":7}