{"gold_per_floor":[18,35,35,35,51,51,71,71,121,121,34,61,61,74,74,153,153,170,170,170,270,290,305,305,305,305,322,322,79,106,120,120,192,192,202,102,116,134,134,134,153,153,153,173,188,63,63,63,63,63],"floor_reached":51,"playtime":3145,"items_purged":["Strike_R","Strike_R+1","Strike_R+1"],"score":1382,"play_id":"f60782a8-bf44-4d0b-ac0d-f0ec96df9878","local_time":"20190525015103","is_ascension_mode":true,"campfire_choices":[{"data":"Bash","floor":6,"key":"SMITH"},{"floor":8,"key":"REST"},{"data":"Shrug It Off","floor":10,"key":"SMITH"},{"data":"Corruption","floor":13,"key":"SMITH"},{"data":"Feel No Pain","floor":15,"key":"SMITH"},{"floor":24,"key":"REST"},{"floor":28,"key":"REST"},{"floor":32,"key":"REST"},{"data":"Offering","floor":40,"key":"SMITH"},{"data":"Demon Form","floor":42,"key":"SMITH"},{"data":"Offering","floor":49,"key":"SMITH"}],"neow_cost":"NO_GOLD","seed_source_timestamp":735618228778937,"circlet_count":0,"master_deck":["AscendersBane","Defend_R","Defend_R+1","Defend_R+1","Bash+1","Shrug It Off+1","Corruption+1","Feel No Pain+1","Demon Form+1","Exhume+1","Pommel Strike+1","Shrug It Off+1","RitualDagger","Flame Barrier","Offering+1","Offering+1"],"relics":["Burning Blood","Dead Branch","Odd Mushroom","Whetstone","Blue Candle","Astrolabe","Ginger","Question Card","Ornamental Fan","Centennial Puzzle","Strawberry","Cursed Key","Gremlin Horn"],"potions_floor_usage":[7,16,21,30,30],"damage_taken":[{"damage":3,"enemies":"2 Louse","floor":1,"turns":4},{"damage":11,"enemies":"Jaw Worm","floor":2,"turns":4},{"damage":0,"enemies":"Small Slimes","floor":5,"turns":4},{"damage":14,"enemies":"The Mushroom Lair","floor":7,"turns":6},{"damage":0,"enemies":"3 Sentries","floor":12,"turns":6},{"damage":12,"enemies":"Looter","floor":14,"turns":4},{"damage":9,"enemies":"The Guardian","floor":16,"turns":4},{"damage":6,"enemies":"Spheric Guardian","floor":18,"turns":5},{"damage":23,"enemies":"Colosseum Slavers","floor":21,"turns":5},{"damage":26,"enemies":"Colosseum Nobs","floor":21,"turns":7},{"damage":0,"enemies":"Chosen","floor":22,"turns":3},{"damage":17,"enemies":"Shelled Parasite and Fungi","floor":23,"turns":3},{"damage":1,"enemies":"Centurion and Healer","floor":27,"turns":4},{"damage":24,"enemies":"Slavers","floor":30,"turns":5},{"damage":11,"enemies":"Snake Plant","floor":31,"turns":5},{"damage":30,"enemies":"Collector","floor":33,"turns":5},{"damage":9,"enemies":"Orb Walker","floor":35,"turns":4},{"damage":2,"enemies":"3 Darklings","floor":37,"turns":4},{"damage":7,"enemies":"Jaw Worm Horde","floor":38,"turns":3},{"damage":0,"enemies":"Sphere and 2 Shapes","floor":41,"turns":3},{"damage":12,"enemies":"Writhing Mass","floor":44,"turns":4},{"damage":7,"enemies":"Spire Growth","floor":45,"turns":2},{"damage":25,"enemies":"Donu and Deca","floor":50,"turns":6}],"seed_played":"-8839918141950346252","potions_obtained":[{"floor":2,"key":"Fire Potion"},{"floor":5,"key":"GamblersBrew"},{"floor":16,"key":"Weak Potion"},{"floor":22,"key":"BloodPotion"},{"floor":23,"key":"SkillPotion"},{"floor":31,"key":"EssenceOfSteel"},{"floor":35,"key":"BloodPotion"},{"floor":44,"key":"Explosive Potion"}],"is_trial":false,"path_per_floor":["M","M","?","?","M","R","?","R","T","R","$","E","R","M","R","B",null,"M","?","?","?","M","M","R","?","T","M","R","$","E","M","R","B",null,"M","$","M","M","?","R","M","R","T","M","M","$","?","?","R","B",null],"character_chosen":"IRONCLAD","items_purchased":["Corruption","Centennial Puzzle"],"campfire_rested":4,"item_purchase_floors":[11,29],"current_hp_per_floor":[85,80,53,48,54,54,46,72,72,72,72,78,78,72,72,69,84,84,78,78,41,47,36,62,36,36,41,69,69,67,62,92,68,93,90,90,94,93,93,93,99,99,99,93,92,92,92,92,92,73],"gold":63,"neow_bonus":"TWENTY_PERCENT_HP_BONUS","is_prod":false,"is_daily":false,"chose_seed":false,"campfire_upgraded":7,"win_rate":0,"timestamp":1558720263,"path_taken":["M","M","?","?","M","R","?","R","T","R","$","E","R","M","R","BOSS","M","?","?","?","M","M","R","?","T","?","R","$","E","M","R","BOSS","M","$","?","M","?","R","M","R","T","M","M","?","?","?","R","BOSS"],"build_version":"2019-01-23","purchased_purges":3,"victory":true,"max_hp_per_floor":[89,89,89,89,89,89,89,89,89,89,89,89,89,89,89,89,89,89,89,89,89,89,89,89,94,94,94,94,94,101,101,101,101,101,101,101,101,101,101,101,101,101,101,101,101,101,101,101,101,101],"card_choices":[{"not_picked":["Clothesline","Burning Pact"],"picked":"Shrug It Off","floor":1},{"not_picked":["Flex","Second Wind","True Grit"],"picked":"SKIP","floor":2},{"not_picked":["Hemokinesis","Second Wind","True Grit"],"picked":"SKIP","floor":5},{"not_picked":["Whirlwind","Reckless Charge"],"picked":"Feel No Pain","floor":12},{"not_picked":["True Grit","Heavy Blade","Havoc"],"picked":"SKIP","floor":14},{"not_picked":["Double Tap","Reaper"],"picked":"Demon Form","floor":16},{"not_picked":["Wild Strike","Thunderclap+1"],"picked":"Shrug It Off+1","floor":18},{"not_picked":["Pommel Strike","Dual Wield","Armaments","Perfected Strike+1"],"picked":"SKIP","floor":22},{"not_picked":["Heavy Blade","Thunderclap","Infernal Blade","Rupture"],"picked":"SKIP","floor":23},{"not_picked":["Infernal Blade","Thunderclap","Twin Strike+1"],"picked":"Flame Barrier","floor":27},{"not_picked":["Shrug It Off","Twin Strike","Dropkick","Perfected Strike"],"picked":"SKIP","floor":30},{"not_picked":["Hemokinesis","Flame Barrier","Fire Breathing","Combust"],"picked":"SKIP","floor":31},{"not_picked":["Double Tap","Demon Form","Impervious"],"picked":"Offering","floor":33},{"not_picked":["Infernal Blade","Wild Strike","Whirlwind","Spot Weakness"],"picked":"SKIP","floor":35},{"not_picked":["Body Slam","Thunderclap","Blood for Blood","Flex"],"picked":"SKIP","floor":37},{"not_picked":["Iron Wave","Body Slam","Thunderclap+1","Heavy Blade"],"picked":"SKIP","floor":38},{"not_picked":["Heavy Blade","Shrug It Off","Cleave","True Grit+1"],"picked":"SKIP","floor":41},{"not_picked":["Burning Pact","Anger","Perfected Strike","Clash+1"],"picked":"SKIP","floor":44},{"not_picked":["Heavy Blade","Sword Boomerang","Cleave"],"picked":"Offering","floor":45}],"player_experience":591905,"relics_obtained":[{"floor":7,"key":"Odd Mushroom"},{"floor":9,"key":"Whetstone"},{"floor":12,"key":"Blue Candle"},{"floor":21,"key":"Ginger"},{"floor":21,"key":"Question Card"},{"floor":26,"key":"Ornamental Fan"},{"floor":30,"key":"Strawberry"}],"event_choices":[{"damage_healed":0,"gold_gain":0,"player_choice":"Entered Light","damage_taken":27,"max_hp_gain":0,"max_hp_loss":0,"event_name":"Shining Light","floor":3,"gold_loss":0,"cards_upgraded":["Defend_R","Defend_R"]},{"damage_healed":0,"gold_gain":0,"player_choice":"Success","damage_taken":5,"relics_obtained":["Dead Branch"],"max_hp_gain":0,"max_hp_loss":0,"event_name":"Scrap Ooze","floor":4,"gold_loss":0},{"damage_healed":0,"gold_gain":0,"player_choice":"Fought Mushrooms","damage_taken":0,"max_hp_gain":0,"max_hp_loss":0,"event_name":"Mushrooms","floor":7,"gold_loss":0},{"damage_healed":0,"gold_gain":0,"player_choice":"Joined the Cult","damage_taken":6,"max_hp_gain":0,"max_hp_loss":0,"event_name":"Nest","floor":19,"gold_loss":0,"cards_obtained":["RitualDagger"]},{"damage_healed":0,"gold_gain":0,"player_choice":"Ignored","damage_taken":0,"max_hp_gain":0,"max_hp_loss":0,"event_name":"Vampires","floor":20,"gold_loss":0},{"damage_healed":0,"gold_gain":0,"player_choice":"Fight","damage_taken":0,"max_hp_gain":0,"max_hp_loss":0,"event_name":"Colosseum","floor":21,"gold_loss":0},{"damage_healed":0,"gold_gain":0,"player_choice":"Fought Nobs","damage_taken":0,"max_hp_gain":0,"max_hp_loss":0,"event_name":"Colosseum","floor":21,"gold_loss":0},{"damage_healed":0,"gold_gain":0,"player_choice":"Shed Blood","damage_taken":31,"max_hp_gain":5,"max_hp_loss":0,"event_name":"Forgotten Altar","floor":25,"gold_loss":0},{"damage_healed":0,"gold_gain":0,"player_choice":"Gave Potion","damage_taken":0,"relics_obtained":["Gremlin Horn"],"max_hp_gain":0,"max_hp_loss":0,"event_name":"WeMeetAgain","floor":39,"gold_loss":0},{"cards_removed":["Clash"],"damage_healed":0,"gold_gain":0,"player_choice":"Removed Attack","damage_taken":0,"max_hp_gain":0,"max_hp_loss":0,"event_name":"Falling","floor":47,"gold_loss":0},{"damage_healed":0,"gold_gain":0,"player_choice":"Ignored","damage_taken":0,"max_hp_gain":0,"max_hp_loss":0,"event_name":"Mysterious Sphere","floor":48,"gold_loss":0}],"is_beta":false,"boss_relics":[{"not_picked":["Lizard Tail","Runic Pyramid"],"picked":"Astrolabe"},{"not_picked":["Snecko Eye","Runic Dome"],"picked":"Cursed Key"}],"items_purged_floors":[29,36,46],"is_endless":false,"potions_floor_spawned":[2,5,16,21,22,23,27,31,35,37,44],"ascension_level":16}