{"gold_per_floor":[111,125,145,145,145,181,11,11],"floor_reached":8,"playtime":421,"items_purged":[],"score":56,"play_id":"895c8cac-9d7d-4781-9fa2-45a0b740e35d","local_time":"20190106171919","is_ascension_mode":false,"campfire_choices":[],"neow_cost":"CURSE","seed_source_timestamp":97509376433372,"circlet_count":0,"master_deck":["Strike_R","Strike_R","Strike_R","Defend_R","Defend_R","Defend_R","Defend_R","Bash","Parasite","Burning Pact","Bludgeon","Warcry","Headbutt","Inflame","Pommel Strike","Flex"],"relics":["Burning Blood","Golden Idol","Bag of Marbles","Orichalcum","Red Skull"],"potions_floor_usage":[],"damage_taken":[{"damage":0,"enemies":"2 Louse","floor":1,"turns":3},{"damage":3,"enemies":"Jaw Worm","floor":2,"turns":3},{"damage":0,"enemies":"Cultist","floor":3,"turns":2},{"damage":39,"enemies":"3 Sentries","floor":6,"turns":7},{"damage":21,"enemies":"Lagavulin","floor":8,"turns":3}],"seed_played":"1919555199686247120","potions_obtained":[{"floor":1,"key":"EntropicBrew"},{"floor":2,"key":"SteroidPotion"}],"is_trial":false,"path_per_floor":["M","M","M","?","?","E","$","E"],"character_chosen":"IRONCLAD","items_purchased":["Red Skull","Flex"],"campfire_rested":0,"item_purchase_floors":[7,7],"current_hp_per_floor":[80,80,80,60,53,20,20,0],"gold":11,"neow_bonus":"TRANSFORM_TWO_CARDS","is_prod":false,"is_daily":false,"chose_seed":false,"campfire_upgraded":0,"win_rate":0.0,"timestamp":1546813159,"path_taken":["M","M","M","?","?","E","$","E"],"build_version":"2019-01-03v4","purchased_purges":0,"victory":false,"max_hp_per_floor":[80,80,80,80,80,80,80,80],"card_choices":[{"not_picked":["Disarm","Rampage"],"picked":"Warcry","floor":1},{"not_picked":["Shrug It Off","Body Slam"],"picked":"Headbutt","floor":2},{"not_picked":["Body Slam","True Grit"],"picked":"Inflame","floor":3},{"not_picked":["Fiend Fire","Reckless Charge"],"picked":"Pommel Strike","floor":6}],"player_experience":3611,"relics_obtained":[{"floor":6,"key":"Orichalcum"}],"event_choices":[{"damage_healed":0,"gold_gain":0,"player_choice":"Take Damage","damage_taken":20,"relics_obtained":["Golden Idol"],"max_hp_gain":0,"max_hp_loss":0,"event_name":"Golden Idol","floor":4,"gold_loss":0},{"damage_healed":0,"gold_gain":0,"player_choice":"Success","damage_taken":7,"relics_obtained":["Bag of Marbles"],"max_hp_gain":0,"max_hp_loss":0,"event_name":"Scrap Ooze","floor":5,"gold_loss":0}],"is_beta":false,"boss_relics":[],"items_purged_floors":[],"is_endless":false,"potions_floor_spawned":[1,2],"killed_by":"Lagavulin","ascension_level":0}