{"gold_per_floor":[117,130,141,159,173,173,198,198,198,198,224,240,250,123,123,123],"floor_reached":16,"playtime":847,"items_purged":[],"score":200,"play_id":"8aa79efc-5b5f-4002-b5f6-32b8eeeff29c","local_time":"20190418225725","is_ascension_mode":true,"campfire_choices":[{"data":"Bash","floor":6,"key":"SMITH"},{"data":"Searing Blow","floor":8,"key":"SMITH"},{"data":"Searing Blow+1","floor":10,"key":"SMITH"},{"floor":15,"key":"REST"}],"neow_cost":"NONE","seed_source_timestamp":504135383835688,"circlet_count":0,"master_deck":["AscendersBane","Strike_R","Strike_R","Strike_R","Strike_R","Strike_R","Defend_R","Defend_R","Defend_R","Defend_R","Bash+1","Metallicize","Anger","Perfected Strike","Searing Blow+2","Feel No Pain","Battle Trance","Pommel Strike"],"special_seed":0,"relics":["Burning Blood","Paper Frog","Bag of Preparation","Oddly Smooth Stone","The Courier"],"potions_floor_usage":[5,7,7,16],"damage_taken":[{"damage":1.0,"enemies":"Cultist","floor":1.0,"turns":3.0},{"damage":5.0,"enemies":"2 Louse","floor":2.0,"turns":5.0},{"damage":13.0,"enemies":"Jaw Worm","floor":3.0,"turns":4.0},{"damage":8.0,"enemies":"Looter","floor":4.0,"turns":3.0},{"damage":14,"enemies":"Gremlin Gang","floor":5,"turns":4},{"damage":33,"enemies":"3 Sentries","floor":7,"turns":9},{"damage":26,"enemies":"Gremlin Nob","floor":11,"turns":4},{"damage":16,"enemies":"3 Louse","floor":12,"turns":3},{"damage":5,"enemies":"Red Slaver","floor":13,"turns":4},{"damage":50,"enemies":"The Guardian","floor":16,"turns":9}],"seed_played":"9214632878881989256","potions_obtained":[{"floor":1.0,"key":"Regen Potion"},{"floor":4.0,"key":"Fire Potion"},{"floor":5,"key":"AttackPotion"},{"floor":12,"key":"Poison Potion"}],"is_trial":false,"path_per_floor":["M","M","M","M","M","R","E","R","T","R","E","M","M","?","R","B"],"character_chosen":"IRONCLAD","items_purchased":[],"campfire_rested":1,"item_purchase_floors":[],"current_hp_per_floor":[80,81,74,72,64,64,52,52,52,52,32,22,23,23,47,0],"gold":123,"neow_bonus":"TEN_PERCENT_HP_BONUS","is_prod":false,"is_daily":false,"chose_seed":false,"campfire_upgraded":3,"win_rate":0,"timestamp":1555642645,"path_taken":["M","?","M","M","M","R","E","R","T","R","E","M","M","?","R","BOSS"],"build_version":"2019-01-23","purchased_purges":0,"victory":false,"max_hp_per_floor":[82,82,82,82,82,82,82,82,82,82,82,82,82,82,82,82],"card_choices":[{"not_picked":["True Grit","Clothesline"],"picked":"Metallicize","floor":1.0},{"not_picked":["Entrench","Headbutt"],"picked":"Anger","floor":2.0},{"not_picked":["Sentinel","Armaments"],"picked":"Perfected Strike","floor":3.0},{"not_picked":["Cleave","Sever Soul"],"picked":"Searing Blow","floor":4.0},{"not_picked":["Pummel","Clash","Thunderclap"],"picked":"SKIP","floor":5},{"not_picked":["Bloodletting","Sever Soul"],"picked":"Feel No Pain","floor":7},{"not_picked":["Anger","Perfected Strike"],"picked":"Battle Trance","floor":11},{"not_picked":["Clash","Infernal Blade","Reckless Charge"],"picked":"SKIP","floor":12},{"not_picked":["Twin Strike","Double Tap"],"picked":"Pommel Strike","floor":13}],"player_experience":2128234,"relics_obtained":[{"floor":7,"key":"Paper Frog"},{"floor":9,"key":"Bag of Preparation"},{"floor":11,"key":"Oddly Smooth Stone"}],"event_choices":[{"damage_healed":0,"gold_gain":0,"player_choice":"Paid Gold","damage_taken":0,"relics_obtained":["The Courier"],"max_hp_gain":0,"max_hp_loss":0,"event_name":"WeMeetAgain","floor":14,"gold_loss":127}],"is_beta":false,"boss_relics":[],"items_purged_floors":[],"is_endless":false,"potions_floor_spawned":[1,4,5,12],"killed_by":"The Guardian","ascension_level":15}