{"gold_per_floor":[112,128,128,148,168,168,195,215,241,258,258,258,283,301,301,406,406,406],"floor_reached":18,"playtime":877,"items_purged":[],"score":183,"play_id":"6272da2a-859a-4e1b-b505-4e4bb4f61aff","local_time":"20190524220343","is_ascension_mode":true,"campfire_choices":[{"data":"Neutralize","floor":6.0,"key":"SMITH"},{"floor":12.0,"key":"REST"},{"floor":15.0,"key":"REST"}],"neow_cost":"TEN_PERCENT_HP_LOSS","seed_source_timestamp":436422499676353,"circlet_count":0,"master_deck":["Defend_G","Defend_G","Defend_G","Defend_G","Defend_G","Strike_G","Strike_G","Strike_G","Strike_G","Strike_G","Survivor","Neutralize+1","Die Die Die","Riddle With Holes","Skewer","Panacea","Dash","Leg Sweep","Die Die Die"],"special_seed":0,"relics":["Ring of the Serpent","Art of War","Omamori","Boot"],"potions_floor_usage":[],"damage_taken":[{"damage":0.0,"enemies":"Jaw Worm","floor":1.0,"turns":4.0},{"damage":0.0,"enemies":"Cultist","floor":2.0,"turns":4.0},{"damage":2.0,"enemies":"Small Slimes","floor":4.0,"turns":3.0},{"damage":3.0,"enemies":"3 Louse","floor":5.0,"turns":4.0},{"damage":11.0,"enemies":"Lagavulin","floor":7.0,"turns":10.0},{"damage":6.0,"enemies":"Exordium Thugs","floor":8.0,"turns":5.0},{"damage":2.0,"enemies":"Looter","floor":10.0,"turns":3.0},{"damage":10.0,"enemies":"3 Sentries","floor":13.0,"turns":8.0},{"damage":3.0,"enemies":"Red Slaver","floor":14.0,"turns":4.0},{"damage":28.0,"enemies":"Slime Boss","floor":16.0,"turns":11.0},{"damage":0,"enemies":"2 Thieves","floor":18,"turns":1}],"seed_played":"2219168003045435366","potions_obtained":[{"floor":1.0,"key":"Poison Potion"},{"floor":4.0,"key":"Poison Potion"},{"floor":7.0,"key":"Dexterity Potion"},{"floor":10.0,"key":"Dexterity Potion"},{"floor":13.0,"key":"LiquidBronze"}],"is_trial":false,"path_per_floor":["M","M","?","M","M","R","E","M","T","M","?","R","E","M","R","B",null,"M"],"character_chosen":"THE_SILENT","items_purchased":[],"campfire_rested":2,"item_purchase_floors":[],"current_hp_per_floor":[63,63,63,61,58,58,47,41,41,39,39,57,47,44,62,34,63,63],"gold":406,"neow_bonus":"THREE_RARE_CARDS","is_prod":false,"is_daily":false,"chose_seed":false,"campfire_upgraded":1,"win_rate":0,"timestamp":1558724623,"path_taken":["M","M","?","M","?","R","E","M","T","M","?","R","E","M","R","BOSS","M"],"build_version":"2019-01-23","purchased_purges":0,"victory":false,"max_hp_per_floor":[63,63,63,63,63,63,63,63,63,63,63,63,63,63,63,63,63,63],"card_choices":[{"not_picked":["Night Terror","Glass Knife"],"picked":"Die Die Die","floor":0.0},{"not_picked":["Poisoned Stab","Dagger Throw"],"picked":"Riddle With Holes","floor":1.0},{"not_picked":["Prepared","Slice"],"picked":"Skewer","floor":2.0},{"not_picked":["Dagger Spray","Slice","Outmaneuver"],"picked":"SKIP","floor":4.0},{"not_picked":["PiercingWail","Blur"],"picked":"Dash","floor":5.0},{"not_picked":["Sucker Punch","Finisher","Concentrate"],"picked":"SKIP","floor":7.0},{"not_picked":["Outmaneuver","All Out Attack","Deflect"],"picked":"SKIP","floor":8.0},{"not_picked":["Reflex","Masterful Stab","Acrobatics"],"picked":"SKIP","floor":10.0},{"not_picked":["Bouncing Flask","PiercingWail"],"picked":"Leg Sweep","floor":13.0},{"not_picked":["Sucker Punch","Acrobatics","Leg Sweep"],"picked":"SKIP","floor":14.0},{"not_picked":["A Thousand Cuts","Burst"],"picked":"Die Die Die","floor":16.0}],"player_experience":814173,"relics_obtained":[{"floor":7.0,"key":"Art of War"},{"floor":9.0,"key":"Omamori"},{"floor":13.0,"key":"Boot"}],"event_choices":[{"damage_healed":0.0,"max_hp_gain":0.0,"max_hp_loss":0.0,"gold_gain":0.0,"event_name":"Match and Keep!","player_choice":"1 cards matched","floor":3.0,"gold_loss":0.0,"damage_taken":0.0,"cards_obtained":["Panacea"]},{"damage_healed":0.0,"max_hp_gain":0.0,"max_hp_loss":0.0,"gold_gain":0.0,"event_name":"Dead Adventurer","player_choice":"Searched \u00270\u0027 times","floor":11.0,"gold_loss":0.0,"damage_taken":0.0}],"is_beta":false,"boss_relics":[{"not_picked":["Busted Crown","Pandora\u0027s Box"],"picked":"Ring of the Serpent"}],"items_purged_floors":[],"is_endless":false,"potions_floor_spawned":[1,4,7,10,13],"killed_by":"2 Thieves","ascension_level":1}