{"gold_per_floor":[109,5,25,40,60,60,92,92,92,110,145,145,163,163,163,239,239,255,205,205,219,231,231,263,263,313,202,213,213,45,65,65,65],"floor_reached":33,"playtime":1534,"items_purged":["Strike_B"],"score":544,"play_id":"60aebbe1-251e-41b0-949f-3cc3143f8e1b","local_time":"20190522222636","is_ascension_mode":true,"campfire_choices":[{"data":"Beam Cell","floor":6.0,"key":"SMITH"},{"data":"Streamline","floor":8.0,"key":"SMITH"},{"data":"Consume","floor":15.0,"key":"SMITH"},{"floor":23.0,"key":"REST"},{"data":"Go for the Eyes","floor":25.0,"key":"SMITH"},{"data":"Coolheaded","floor":29.0,"key":"SMITH"},{"floor":32.0,"key":"REST"}],"neow_cost":"NONE","seed_source_timestamp":186311693120600,"circlet_count":0,"master_deck":["AscendersBane","Strike_B","Defend_B","Defend_B","Defend_B","Defend_B+1","Zap","Dualcast","Leap","Go for the Eyes+1","Beam Cell+1","Streamline+1","Glacier+1","Conserve Battery","Consume+1","Core Surge","Leap","Coolheaded+1","Electrodynamics","Glacier"],"special_seed":0,"relics":["Cracked Core","Art of War","Bronze Scales","Dead Branch","Meat on the Bone","War Paint","Sozu","Ancient Tea Set","Strawberry","Orichalcum"],"potions_floor_usage":[],"damage_taken":[{"damage":3.0,"enemies":"2 Louse","floor":1.0,"turns":3.0},{"damage":3.0,"enemies":"Cultist","floor":3.0,"turns":3.0},{"damage":6.0,"enemies":"Jaw Worm","floor":4.0,"turns":4.0},{"damage":11.0,"enemies":"Gremlin Gang","floor":5.0,"turns":4.0},{"damage":29.0,"enemies":"Lagavulin","floor":7.0,"turns":8.0},{"damage":0.0,"enemies":"Looter","floor":10.0,"turns":3.0},{"damage":18.0,"enemies":"Gremlin Nob","floor":11.0,"turns":4.0},{"damage":0.0,"enemies":"3 Louse","floor":13.0,"turns":1.0},{"damage":22.0,"enemies":"Slime Boss","floor":16.0,"turns":12.0},{"damage":12.0,"enemies":"2 Thieves","floor":18.0,"turns":4.0},{"damage":0.0,"enemies":"3 Byrds","floor":20.0,"turns":2.0},{"damage":24.0,"enemies":"Shelled Parasite and Fungi","floor":21.0,"turns":7.0},{"damage":19.0,"enemies":"Cultist and Chosen","floor":22.0,"turns":6.0},{"damage":21.0,"enemies":"Gremlin Leader","floor":24.0,"turns":8.0},{"damage":0.0,"enemies":"3 Cultists","floor":28.0,"turns":3.0},{"damage":5.0,"enemies":"Snecko","floor":31.0,"turns":7.0},{"damage":83,"enemies":"Collector","floor":33,"turns":20}],"seed_played":"-6390584185138262260","potions_obtained":[{"floor":10.0,"key":"SmokeBomb"},{"floor":11.0,"key":"Explosive Potion"},{"floor":13.0,"key":"FearPotion"},{"floor":16.0,"key":"GamblersBrew"}],"is_trial":false,"path_per_floor":["M","?","M","M","M","R","E","R","T","M","E","?","M","?","R","B",null,"M","?","M","M","M","R","E","R","T","$","M","R","$","M","R","B"],"character_chosen":"DEFECT","items_purchased":["Glacier","Orichalcum"],"campfire_rested":2,"item_purchase_floors":[27,30],"current_hp_per_floor":[61,61,58,52,41,41,12,12,12,24,18,18,30,30,30,20,58,46,46,46,34,27,48,39,39,46,46,46,46,46,41,64,0],"gold":65,"neow_bonus":"RANDOM_COMMON_RELIC","is_prod":false,"is_daily":false,"chose_seed":false,"campfire_upgraded":5,"win_rate":0,"timestamp":1558578396,"path_taken":["M","?","?","M","M","R","E","R","T","M","E","?","?","?","R","BOSS","M","?","M","?","M","R","E","R","T","?","?","R","$","M","R","BOSS"],"build_version":"2019-05-07","purchased_purges":1,"victory":false,"max_hp_per_floor":[71,71,71,71,71,71,71,71,71,71,71,71,71,71,71,71,71,71,71,71,71,71,71,71,71,78,78,78,78,78,78,78,78],"card_choices":[{"not_picked":["Redo","Stack"],"picked":"Leap","floor":1.0},{"not_picked":["Conserve Battery","Gash"],"picked":"Go for the Eyes","floor":3.0},{"not_picked":["Force Field","Gash"],"picked":"Beam Cell","floor":4.0},{"not_picked":["Double Energy","Stack"],"picked":"Streamline","floor":5.0},{"not_picked":["Darkness","Go for the Eyes","Sweeping Beam"],"picked":"SKIP","floor":7.0},{"not_picked":["Gash","Steam Power"],"picked":"Glacier","floor":10.0},{"not_picked":["Beam Cell","Multi-Cast"],"picked":"Conserve Battery","floor":11.0},{"not_picked":["Steam Power","Steam"],"picked":"Consume","floor":13.0},{"not_picked":["Machine Learning","Fission"],"picked":"Core Surge","floor":16.0},{"not_picked":["Rebound","Undo"],"picked":"Leap","floor":18.0},{"not_picked":["Leap","Heatsinks"],"picked":"Coolheaded","floor":21.0},{"not_picked":["Fusion","Conserve Battery"],"picked":"Electrodynamics","floor":22.0},{"not_picked":["Auto Shields","Rebound","Sweeping Beam"],"picked":"SKIP","floor":24.0},{"not_picked":["Stack","Recycle","Steam"],"picked":"SKIP","floor":28.0},{"not_picked":["Skim","Leap+1","Steam Power"],"picked":"SKIP","floor":31.0}],"player_experience":713817,"relics_obtained":[{"floor":7.0,"key":"Dead Branch"},{"floor":9.0,"key":"Meat on the Bone"},{"floor":11.0,"key":"War Paint"},{"floor":24.0,"key":"Ancient Tea Set"},{"floor":26.0,"key":"Strawberry"}],"event_choices":[{"damage_healed":0.0,"max_hp_gain":0.0,"max_hp_loss":0.0,"gold_gain":0.0,"event_name":"WeMeetAgain","player_choice":"Paid Gold","floor":2.0,"gold_loss":104.0,"damage_taken":0.0,"relics_obtained":["Bronze Scales"]},{"cards_removed":["Strike_B"],"damage_healed":0.0,"max_hp_gain":0.0,"max_hp_loss":0.0,"gold_gain":0.0,"event_name":"Bonfire Elementals","player_choice":"Offered Basic","floor":12.0,"gold_loss":0.0,"damage_taken":0.0},{"cards_removed":["Strike_B"],"damage_healed":0.0,"max_hp_gain":0.0,"max_hp_loss":0.0,"gold_gain":0.0,"event_name":"Living Wall","player_choice":"Forget","floor":14.0,"gold_loss":0.0,"damage_taken":0.0},{"damage_healed":0.0,"max_hp_gain":0.0,"max_hp_loss":0.0,"gold_gain":0.0,"event_name":"The Joust","player_choice":"Bet on Murderer","floor":19.0,"gold_loss":50.0,"damage_taken":0.0}],"is_beta":true,"boss_relics":[{"not_picked":["Cursed Key","Lizard Tail"],"picked":"Sozu"}],"items_purged_floors":[27],"is_endless":false,"potions_floor_spawned":[10,11,13,16,18],"killed_by":"Collector","ascension_level":19}