{"gold_per_floor":[213,138,150,163,5,31,31,31,83,115,127,127,141,157,157,253,253,266,166,178,53,53,53],"floor_reached":23,"playtime":1398,"items_purged":["Strike_R","Defend_R","Strike_R"],"score":231,"play_id":"820a39fe-6139-4437-8023-4069410c8f0c","local_time":"20190502183356","is_ascension_mode":true,"campfire_choices":[{"floor":12.0,"key":"REST"},{"data":"Flame Barrier","floor":15.0,"key":"SMITH"}],"neow_cost":"NONE","seed_source_timestamp":844092704996900,"circlet_count":0,"master_deck":["Strike_R","Strike_R","Defend_R","Defend_R","Defend_R","Bash","Whirlwind","Demon Form","Impervious","Flame Barrier+1","Barricade","Limit Break"],"special_seed":0,"relics":["Burning Blood","Art of War","Oddly Smooth Stone","Pen Nib","Sozu","NlothsMask"],"potions_floor_usage":[23,23,23],"damage_taken":[{"damage":6.0,"enemies":"Cultist","floor":1.0,"turns":3.0},{"damage":9.0,"enemies":"Small Slimes","floor":3.0,"turns":4.0},{"damage":0.0,"enemies":"2 Louse","floor":4.0,"turns":1.0},{"damage":45.0,"enemies":"3 Sentries","floor":6.0,"turns":7.0},{"damage":22.0,"enemies":"Lagavulin","floor":10.0,"turns":6.0},{"damage":14.0,"enemies":"Red Slaver","floor":11.0,"turns":5.0},{"damage":25.0,"enemies":"Gremlin Gang","floor":13.0,"turns":6.0},{"damage":7.0,"enemies":"Blue Slaver","floor":14.0,"turns":6.0},{"damage":19.0,"enemies":"Hexaghost","floor":16.0,"turns":15.0},{"damage":31.0,"enemies":"Shell Parasite","floor":18.0,"turns":10.0},{"damage":0,"enemies":"3 Byrds","floor":20,"turns":4},{"damage":67,"enemies":"Slavers","floor":23,"turns":6}],"seed_played":"-6723527970621970210","potions_obtained":[{"floor":1.0,"key":"Weak Potion"},{"floor":6.0,"key":"LiquidBronze"},{"floor":10.0,"key":"BloodPotion"},{"floor":16.0,"key":"FearPotion"}],"is_trial":false,"path_per_floor":["M","$","M","M","$","E","?","$","T","E","M","R","M","M","R","B",null,"M","$","M","$","?","E"],"character_chosen":"IRONCLAD","items_purchased":["Demon Form"],"campfire_rested":1,"item_purchase_floors":[5],"current_hp_per_floor":[80,80,77,80,80,41,41,41,41,25,25,49,30,29,29,16,80,55,55,61,61,61,0],"gold":53,"neow_bonus":"HUNDRED_GOLD","is_prod":false,"is_daily":false,"chose_seed":false,"campfire_upgraded":1,"win_rate":0,"timestamp":1556836436,"path_taken":["M","$","M","M","$","E","?","?","T","E","M","R","?","M","R","BOSS","M","$","M","$","?","E"],"build_version":"2019-01-23","purchased_purges":3,"victory":false,"max_hp_per_floor":[80,80,80,80,80,80,80,80,80,80,80,80,80,80,80,80,80,80,80,80,80,80,80],"card_choices":[{"not_picked":["Flame Barrier","Heavy Blade"],"picked":"Whirlwind","floor":1.0},{"not_picked":["Clash","Thunderclap","Power Through"],"picked":"SKIP","floor":3.0},{"not_picked":["True Grit","Wild Strike","Bloodletting"],"picked":"SKIP","floor":4.0},{"not_picked":["Iron Wave","Clothesline","Pommel Strike"],"picked":"SKIP","floor":6.0},{"not_picked":["Flex","Bloodletting"],"picked":"Impervious","floor":10.0},{"not_picked":["Body Slam","Anger","Wild Strike"],"picked":"SKIP","floor":11.0},{"not_picked":["Shockwave","Corruption"],"picked":"Flame Barrier","floor":13.0},{"not_picked":["Havoc","Twin Strike"],"picked":"Barricade","floor":14.0},{"not_picked":["Fiend Fire","Barricade"],"picked":"Limit Break","floor":16.0},{"not_picked":["Iron Wave","Headbutt","Cleave+1"],"picked":"SKIP","floor":18.0},{"not_picked":["Burning Pact","Uppercut","Twin Strike+1"],"picked":"SKIP","floor":20}],"player_experience":228540,"relics_obtained":[{"floor":6.0,"key":"Art of War"},{"floor":9.0,"key":"Oddly Smooth Stone"},{"floor":10.0,"key":"Pen Nib"}],"event_choices":[{"cards_removed":["Strike_R"],"damage_healed":0.0,"max_hp_gain":0.0,"max_hp_loss":0.0,"gold_gain":0.0,"event_name":"Purifier","player_choice":"Purged","floor":7.0,"gold_loss":0.0,"damage_taken":0.0},{"damage_healed":0,"gold_gain":0,"player_choice":"Trade","damage_taken":0,"relics_obtained":["NlothsMask"],"max_hp_gain":0,"max_hp_loss":0,"event_name":"FaceTrader","floor":22,"gold_loss":0}],"is_beta":false,"boss_relics":[{"not_picked":["Astrolabe","Runic Dome"],"picked":"Sozu"}],"items_purged_floors":[2,19,21],"is_endless":false,"potions_floor_spawned":[1,6,10,16,18,20],"killed_by":"Slavers","ascension_level":3}