{"gold_per_floor":[118,43,62,12,22,57,57,57,57,57,57,68,68],"floor_reached":13,"playtime":472,"items_purged":["Strike_R"],"score":95,"play_id":"fecabe61-0efe-4e83-be36-8997599f65b6","local_time":"20190502180342","is_ascension_mode":true,"campfire_choices":[{"data":"Inflame","floor":8,"key":"SMITH"},{"floor":10,"key":"RECALL"}],"neow_cost":"NONE","seed_source_timestamp":843242981115300,"circlet_count":0,"master_deck":["Strike_R","Strike_R","Defend_R","Defend_R","Defend_R","Bash","Evolve","Inflame+1","Spot Weakness"],"relics":["Burning Blood","Singing Bowl"],"potions_floor_usage":[6,13],"damage_taken":[{"damage":4,"enemies":"Jaw Worm","floor":1,"turns":4},{"damage":11,"enemies":"2 Louse","floor":3,"turns":3},{"damage":6,"enemies":"Cultist","floor":5,"turns":3},{"damage":40,"enemies":"3 Sentries","floor":6,"turns":15},{"damage":17,"enemies":"3 Louse","floor":12,"turns":5},{"damage":42,"enemies":"Lagavulin","floor":13,"turns":6}],"seed_played":"-7619888408736425841","potions_obtained":[{"floor":1,"key":"Poison Potion"},{"floor":12,"key":"Weak Potion"}],"is_trial":false,"path_per_floor":["M","$","M","?","M","E","?","R","T","R","?","M","E"],"character_chosen":"IRONCLAD","items_purchased":[],"campfire_rested":0,"item_purchase_floors":[],"current_hp_per_floor":[80,80,75,75,75,41,34,34,34,34,34,23,0],"gold":68,"neow_bonus":"REMOVE_CARD","is_prod":false,"is_daily":false,"chose_seed":false,"campfire_upgraded":1,"win_rate":0,"timestamp":1556834622,"path_taken":["M","$","M","?","M","E","?","R","T","R","?","?","E"],"build_version":"2019-01-23","purchased_purges":1,"victory":false,"max_hp_per_floor":[80,80,80,80,80,80,80,80,80,80,80,80,80],"card_choices":[{"not_picked":["Blood for Blood","Armaments"],"picked":"Evolve","floor":1},{"not_picked":["Headbutt","Wild Strike","Uppercut"],"picked":"SKIP","floor":3},{"not_picked":["Perfected Strike","Heavy Blade","True Grit"],"picked":"SKIP","floor":5},{"not_picked":["Shockwave","Intimidate"],"picked":"Inflame","floor":6},{"not_picked":["Havoc","Battle Trance"],"picked":"Spot Weakness","floor":12}],"player_experience":227717,"relics_obtained":[{"floor":6,"key":"Singing Bowl"}],"event_choices":[{"cards_removed":["Defend_R"],"damage_healed":0,"gold_gain":0,"player_choice":"Card Removal","damage_taken":0,"max_hp_gain":0,"max_hp_loss":0,"event_name":"The Cleric","floor":4,"gold_loss":50},{"cards_removed":["Strike_R"],"damage_healed":0,"gold_gain":0,"player_choice":"Card Removal","damage_taken":7,"max_hp_gain":0,"max_hp_loss":0,"event_name":"Golden Wing","floor":7,"gold_loss":0},{"damage_healed":0,"gold_gain":0,"player_choice":"Bought 0 Potions","damage_taken":0,"max_hp_gain":0,"max_hp_loss":0,"event_name":"The Woman in Blue","floor":11,"gold_loss":0}],"is_beta":false,"boss_relics":[],"items_purged_floors":[2],"is_endless":false,"potions_floor_spawned":[1,12],"killed_by":"Lagavulin","ascension_level":3}