{"gold_per_floor":[114,133,150,163,177,177,205,216,216,216,216,233,233,333,333,438,438,455,485,410,429,1,1,31,31,57,57,71,71,87,97,97,97],"floor_reached":33,"playtime":2566,"items_purged":[],"score":269,"play_id":"25dc7488-bbed-47be-8c55-2cde97414f20","local_time":"20190601163848","is_ascension_mode":false,"campfire_choices":[{"data":"Neutralize","floor":6,"key":"SMITH"},{"data":"Die Die Die","floor":11,"key":"SMITH"},{"data":"Dodge and Roll","floor":13,"key":"SMITH"},{"data":"Bouncing Flask","floor":15,"key":"SMITH"},{"data":"Deadly Poison","floor":23,"key":"SMITH"},{"data":"Survivor","floor":25,"key":"SMITH"},{"floor":32,"key":"REST"}],"neow_cost":"PERCENT_DAMAGE","seed_source_timestamp":1233275334120780,"circlet_count":0,"master_deck":["Defend_G","Defend_G","Defend_G","Defend_G","Defend_G","Strike_G","Survivor+1","Neutralize+1","Die Die Die+1","Backstab","Backstab","Dodge and Roll+1","Bouncing Flask+1","Deadly Poison+1","Wraith Form v2+1","Cloak And Dagger+1","Corpse Explosion+1","Bullet Time+1","Prepared+1","Bane+1","Well Laid Plans+1","Blur+1","Storm of Steel+1","Adrenaline+1","Backflip+1","Calculated Gamble+1"],"relics":["Ring of the Snake","Singing Bowl","Toxic Egg 2","Astrolabe","Red Mask","Tough Bandages","Incense Burner"],"potions_floor_usage":[7,16],"damage_taken":[{"damage":0,"enemies":"Small Slimes","floor":1,"turns":2},{"damage":0,"enemies":"2 Louse","floor":2,"turns":1},{"damage":0,"enemies":"Cultist","floor":3,"turns":3},{"damage":3,"enemies":"Large Slime","floor":4,"turns":6},{"damage":0,"enemies":"Exordium Wildlife","floor":5,"turns":2},{"damage":9,"enemies":"Lagavulin","floor":7,"turns":5},{"damage":0,"enemies":"Exordium Thugs","floor":8,"turns":4},{"damage":0,"enemies":"2 Fungi Beasts","floor":12,"turns":1},{"damage":24,"enemies":"Hexaghost","floor":16,"turns":11},{"damage":1,"enemies":"Spheric Guardian","floor":18,"turns":4},{"damage":2,"enemies":"Masked Bandits","floor":19,"turns":2},{"damage":0,"enemies":"Chosen","floor":21,"turns":3},{"damage":6,"enemies":"Book of Stabbing","floor":24,"turns":7},{"damage":2,"enemies":"Snecko","floor":28,"turns":4},{"damage":0,"enemies":"3 Cultists","floor":30,"turns":5},{"damage":0,"enemies":"Snake Plant","floor":31,"turns":3},{"damage":82,"enemies":"Champ","floor":33,"turns":11}],"seed_played":"-3882503148417964955","potions_obtained":[{"floor":1,"key":"SteroidPotion"},{"floor":2,"key":"Ancient Potion"},{"floor":5,"key":"AttackPotion"},{"floor":8,"key":"PowerPotion"},{"floor":21,"key":"Block Potion"},{"floor":24,"key":"Regen Potion"}],"is_trial":false,"path_per_floor":["M","M","M","M","M","R","E","M","T","?","R","M","R","?","R","B",null,"M","?","?","M","$","R","E","R","T","$","M","$","M","M","R","B"],"character_chosen":"THE_SILENT","items_purchased":["Tough Bandages","Storm of Steel+1"],"campfire_rested":1,"item_purchase_floors":[22,22],"current_hp_per_floor":[49,49,49,46,46,46,37,39,39,39,39,39,39,39,39,15,72,73,71,71,71,71,71,65,65,65,65,65,65,65,65,76,0],"gold":97,"neow_bonus":"THREE_RARE_CARDS","is_prod":false,"is_daily":false,"chose_seed":false,"campfire_upgraded":6,"win_rate":0,"timestamp":1559432328,"path_taken":["M","M","M","M","M","R","E","M","T","?","R","M","R","?","R","BOSS","M","?","?","M","$","R","E","R","T","?","M","$","M","?","R","BOSS"],"build_version":"2019-01-23","purchased_purges":0,"victory":false,"max_hp_per_floor":[70,70,70,70,70,70,70,72,72,72,72,72,72,72,72,72,72,74,74,74,74,74,74,74,74,74,74,76,76,76,76,76,76],"card_choices":[{"not_picked":["Doppelganger","Glass Knife"],"picked":"Die Die Die","floor":0},{"not_picked":["All Out Attack","Finisher"],"picked":"Backstab","floor":1},{"not_picked":["Reflex","Deflect"],"picked":"Backstab","floor":2},{"not_picked":["Blade Dance","Underhanded Strike"],"picked":"Dodge and Roll","floor":3},{"not_picked":["Flying Knee","Sucker Punch"],"picked":"Bouncing Flask","floor":4},{"not_picked":["Dodge and Roll","Endless Agony"],"picked":"Deadly Poison","floor":5},{"not_picked":["Underhanded Strike","Cloak And Dagger"],"picked":"Wraith Form v2","floor":7},{"not_picked":["Sucker Punch","Bane","Finisher"],"picked":"Singing Bowl","floor":8},{"not_picked":["Escape Plan+1","Dodge and Roll+1"],"picked":"Cloak And Dagger+1","floor":12},{"not_picked":["Grand Finale","Bullet Time+1"],"picked":"Corpse Explosion+1","floor":16},{"not_picked":["Blade Dance+1","Deadly Poison+1","Deflect+1"],"picked":"Singing Bowl","floor":18},{"not_picked":["Poisoned Stab+1","Noxious Fumes"],"picked":"Well Laid Plans+1","floor":19},{"not_picked":["PiercingWail+1","Expertise+1"],"picked":"Blur+1","floor":21},{"not_picked":["Prepared+1","Bane"],"picked":"Adrenaline+1","floor":24},{"not_picked":["Sucker Punch","Deadly Poison+1","PiercingWail+1"],"picked":"Singing Bowl","floor":28},{"not_picked":["Sucker Punch","Dash"],"picked":"Backflip+1","floor":30},{"not_picked":["Leg Sweep+1","Catalyst+1"],"picked":"Calculated Gamble+1","floor":31}],"player_experience":177268,"relics_obtained":[{"floor":7,"key":"Singing Bowl"},{"floor":9,"key":"Toxic Egg 2"},{"floor":19,"key":"Red Mask"},{"floor":24,"key":"Incense Burner"}],"event_choices":[{"damage_healed":0,"gold_gain":0,"player_choice":"Grow","damage_taken":0,"max_hp_gain":0,"max_hp_loss":0,"event_name":"Living Wall","floor":10,"gold_loss":0,"cards_upgraded":["Wraith Form v2"]},{"damage_healed":0,"gold_gain":100,"player_choice":"Pray","damage_taken":0,"max_hp_gain":0,"max_hp_loss":0,"event_name":"Golden Shrine","floor":14,"gold_loss":0},{"damage_healed":0,"gold_gain":0,"player_choice":"Fought Bandits","damage_taken":0,"max_hp_gain":0,"max_hp_loss":0,"event_name":"Masked Bandits","floor":19,"gold_loss":0},{"cards_removed":["Strike_G"],"damage_healed":0,"gold_gain":0,"player_choice":"Gave Gold","damage_taken":0,"max_hp_gain":0,"max_hp_loss":0,"event_name":"Beggar","floor":20,"gold_loss":75}],"is_beta":false,"boss_relics":[{"not_picked":["Orrery","Eternal Feather"],"picked":"Astrolabe"}],"items_purged_floors":[],"is_endless":false,"potions_floor_spawned":[1,2,5,8,21,24,28,30],"killed_by":"Champ","ascension_level":0}