{"gold_per_floor":[117,68,68,68,93,93,133,133,160,176,201,101,101,136,136,261,261,284,309,309,5,5,36,36,60,142,158,173,1,16,30,30,161,161,181,205,205,9,9,9,9,40,90,109,109,134,155,169,169,169],"floor_reached":51,"playtime":3066,"items_purged":["Strike_G","Strike_G"],"score":879,"play_id":"5ac1d58a-39af-4882-b07e-5c8998f768c5","local_time":"20190110231533","is_ascension_mode":true,"campfire_choices":[{"data":"Dash","floor":6.0,"key":"SMITH"},{"data":"Acrobatics","floor":13.0,"key":"SMITH"},{"data":"Crippling Poison","floor":15.0,"key":"SMITH"},{"data":"Tools of the Trade","floor":24.0,"key":"SMITH"},{"floor":32.0,"key":"REST"},{"data":"A Thousand Cuts","floor":40.0,"key":"SMITH"},{"floor":45.0,"key":"REST"},{"floor":49,"key":"REST"}],"neow_cost":"NONE","seed_source_timestamp":0,"circlet_count":0,"master_deck":["Defend_G","Defend_G","Defend_G","Defend_G","Defend_G","Strike_G","Survivor","Neutralize","Acrobatics+1","Underhanded Strike","Dash+1","Dagger Throw+1","Crippling Poison+1","Slice+1","Tools of the Trade+1","Tactician+1","Deflect+1","Tactician+1","Expertise","A Thousand Cuts+1","Deadly Poison+1","Venomology","Acrobatics+1","Writhe","Madness","Eviscerate+1","Regret","Blur+1","Skewer+1"],"special_seed":0,"relics":["Ring of the Snake","NeowsBlessing","Golden Idol","Spirit Poop","Regal Pillow","Molten Egg 2","Bronze Scales","Orichalcum","Empty Cage","Tingsha","MutagenicStrength","Ancient Tea Set","Mummified Hand","Cursed Key","HandDrill","Oddly Smooth Stone","Pen Nib"],"potions_floor_usage":[48,50,50],"damage_taken":[{"damage":0.0,"enemies":"Jaw Worm","floor":1.0,"turns":1.0},{"damage":0.0,"enemies":"Cultist","floor":5.0,"turns":1.0},{"damage":0.0,"enemies":"Gremlin Nob","floor":7.0,"turns":1.0},{"damage":0.0,"enemies":"Small Slimes","floor":10.0,"turns":3.0},{"damage":4.0,"enemies":"Exordium Thugs","floor":11.0,"turns":5.0},{"damage":6.0,"enemies":"3 Sentries","floor":14.0,"turns":9.0},{"damage":25.0,"enemies":"The Guardian","floor":16.0,"turns":12.0},{"damage":1.0,"enemies":"3 Byrds","floor":18.0,"turns":3.0},{"damage":5.0,"enemies":"Shell Parasite","floor":19.0,"turns":5.0},{"damage":21.0,"enemies":"Slavers","floor":23.0,"turns":5.0},{"damage":0.0,"enemies":"Chosen and Byrds","floor":25.0,"turns":4.0},{"damage":0.0,"enemies":"3 Cultists","floor":27.0,"turns":4.0},{"damage":0.0,"enemies":"Snake Plant","floor":28.0,"turns":3.0},{"damage":0.0,"enemies":"Chosen and Byrds","floor":30.0,"turns":3.0},{"damage":7.0,"enemies":"Cultist and Chosen","floor":31.0,"turns":5.0},{"damage":71.0,"enemies":"Champ","floor":33.0,"turns":10.0},{"damage":8.0,"enemies":"3 Darklings","floor":35.0,"turns":4.0},{"damage":1.0,"enemies":"3 Shapes","floor":36.0,"turns":4.0},{"damage":18.0,"enemies":"Nemesis","floor":42.0,"turns":5.0},{"damage":14.0,"enemies":"Maw","floor":44.0,"turns":6.0},{"damage":24,"enemies":"3 Darklings","floor":46,"turns":3},{"damage":0,"enemies":"Jaw Worm Horde","floor":47,"turns":3},{"damage":8,"enemies":"4 Shapes","floor":48,"turns":5},{"damage":63,"enemies":"Donu and Deca","floor":50,"turns":10}],"seed_played":"6179909267200735761","potions_obtained":[{"floor":5.0,"key":"Block Potion"},{"floor":7.0,"key":"Regen Potion"},{"floor":19.0,"key":"SkillPotion"},{"floor":27.0,"key":"EntropicBrew"},{"floor":30.0,"key":"Energy Potion"},{"floor":33.0,"key":"AttackPotion"},{"floor":35.0,"key":"Energy Potion"},{"floor":36.0,"key":"EssenceOfSteel"},{"floor":42.0,"key":"Block Potion"},{"floor":48,"key":"GamblersBrew"}],"is_trial":false,"path_per_floor":["M","$","?","?","M","R","E","T","T","M","M","$","R","E","R","B",null,"M","M","?","$","?","E","R","M","T","M","M","$","M","M","R","B",null,"M","M","?","$","?","R","?","E","T","M","R","M","M","M","R","B",null],"character_chosen":"THE_SILENT","items_purchased":["Underhanded Strike","Slice+1","Tingsha","Regen Potion","HandDrill"],"campfire_rested":3,"item_purchase_floors":[2,12,21,29,38],"current_hp_per_floor":[70,70,70,70,70,70,70,70,70,70,66,66,66,60,60,35,61,60,55,55,55,55,34,34,34,34,34,43,43,43,36,70,8,55,47,46,46,46,64,64,64,46,46,32,68,44,44,36,70,21],"gold":169,"neow_bonus":"THREE_ENEMY_KILL","is_prod":false,"is_daily":false,"chose_seed":false,"campfire_upgraded":5,"win_rate":0,"timestamp":1547190933,"path_taken":["M","$","?","?","?","R","E","?","T","M","M","$","R","E","R","BOSS","M","M","?","?","?","E","R","M","T","M","M","$","M","M","R","BOSS","M","M","?","$","?","R","?","E","T","M","R","M","M","M","R","BOSS"],"build_version":"2019-01-10","purchased_purges":2,"victory":true,"max_hp_per_floor":[70,70,70,70,70,70,70,70,70,70,70,70,70,70,70,70,70,70,70,70,70,70,70,70,70,70,70,70,70,70,70,70,70,70,70,70,70,70,70,70,70,70,70,70,70,70,70,70,70,70],"card_choices":[{"not_picked":["Deflect","Concentrate"],"picked":"Acrobatics","floor":1.0},{"not_picked":["Bane","Blade Dance"],"picked":"Dash","floor":5.0},{"not_picked":["Cloak And Dagger","Riddle With Holes","Poisoned Stab"],"picked":"SKIP","floor":7.0},{"not_picked":["Endless Agony+1","Backflip"],"picked":"Dagger Throw+1","floor":10.0},{"not_picked":["Bouncing Flask","Poisoned Stab+1"],"picked":"Crippling Poison","floor":11.0},{"not_picked":["Quick Slash+1","Bane+1","Flechettes+1"],"picked":"SKIP","floor":14.0},{"not_picked":["Night Terror","After Image"],"picked":"Tools of the Trade","floor":16.0},{"not_picked":["Prepared","Sucker Punch+1"],"picked":"Tactician+1","floor":18.0},{"not_picked":["Terror","Setup"],"picked":"Deflect+1","floor":19.0},{"not_picked":["Distraction","Accuracy"],"picked":"Expertise","floor":23.0},{"not_picked":["Prepared+1","Masterful Stab+1","Tactician+1"],"picked":"SKIP","floor":25.0},{"not_picked":["Deflect","Quick Slash+1","Infinite Blades"],"picked":"SKIP","floor":27.0},{"not_picked":["Bane+1","Dodge and Roll"],"picked":"A Thousand Cuts","floor":28.0},{"not_picked":["Predator+1","Dagger Throw+1","PiercingWail+1"],"picked":"SKIP","floor":30.0},{"not_picked":["Dagger Throw+1","Distraction"],"picked":"Deadly Poison+1","floor":31.0},{"not_picked":["Storm of Steel","Wraith Form v2"],"picked":"Venomology","floor":33.0},{"not_picked":["Distraction","Masterful Stab+1"],"picked":"Acrobatics+1","floor":35.0},{"not_picked":["Heel Hook+1","Quick Slash+1","Dagger Throw+1"],"picked":"SKIP","floor":36.0},{"not_picked":["Violence","Dramatic Entrance+1"],"picked":"Madness","floor":41.0},{"not_picked":["Dagger Spray+1","Tactician"],"picked":"Eviscerate+1","floor":42.0},{"not_picked":["PiercingWail+1","Dagger Spray+1"],"picked":"Blur+1","floor":44.0},{"not_picked":["Slice+1","Dagger Throw+1","Escape Plan"],"picked":"SKIP","floor":46},{"not_picked":["Concentrate","Outmaneuver+1"],"picked":"Skewer+1","floor":47},{"not_picked":["Masterful Stab+1","Quick Slash+1","All Out Attack+1"],"picked":"SKIP","floor":48}],"player_experience":622781,"relics_obtained":[{"floor":7.0,"key":"Regal Pillow"},{"floor":8.0,"key":"Molten Egg 2"},{"floor":9.0,"key":"Bronze Scales"},{"floor":14.0,"key":"Orichalcum"},{"floor":23.0,"key":"Ancient Tea Set"},{"floor":26.0,"key":"Mummified Hand"},{"floor":42.0,"key":"Oddly Smooth Stone"},{"floor":43.0,"key":"Pen Nib"}],"event_choices":[{"damage_healed":0.0,"max_hp_gain":0.0,"max_hp_loss":0.0,"gold_gain":0.0,"event_name":"Golden Idol","player_choice":"Take Wound","floor":3.0,"gold_loss":0.0,"damage_taken":0.0,"relics_obtained":["Golden Idol"],"cards_obtained":["Injury"]},{"cards_removed":["Injury"],"damage_healed":0.0,"max_hp_gain":0.0,"max_hp_loss":0.0,"gold_gain":0.0,"event_name":"Bonfire Elementals","player_choice":"Offered Curse","floor":4.0,"gold_loss":0.0,"damage_taken":0.0,"relics_obtained":["Spirit Poop"]},{"damage_healed":0.0,"max_hp_gain":0.0,"max_hp_loss":0.0,"gold_gain":0.0,"event_name":"Duplicator","player_choice":"Copied","floor":20.0,"gold_loss":0.0,"damage_taken":0.0,"cards_obtained":["Tactician"]},{"damage_healed":0.0,"max_hp_gain":0.0,"max_hp_loss":0.0,"gold_gain":0.0,"event_name":"Drug Dealer","player_choice":"Inject Mutagens","floor":22.0,"gold_loss":0.0,"damage_taken":0.0,"relics_obtained":["MutagenicStrength"]},{"damage_healed":0.0,"max_hp_gain":0.0,"max_hp_loss":0.0,"gold_gain":0.0,"event_name":"Mysterious Sphere","player_choice":"Ignored","floor":37.0,"gold_loss":0.0,"damage_taken":0.0},{"damage_healed":18.0,"max_hp_gain":0.0,"max_hp_loss":0.0,"gold_gain":0.0,"event_name":"Winding Halls","player_choice":"Writhe","floor":39.0,"gold_loss":0.0,"damage_taken":0.0,"cards_obtained":["Writhe"]},{"damage_healed":0.0,"max_hp_gain":0.0,"max_hp_loss":0.0,"gold_gain":0.0,"event_name":"SensoryStone","player_choice":"Memory 1","floor":41.0,"gold_loss":0.0,"damage_taken":0.0}],"is_beta":false,"boss_relics":[{"not_picked":["Eternal Feather","Runic Pyramid"],"picked":"Empty Cage"},{"not_picked":["Philosopher\u0027s Stone","Tiny House"],"picked":"Cursed Key"}],"items_purged_floors":[12,29],"is_endless":false,"potions_floor_spawned":[5,7,19,27,30,33,35,36,42,48],"ascension_level":5}