{"gold_per_floor":[116,133,151,169,186,186,220,232,232,232,232,244,262,262,262,365,365,379,379,397,48,48,48],"floor_reached":23,"playtime":3498,"items_purged":[],"score":195,"play_id":"951ce21f-a73c-42d1-ad24-cb1a2cf7d5c7","local_time":"20181007212349","is_ascension_mode":false,"campfire_choices":[{"data":"Fire Breathing","floor":6,"key":"SMITH"},{"floor":10,"key":"REST"},{"floor":15,"key":"REST"}],"neow_cost":"","seed_source_timestamp":315093322828704,"circlet_count":0,"master_deck":["Strike_R","Strike_R","Strike_R","Strike_R","Strike_R","Defend_R","Defend_R","Defend_R","Defend_R","Bash","Thunderclap","Fire Breathing+1","Iron Wave","Thunderclap","Shrug It Off","Body Slam","Anger","Parasite","Flex","Warcry","Brutality","Seeing Red","Inflame","Corruption","Secret Technique","Dark Shackles"],"relics":["Burning Blood","Juzu Bracelet","Meat on the Bone","White Beast Statue","Toxic Egg 2"],"potions_floor_usage":[12,16,16,16,20],"damage_taken":[{"damage":7,"enemies":"2 Louse","floor":1,"turns":3},{"damage":6,"enemies":"Jaw Worm","floor":2,"turns":3},{"damage":6,"enemies":"Cultist","floor":3,"turns":4},{"damage":8,"enemies":"3 Louse","floor":4,"turns":3},{"damage":12,"enemies":"Looter","floor":5,"turns":4},{"damage":44,"enemies":"Gremlin Nob","floor":7,"turns":5},{"damage":16,"enemies":"Large Slime","floor":8,"turns":6},{"damage":23,"enemies":"Exordium Wildlife","floor":12,"turns":6},{"damage":7,"enemies":"Looter","floor":13,"turns":4},{"damage":57,"enemies":"The Guardian","floor":16,"turns":11},{"damage":17,"enemies":"Chosen","floor":18,"turns":6},{"damage":26,"enemies":"3 Byrds","floor":20,"turns":5},{"damage":51,"enemies":"Snake Plant","floor":23,"turns":6}],"seed_played":"517572986400945498","potions_obtained":[{"floor":2,"key":"AttackPotion"},{"floor":7,"key":"SteroidPotion"},{"floor":8,"key":"EssenceOfSteel"},{"floor":13,"key":"BloodPotion"},{"floor":18,"key":"Block Potion"},{"floor":20,"key":"LiquidBronze"}],"is_trial":false,"path_per_floor":["M","M","M","M","M","R","E","M","T","R","?","M","M","?","R","B",null,"M","?","M","$","?"],"character_chosen":"IRONCLAD","items_purchased":["Secret Technique","Dark Shackles","Energy Potion"],"campfire_rested":2,"item_purchase_floors":[21,21,21],"current_hp_per_floor":[79,79,79,77,71,71,33,23,23,47,67,50,49,49,73,42,80,69,69,49,49,49,0],"gold":48,"neow_bonus":"","is_prod":false,"is_daily":false,"chose_seed":false,"campfire_upgraded":1,"win_rate":0.0,"timestamp":1538936629,"path_taken":["M","M","M","M","M","R","E","M","T","R","?","M","M","?","R","BOSS","M","?","M","$","?","M"],"build_version":"2018-10-04v2","purchased_purges":0,"victory":false,"max_hp_per_floor":[80,80,80,80,80,80,80,80,80,80,80,80,80,80,80,80,80,80,80,80,80,80,80],"card_choices":[{"not_picked":["Sword Boomerang","Cleave"],"picked":"Thunderclap","floor":1},{"not_picked":["Body Slam","True Grit"],"picked":"Fire Breathing","floor":2},{"not_picked":["Shrug It Off","Brutality"],"picked":"Iron Wave","floor":3},{"not_picked":["Headbutt","Iron Wave"],"picked":"Thunderclap","floor":4},{"not_picked":["Iron Wave","Perfected Strike"],"picked":"Shrug It Off","floor":5},{"not_picked":["Clash","Uppercut"],"picked":"Body Slam","floor":7},{"not_picked":["Barricade","Perfected Strike"],"picked":"Anger","floor":8},{"not_picked":["Twin Strike","Dual Wield"],"picked":"Flex","floor":12},{"not_picked":["Thunderclap","Pommel Strike"],"picked":"Warcry","floor":13},{"not_picked":["Juggernaut","Double Tap"],"picked":"Brutality","floor":16},{"not_picked":["Iron Wave","Infernal Blade"],"picked":"Seeing Red","floor":18},{"not_picked":["Warcry","Infernal Blade"],"picked":"Corruption","floor":20}],"player_experience":0,"relics_obtained":[{"floor":7,"key":"Juzu Bracelet"},{"floor":9,"key":"Meat on the Bone"}],"event_choices":[{"event_name":"Mushrooms","player_choice":"Healed and dodged fight","floor":11,"damage_taken":0},{"event_name":"Shining Light","player_choice":"Ignored","floor":14,"damage_taken":0},{"event_name":"The Library","player_choice":"Read","floor":19,"damage_taken":0},{"event_name":"WeMeetAgain","player_choice":"Potion","floor":22,"damage_taken":0}],"is_beta":false,"boss_relics":[{"not_picked":["Cursed Key","Philosopher\u0027s Stone"],"picked":"White Beast Statue"}],"items_purged_floors":[],"is_endless":false,"potions_floor_spawned":[2,7,8,13,18,20],"killed_by":"Snake Plant","ascension_level":0}