{"gold_per_floor":[115,115,190,190,200,225,225,17,88,115,132,144,154,168,168,265,265,276,2,18,18,33,33,62,24,74,89,99,99,99,115,115,210,210,229,124,144,158,158,191,208,242,242,276,122,141,153,48,48,48,48,48,48,77,77],"floor_reached":56,"playtime":8626,"items_purged":["Strike_B","Pain"],"score":1346,"play_id":"e69e4233-7f03-4db0-b717-3aeb5c665bec","local_time":"20190528201424","is_ascension_mode":false,"campfire_choices":[{"data":"Zap","floor":7.0,"key":"SMITH"},{"floor":15.0,"key":"REST"},{"data":"Defragment","floor":23,"key":"SMITH"},{"data":"Loop","floor":30,"key":"SMITH"},{"data":"Darkness","floor":32,"key":"SMITH"},{"floor":49,"key":"RECALL"},{"floor":52,"key":"REST"}],"neow_cost":"NONE","seed_source_timestamp":0,"circlet_count":0,"master_deck":["Strike_B+1","Defend_B","Defend_B+1","Defend_B","Defend_B","Zap+1","Dualcast","Cold Snap","Glacier","Hologram","Darkness+1","Loop+1","Compile Driver","Doom and Gloom","Conserve Battery+1","Chill+1","Multi-Cast+1","Cold Snap","Defragment+1","Hologram+1","Cold Snap","Glacier+1","Redo+1","Shrug It Off","Ball Lightning+1","Core Surge","Hologram+1","Barrage","Capacitor+1","Coolheaded+1","Biased Cognition","Consume+1","Defragment+1"],"special_seed":0,"relics":["Cracked Core","NeowsBlessing","Pantograph","Runic Capacitor","The Courier","Toxic Egg 2","Cursed Key","Membership Card","Omamori","Kunai","Regal Pillow","Fusion Hammer","Chemical X","Blood Vial","Ginger","Prayer Wheel","ClockworkSouvenir","Shuriken","Ornamental Fan"],"potions_floor_usage":[27,33,33,38,38,55,55,55],"damage_taken":[{"damage":0.0,"enemies":"Small Slimes","floor":1.0,"turns":1.0},{"damage":0.0,"enemies":"Jaw Worm","floor":5.0,"turns":1.0},{"damage":0.0,"enemies":"3 Sentries","floor":6.0,"turns":1.0},{"damage":12.0,"enemies":"Gremlin Nob","floor":10.0,"turns":4.0},{"damage":2.0,"enemies":"Cultist","floor":11.0,"turns":4.0},{"damage":2.0,"enemies":"Exordium Wildlife","floor":12.0,"turns":4.0},{"damage":3.0,"enemies":"Exordium Thugs","floor":13.0,"turns":3.0},{"damage":2.0,"enemies":"3 Louse","floor":14.0,"turns":2.0},{"damage":2.0,"enemies":"Hexaghost","floor":16.0,"turns":6.0},{"damage":1.0,"enemies":"Spheric Guardian","floor":18.0,"turns":3.0},{"damage":1,"enemies":"Chosen","floor":20,"turns":7},{"damage":4,"enemies":"Centurion and Healer","floor":22,"turns":6},{"damage":23,"enemies":"Gremlin Leader","floor":24,"turns":9},{"damage":0,"enemies":"Snecko","floor":27,"turns":4},{"damage":2,"enemies":"Cultist and Chosen","floor":28,"turns":3},{"damage":0,"enemies":"Chosen and Byrds","floor":31,"turns":6},{"damage":12,"enemies":"Automaton","floor":33,"turns":6},{"damage":0,"enemies":"Orb Walker","floor":35,"turns":3},{"damage":0,"enemies":"3 Darklings","floor":37,"turns":4},{"damage":13,"enemies":"Writhing Mass","floor":38,"turns":4},{"damage":0,"enemies":"Giant Head","floor":40,"turns":5},{"damage":0,"enemies":"Transient","floor":41,"turns":5},{"damage":10,"enemies":"Reptomancer","floor":42,"turns":7},{"damage":3,"enemies":"Giant Head","floor":44,"turns":7},{"damage":0,"enemies":"Jaw Worm Horde","floor":46,"turns":5},{"damage":0,"enemies":"Maw","floor":47,"turns":6},{"damage":0,"enemies":"Awakened One","floor":50,"turns":9},{"damage":21,"enemies":"Shield and Spear","floor":54,"turns":6},{"damage":25,"enemies":"The Heart","floor":55,"turns":10}],"seed_played":"2429521598923506480","potions_obtained":[{"floor":1.0,"key":"Strength Potion"},{"floor":6.0,"key":"FocusPotion"},{"floor":11.0,"key":"Block Potion"},{"floor":13.0,"key":"Weak Potion"},{"floor":20,"key":"Dexterity Potion"},{"floor":22,"key":"AttackPotion"},{"floor":24,"key":"Dexterity Potion"},{"floor":31,"key":"AttackPotion"},{"floor":33,"key":"GamblersBrew"},{"floor":35,"key":"Ancient Potion"},{"floor":39,"key":"SmokeBomb"},{"floor":39,"key":"Ancient Potion"},{"floor":40,"key":"Dexterity Potion"},{"floor":42,"key":"FocusPotion"}],"is_trial":false,"path_per_floor":["M","?","?","?","M","E","R","$","T","E","M","M","M","M","R","B",null,"M","$","M","?","M","R","E","$","T","M","M","?","R","M","R","B",null,"M","$","M","M","?","E","M","E","T","E","$","M","M","$","R","B",null,"R","$","E","B",null],"character_chosen":"DEFECT","items_purchased":["Runic Capacitor","Membership Card","Omamori","Defragment","Hologram+1","Chemical X","Hologram+1","SpeedPotion","ClockworkSouvenir","Shuriken"],"campfire_rested":2,"item_purchase_floors":[8,19,19,19,19,36,36,45,45,48],"current_hp_per_floor":[75,60,49,49,49,49,49,49,49,37,35,33,30,28,50,73,75,74,74,73,73,69,69,46,46,46,46,44,44,44,44,44,57,75,75,75,75,62,62,62,64,56,56,55,55,57,59,59,59,75,75,75,75,54,50],"gold":77,"neow_bonus":"THREE_ENEMY_KILL","is_prod":false,"is_daily":false,"chose_seed":false,"campfire_upgraded":4,"win_rate":0,"timestamp":1559099664,"path_taken":["M","?","?","?","M","E","R","$","T","E","M","M","M","M","R","BOSS","M","?","M","?","M","R","E","$","T","?","M","?","R","M","R","BOSS","M","$","M","M","?","E","M","E","T","E","?","?","M","$","R","BOSS","R","$","E","BOSS"],"build_version":"2019-01-23","purchased_purges":2,"victory":true,"max_hp_per_floor":[75,75,75,75,75,75,75,75,75,75,75,75,75,75,75,75,75,75,75,75,75,75,75,75,75,75,75,75,75,75,75,75,75,75,75,75,75,75,75,75,75,75,75,75,75,75,75,75,75,75,75,75,75,75,75],"card_choices":[{"not_picked":["Recycle","Double Energy"],"picked":"Cold Snap","floor":1.0},{"not_picked":["Steam","Leap"],"picked":"Hologram","floor":5.0},{"not_picked":["Sweeping Beam","Tempest"],"picked":"Darkness","floor":6.0},{"not_picked":["Double Energy","Beam Cell"],"picked":"Loop","floor":10.0},{"not_picked":["FTL","Rip and Tear"],"picked":"Compile Driver","floor":11.0},{"not_picked":["Rip and Tear","Leap+1"],"picked":"Doom and Gloom","floor":12.0},{"not_picked":["Static Discharge","Blizzard"],"picked":"Conserve Battery+1","floor":13.0},{"not_picked":["Cold Snap","White Noise+1"],"picked":"Chill+1","floor":14.0},{"not_picked":["All For One","Reboot+1"],"picked":"Multi-Cast+1","floor":16.0},{"not_picked":["Double Energy+1","Reinforced Body+1"],"picked":"Cold Snap","floor":18.0},{"not_picked":["Barrage","Compile Driver+1"],"picked":"Cold Snap","floor":20},{"not_picked":["FTL","Scrape","Reprogram+1"],"picked":"SKIP","floor":22},{"not_picked":["Aggregate+1","Sweeping Beam"],"picked":"Glacier+1","floor":24},{"not_picked":["Sunder","Rebound","Gash+1"],"picked":"SKIP","floor":27},{"not_picked":["Turbo+1","Beam Cell"],"picked":"Redo+1","floor":28},{"not_picked":["Stack+1","Leap+1"],"picked":"Ball Lightning+1","floor":31},{"not_picked":["Reboot+1","Meteor Strike"],"picked":"Core Surge","floor":33},{"not_picked":["FTL","Rebound+1","Storm"],"picked":"SKIP","floor":35},{"not_picked":["Stack+1","Steam+1"],"picked":"Barrage","floor":37},{"not_picked":["Redo+1","Rip and Tear"],"picked":"Capacitor+1","floor":38},{"not_picked":["Aggregate+1","Darkness+1"],"picked":"Coolheaded+1","floor":40},{"not_picked":["Stack+1","Auto Shields+1","Blizzard"],"picked":"SKIP","floor":41},{"not_picked":["Genetic Algorithm+1","FTL"],"picked":"Biased Cognition","floor":42},{"not_picked":["Ball Lightning+1","Cold Snap","Heatsinks"],"picked":"SKIP","floor":44},{"not_picked":["Melter","Conserve Battery+1"],"picked":"Consume+1","floor":46},{"not_picked":["Streamline+1","Aggregate+1","Capacitor"],"picked":"SKIP","floor":46},{"not_picked":["Go for the Eyes+1","Sweeping Beam","Turbo+1"],"picked":"SKIP","floor":47},{"not_picked":["Hello World","Barrage+1","Ball Lightning+1"],"picked":"SKIP","floor":47},{"not_picked":["Steam+1","Scrape+1"],"picked":"Defragment+1","floor":54}],"player_experience":86305,"relics_obtained":[{"floor":6.0,"key":"Pantograph"},{"floor":9.0,"key":"The Courier"},{"floor":10.0,"key":"Toxic Egg 2"},{"floor":24,"key":"Kunai"},{"floor":26,"key":"Regal Pillow"},{"floor":40,"key":"Blood Vial"},{"floor":42,"key":"Ginger"},{"floor":44,"key":"Prayer Wheel"},{"floor":54,"key":"Ornamental Fan"}],"event_choices":[{"damage_healed":0.0,"max_hp_gain":0.0,"max_hp_loss":0.0,"gold_gain":0.0,"event_name":"Shining Light","player_choice":"Entered Light","floor":2.0,"gold_loss":0.0,"damage_taken":15.0,"cards_upgraded":["Strike_B","Defend_B"]},{"damage_healed":0.0,"max_hp_gain":0.0,"max_hp_loss":0.0,"gold_gain":75.0,"event_name":"World of Goop","player_choice":"Gather Gold","floor":3.0,"gold_loss":0.0,"damage_taken":11.0},{"damage_healed":0.0,"max_hp_gain":0.0,"max_hp_loss":0.0,"gold_gain":0.0,"cards_transformed":["Strike_B"],"event_name":"Transmorgrifier","player_choice":"Transformed","floor":4.0,"gold_loss":0.0,"damage_taken":0.0,"cards_obtained":["Glacier"]},{"damage_healed":0,"gold_gain":0,"cards_transformed":["Strike_B"],"player_choice":"Transformed","damage_taken":0,"max_hp_gain":0,"max_hp_loss":0,"event_name":"Transmorgrifier","floor":21,"gold_loss":0,"cards_obtained":["FTL"]},{"cards_removed":["FTL"],"damage_healed":0,"gold_gain":0,"player_choice":"Took Card","damage_taken":0,"max_hp_gain":0,"max_hp_loss":0,"event_name":"NoteForYourself","floor":29,"gold_loss":0,"cards_obtained":["Shrug It Off"]},{"damage_healed":0,"gold_gain":0,"player_choice":"Got Potions","damage_taken":0,"max_hp_gain":0,"max_hp_loss":0,"event_name":"Lab","floor":39,"gold_loss":0}],"is_beta":false,"boss_relics":[{"not_picked":["Sozu","Coffee Dripper"],"picked":"Cursed Key"},{"not_picked":["Pandora\u0027s Box","Empty Cage"],"picked":"Fusion Hammer"}],"items_purged_floors":[25,45],"is_endless":false,"potions_floor_spawned":[1,6,11,13,20,22,24,31,33,35,40,42,44,47],"ascension_level":0}