{"gold_per_floor":[115,115,115,115,65,65,81,81,81,81,133,144,159,194,206,320,332,355,367,399,429,441,453,515,527],"floor_reached":25,"playtime":1187,"items_purged":[],"score":229,"play_id":"08838d1c-60a0-4889-8c83-ae91c5452afd","local_time":"20181114185846","is_ascension_mode":true,"campfire_choices":[{"data":"Barricade","floor":6,"key":"SMITH"},{"data":"Shrug It Off","floor":8,"key":"SMITH"},{"data":"Entrench","floor":10,"key":"SMITH"},{"floor":15,"key":"REST"},{"floor":23,"key":"REST"}],"neow_cost":"PERCENT_DAMAGE","seed_source_timestamp":866846804564026,"circlet_count":0,"master_deck":["Strike_R","Strike_R+1","Strike_R+1","Defend_R","Defend_R","Defend_R","Defend_R","Bash","Barricade+1","Entrench+1","Shrug It Off+1","Reaper","Fiend Fire","Reaper","Body Slam+1"],"relics":["Burning Blood","Red Skull","Letter Opener","Lantern","MawBank","Runic Pyramid"],"potions_floor_usage":[13,14,25],"damage_taken":[{"damage":10,"enemies":"Small Slimes","floor":1,"turns":3},{"damage":4,"enemies":"2 Louse","floor":7,"turns":3},{"damage":0,"enemies":"Jaw Worm","floor":12,"turns":7},{"damage":5,"enemies":"2 Fungi Beasts","floor":13,"turns":4},{"damage":38,"enemies":"Gremlin Nob","floor":14,"turns":5},{"damage":3,"enemies":"Slime Boss","floor":16,"turns":29},{"damage":31,"enemies":"Shell Parasite","floor":18,"turns":18},{"damage":1,"enemies":"Spheric Guardian","floor":20,"turns":3},{"damage":28,"enemies":"Snake Plant","floor":21,"turns":7},{"damage":64,"enemies":"Book of Stabbing","floor":25,"turns":6}],"seed_played":"-388809836945097721","potions_obtained":[{"floor":1,"key":"Ancient Potion"},{"floor":12,"key":"AttackPotion"},{"floor":13,"key":"AttackPotion"},{"floor":18,"key":"LiquidBronze"}],"is_trial":false,"path_per_floor":["M","?","?","?","$","R","M","R","T","R","T","M","M","E","R","B",null,"M","?","M","M","?","R","?","E"],"character_chosen":"IRONCLAD","items_purchased":["Shrug It Off"],"campfire_rested":2,"item_purchase_floors":[5],"current_hp_per_floor":[52,36,62,50,50,50,52,52,52,52,52,58,59,27,51,54,80,55,55,60,38,38,62,62,0],"gold":527,"neow_bonus":"THREE_RARE_CARDS","is_prod":false,"is_daily":false,"chose_seed":false,"campfire_upgraded":3,"win_rate":0,"timestamp":1542239926,"path_taken":["M","?","?","?","$","R","M","R","T","R","?","?","M","E","R","BOSS","M","?","M","M","?","R","?","E"],"build_version":"2018-11-13","purchased_purges":0,"victory":false,"max_hp_per_floor":[80,80,80,80,80,80,80,80,80,80,80,80,80,80,80,80,80,80,80,80,80,80,80,80,80],"card_choices":[{"not_picked":["Offering","Impervious"],"picked":"Barricade","floor":0},{"not_picked":["Whirlwind","Thunderclap"],"picked":"Entrench","floor":1},{"not_picked":["Clash","Hemokinesis","Spot Weakness"],"picked":"SKIP","floor":7},{"not_picked":["Wild Strike","Seeing Red","Cleave"],"picked":"SKIP","floor":12},{"not_picked":["Sword Boomerang","Second Wind","Thunderclap"],"picked":"SKIP","floor":13},{"not_picked":["Perfected Strike","Thunderclap","Sword Boomerang"],"picked":"SKIP","floor":14},{"not_picked":["Fiend Fire","Dark Embrace"],"picked":"Reaper","floor":16},{"not_picked":["Infernal Blade","Dual Wield+1","Whirlwind"],"picked":"SKIP","floor":18},{"not_picked":["Heavy Blade","Seeing Red"],"picked":"Body Slam+1","floor":20},{"not_picked":["Clash+1","Blood for Blood","Pummel"],"picked":"SKIP","floor":21}],"player_experience":365858,"relics_obtained":[{"floor":9,"key":"Letter Opener"},{"floor":11,"key":"Lantern"},{"floor":14,"key":"MawBank"}],"event_choices":[{"damage_healed":0,"gold_gain":0,"player_choice":"Entered Light","damage_taken":16,"max_hp_gain":0,"max_hp_loss":0,"event_name":"Shining Light","floor":2,"gold_loss":0,"cards_upgraded":["Strike_R","Strike_R"]},{"damage_healed":26,"gold_gain":0,"player_choice":"Banana","damage_taken":0,"max_hp_gain":0,"max_hp_loss":0,"event_name":"Big Fish","floor":3,"gold_loss":0},{"damage_healed":0,"gold_gain":0,"player_choice":"Success","damage_taken":12,"relics_obtained":["Red Skull"],"max_hp_gain":0,"max_hp_loss":0,"event_name":"Scrap Ooze","floor":4,"gold_loss":0},{"damage_healed":0,"gold_gain":0,"cards_transformed":["Strike_R","Strike_R"],"player_choice":"Became Test Subject","damage_taken":0,"max_hp_gain":0,"max_hp_loss":0,"event_name":"Drug Dealer","floor":19,"gold_loss":0,"cards_obtained":["Fiend Fire","Reaper"]},{"damage_healed":0,"gold_gain":0,"player_choice":"Ignored","damage_taken":0,"max_hp_gain":0,"max_hp_loss":0,"event_name":"Ghosts","floor":22,"gold_loss":0},{"damage_healed":0,"gold_gain":100,"player_choice":"Bet on Murderer","damage_taken":0,"max_hp_gain":0,"max_hp_loss":0,"event_name":"The Joust","floor":24,"gold_loss":50}],"is_beta":true,"boss_relics":[{"not_picked":["Orrery","Lizard Tail"],"picked":"Runic Pyramid"}],"items_purged_floors":[],"is_endless":false,"potions_floor_spawned":[1,12,13,18],"killed_by":"Book of Stabbing","ascension_level":3}