{"gold_per_floor":[118,118,118,118,132,132,171,46,46,46,65,85,103,103,103,196,196,215,215,13,26,26,26,26,26,26,60,8,47,61,61,61,160,160,181,199,199,53,53],"floor_reached":39,"playtime":1493,"items_purged":["Strike_B+1"],"score":685,"play_id":"fd0d2892-461b-4f2f-ae3f-37d99f00eb09","local_time":"20190208120019","is_ascension_mode":true,"campfire_choices":[{"data":"Zap","floor":6.0,"key":"SMITH"},{"data":"Lockon","floor":10.0,"key":"SMITH"},{"floor":15.0,"key":"REST"},{"floor":23.0,"key":"REST"},{"floor":25.0,"key":"REST"},{"floor":32.0,"key":"REST"}],"neow_cost":"NONE","seed_source_timestamp":172326160596400,"circlet_count":0,"master_deck":["AscendersBane","Strike_B+1","Strike_B+1","Defend_B+1","Defend_B+1","Defend_B+1","Defend_B+1","Zap+1","Dualcast+1","Dramatic Entrance","Lockon+1","Capacitor+1","Steam+1","Static Discharge","Ball Lightning","Conserve Battery","Echo Form","Defragment","Leap","BootSequence","Consume","Amplify","White Noise","Auto Shields","Defragment","Defragment"],"special_seed":0,"relics":["Cracked Core","Golden Idol","WingedGreaves","Shuriken","Centennial Puzzle","Fusion Hammer","Lantern","PreservedInsect","War Paint","Matryoshka","Cursed Key"],"potions_floor_usage":[],"damage_taken":[{"damage":0.0,"enemies":"Jaw Worm","floor":1.0,"turns":3.0},{"damage":7.0,"enemies":"Small Slimes","floor":5.0,"turns":2.0},{"damage":28.0,"enemies":"Gremlin Nob","floor":7.0,"turns":4.0},{"damage":0.0,"enemies":"2 Louse","floor":11.0,"turns":2.0},{"damage":14.0,"enemies":"Red Slaver","floor":12.0,"turns":3.0},{"damage":8.0,"enemies":"Blue Slaver","floor":13.0,"turns":3.0},{"damage":25.0,"enemies":"The Guardian","floor":16.0,"turns":11.0},{"damage":25.0,"enemies":"Shell Parasite","floor":18.0,"turns":4.0},{"damage":0.0,"enemies":"Spheric Guardian","floor":21.0,"turns":4.0},{"damage":37.0,"enemies":"Gremlin Leader","floor":27.0,"turns":6.0},{"damage":4.0,"enemies":"Slavers","floor":29.0,"turns":4.0},{"damage":12.0,"enemies":"Centurion and Healer","floor":30.0,"turns":6.0},{"damage":22.0,"enemies":"Champ","floor":33.0,"turns":11.0},{"damage":28.0,"enemies":"3 Darklings","floor":35.0,"turns":7.0},{"damage":25.0,"enemies":"Orb Walker","floor":36.0,"turns":6.0},{"damage":25,"enemies":"Maw","floor":39,"turns":4}],"seed_played":"-4225995150404967998","potions_obtained":[{"floor":5.0,"key":"FocusPotion"},{"floor":12.0,"key":"Explosive Potion"},{"floor":16.0,"key":"Explosive Potion"},{"floor":27.0,"key":"SkillPotion"},{"floor":29.0,"key":"FocusPotion"},{"floor":33.0,"key":"SkillPotion"}],"is_trial":false,"path_per_floor":["M","?","?","?","M","R","E","?","T","R","M","M","M","?","R","B",null,"M","?","$","M","?","R","?","R","T","E","$","E","M","$","R","B",null,"M","M","?","$","M"],"character_chosen":"DEFECT","items_purchased":["Lantern","Block Potion","Fire Potion","Defragment"],"campfire_rested":4,"item_purchase_floors":[20,20,28,38],"current_hp_per_floor":[68,68,61,66,59,59,31,31,31,31,31,17,9,9,31,6,57,32,32,32,32,32,54,54,74,74,37,37,33,21,21,43,21,61,33,8,8,8,0],"gold":53,"neow_bonus":"RANDOM_COLORLESS","is_prod":false,"is_daily":false,"chose_seed":false,"campfire_upgraded":2,"win_rate":0,"timestamp":1549645219,"path_taken":["M","?","?","?","M","R","E","?","T","R","?","M","M","?","R","BOSS","M","?","$","M","?","R","?","R","T","E","$","E","M","?","R","BOSS","M","M","?","$","?"],"build_version":"2019-02-06","purchased_purges":1,"victory":false,"max_hp_per_floor":[75,69,69,74,74,74,74,74,74,74,74,74,74,74,74,74,74,74,74,74,74,74,74,74,74,74,74,74,74,74,74,74,74,74,74,74,74,74,74],"card_choices":[{"not_picked":["Steam Power","Sweeping Beam"],"picked":"Lockon","floor":1.0},{"not_picked":["Gash","Turbo"],"picked":"Capacitor","floor":5.0},{"not_picked":["Turbo","Hologram"],"picked":"Steam","floor":7.0},{"not_picked":["Go for the Eyes","FTL"],"picked":"Static Discharge","floor":11.0},{"not_picked":["Compile Driver","Redo"],"picked":"Ball Lightning","floor":12.0},{"not_picked":["Barrage","All For One"],"picked":"Conserve Battery","floor":13.0},{"not_picked":["Multi-Cast","Reboot"],"picked":"Echo Form","floor":16.0},{"not_picked":["Gash","Barrage"],"picked":"Defragment","floor":18.0},{"not_picked":["Tempest","White Noise"],"picked":"Leap","floor":21.0},{"not_picked":["Leap","Conserve Battery"],"picked":"BootSequence","floor":27.0},{"not_picked":["Self Repair","Compile Driver"],"picked":"Consume","floor":29.0},{"not_picked":["Ball Lightning","Scrape","Recycle"],"picked":"SKIP","floor":30.0},{"not_picked":["Reboot","Fission"],"picked":"Amplify","floor":33.0},{"not_picked":["Gash+1","Doom and Gloom"],"picked":"White Noise","floor":35.0},{"not_picked":["Gash+1","Redo"],"picked":"Auto Shields","floor":36.0}],"player_experience":600084,"relics_obtained":[{"floor":7.0,"key":"WingedGreaves"},{"floor":9.0,"key":"Centennial Puzzle"},{"floor":26.0,"key":"PreservedInsect"},{"floor":27.0,"key":"War Paint"},{"floor":29.0,"key":"Matryoshka"}],"event_choices":[{"damage_healed":0.0,"max_hp_gain":0.0,"max_hp_loss":6.0,"gold_gain":0.0,"event_name":"Golden Idol","player_choice":"Lose Max HP","floor":2.0,"gold_loss":0.0,"damage_taken":0.0,"relics_obtained":["Golden Idol"]},{"cards_removed":["Strike_B"],"damage_healed":0.0,"max_hp_gain":0.0,"max_hp_loss":0.0,"gold_gain":0.0,"event_name":"Golden Wing","player_choice":"Card Removal","floor":3.0,"gold_loss":0.0,"damage_taken":7.0},{"damage_healed":0.0,"max_hp_gain":5.0,"max_hp_loss":0.0,"gold_gain":0.0,"event_name":"Big Fish","player_choice":"Donut","floor":4.0,"gold_loss":0.0,"damage_taken":0.0},{"damage_healed":0.0,"max_hp_gain":0.0,"max_hp_loss":0.0,"gold_gain":0.0,"event_name":"WeMeetAgain","player_choice":"Paid Gold","floor":8.0,"gold_loss":125.0,"damage_taken":0.0,"relics_obtained":["Shuriken"]},{"damage_healed":0.0,"max_hp_gain":0.0,"max_hp_loss":0.0,"gold_gain":0.0,"event_name":"Living Wall","player_choice":"Grow","floor":14.0,"gold_loss":0.0,"damage_taken":0.0,"cards_upgraded":["Capacitor"]},{"damage_healed":0.0,"max_hp_gain":0.0,"max_hp_loss":0.0,"gold_gain":0.0,"event_name":"Cursed Tome","player_choice":"Ignored","floor":19.0,"gold_loss":0.0,"damage_taken":0.0},{"damage_healed":0.0,"max_hp_gain":0.0,"max_hp_loss":0.0,"gold_gain":0.0,"event_name":"Beggar","player_choice":"Ignored","floor":22.0,"gold_loss":0.0,"damage_taken":0.0},{"damage_healed":0.0,"max_hp_gain":0.0,"max_hp_loss":0.0,"gold_gain":0.0,"event_name":"Back to Basics","player_choice":"Simplicity","floor":24.0,"gold_loss":0.0,"damage_taken":0.0,"cards_upgraded":["Strike_B","Strike_B","Strike_B","Defend_B","Defend_B","Defend_B","Defend_B"]},{"damage_healed":0.0,"max_hp_gain":0.0,"max_hp_loss":0.0,"gold_gain":0.0,"event_name":"Duplicator","player_choice":"Copied","floor":37.0,"gold_loss":0.0,"damage_taken":0.0,"cards_obtained":["Defragment"]}],"is_beta":true,"boss_relics":[{"not_picked":["White Beast Statue","Tiny House"],"picked":"Fusion Hammer"},{"not_picked":["Empty Cage","Philosopher\u0027s Stone"],"picked":"Cursed Key"}],"items_purged_floors":[38],"is_endless":false,"potions_floor_spawned":[5,12,16,27,29,33],"killed_by":"Maw","ascension_level":13}