{"gold_per_floor":[114,39,39,39,51,51,61,72,152,152,152,166,166,181,181,310,310,334,334,318,268,293,293,334,334,360,398,421,421],"floor_reached":29,"playtime":1220,"items_purged":["Strike_R"],"score":408,"play_id":"ed740ca3-0d01-47d3-b0cd-62563bb751bf","local_time":"20190120222511","is_ascension_mode":true,"campfire_choices":[{"data":"Anger","floor":6.0,"key":"SMITH"},{"data":"Pommel Strike","floor":11.0,"key":"SMITH"},{"data":"Pommel Strike","floor":13.0,"key":"SMITH"},{"data":"Searing Blow","floor":15.0,"key":"SMITH"},{"floor":23,"key":"REST"},{"floor":25,"key":"REST"}],"neow_cost":"NONE","seed_source_timestamp":769879753694415,"circlet_count":0,"master_deck":["AscendersBane","Strike_R","Strike_R","Strike_R","Strike_R","Defend_R+1","Defend_R","Defend_R","Bash","Anger+1","Disarm","Pommel Strike+1","Shrug It Off+1","Pommel Strike+1","Searing Blow+1","Feed","Evolve","Metallicize","Cleave+1","Fiend Fire","Feed"],"special_seed":0,"relics":["Burning Blood","Mummified Hand","Golden Idol","Velvet Choker","War Paint","Vajra","Regal Pillow"],"potions_floor_usage":[22,24,29],"damage_taken":[{"damage":5.0,"enemies":"Cultist","floor":1.0,"turns":4.0},{"damage":2.0,"enemies":"2 Louse","floor":5.0,"turns":4.0},{"damage":0.0,"enemies":"Small Slimes","floor":7.0,"turns":3.0},{"damage":7.0,"enemies":"Looter","floor":8.0,"turns":3.0},{"damage":20.0,"enemies":"Gremlin Gang","floor":12.0,"turns":6.0},{"damage":12.0,"enemies":"3 Louse","floor":14.0,"turns":3.0},{"damage":30.0,"enemies":"Slime Boss","floor":16.0,"turns":7.0},{"damage":17.0,"enemies":"Shell Parasite","floor":18.0,"turns":7.0},{"damage":15.0,"enemies":"2 Thieves","floor":20.0,"turns":4.0},{"damage":20,"enemies":"Snake Plant","floor":22,"turns":5},{"damage":54,"enemies":"Slavers","floor":24,"turns":6},{"damage":32,"enemies":"Book of Stabbing","floor":27,"turns":5},{"damage":18,"enemies":"3 Cultists","floor":28,"turns":5},{"damage":14,"enemies":"Centurion and Healer","floor":29,"turns":4}],"seed_played":"711664295269473958","potions_obtained":[{"floor":1.0,"key":"Poison Potion"},{"floor":8.0,"key":"GamblersBrew"},{"floor":12.0,"key":"Dexterity Potion"},{"floor":14.0,"key":"Fire Potion"},{"floor":16.0,"key":"SpeedPotion"},{"floor":28,"key":"Swift Potion"}],"is_trial":false,"path_per_floor":["M","$","?","?","M","R","M","M","T","?","R","M","R","M","R","B",null,"M","?","M","?","M","R","E","R","T","E","M","M"],"character_chosen":"IRONCLAD","items_purchased":[],"campfire_rested":2,"item_purchase_floors":[],"current_hp_per_floor":[73,73,78,78,82,82,85,84,84,63,63,49,49,43,43,19,69,61,61,52,52,38,64,19,46,46,23,14,0],"gold":421,"neow_bonus":"REMOVE_CARD","is_prod":false,"is_daily":false,"chose_seed":false,"campfire_upgraded":4,"win_rate":0,"timestamp":1548041111,"path_taken":["M","$","?","?","M","R","M","M","T","?","R","M","R","M","R","BOSS","M","?","M","?","M","R","E","R","T","E","?","M"],"build_version":"2019-01-19","purchased_purges":1,"victory":false,"max_hp_per_floor":[80,80,85,85,85,85,85,85,85,85,85,85,85,85,85,85,85,88,88,88,88,88,88,91,91,91,94,97,97],"card_choices":[{"not_picked":["Clothesline","Blood for Blood"],"picked":"Anger","floor":1.0},{"not_picked":["Twin Strike","Clash"],"picked":"Disarm","floor":5.0},{"not_picked":["Ghostly Armor","True Grit"],"picked":"Pommel Strike","floor":7.0},{"not_picked":["Pummel","Entrench"],"picked":"Shrug It Off","floor":8.0},{"not_picked":["True Grit","Clash"],"picked":"Pommel Strike","floor":12.0},{"not_picked":["Rage","Bloodletting"],"picked":"Searing Blow","floor":14.0},{"not_picked":["Impervious","Juggernaut"],"picked":"Feed","floor":16.0},{"not_picked":["Wild Strike","Flex"],"picked":"Evolve","floor":18.0},{"not_picked":["Sword Boomerang","Thunderclap"],"picked":"Metallicize","floor":20.0},{"not_picked":["Reckless Charge","Wild Strike+1"],"picked":"Cleave+1","floor":22},{"not_picked":["Wild Strike","Blood for Blood"],"picked":"Fiend Fire","floor":24},{"not_picked":["Corruption","Sever Soul+1"],"picked":"Feed","floor":27},{"not_picked":["Cleave","Burning Pact","Iron Wave"],"picked":"SKIP","floor":28}],"player_experience":518989,"relics_obtained":[{"floor":9.0,"key":"Mummified Hand"},{"floor":24,"key":"War Paint"},{"floor":26,"key":"Vajra"},{"floor":27,"key":"Regal Pillow"}],"event_choices":[{"damage_healed":0.0,"max_hp_gain":5.0,"max_hp_loss":0.0,"gold_gain":0.0,"event_name":"Big Fish","player_choice":"Donut","floor":3.0,"gold_loss":0.0,"damage_taken":0.0},{"damage_healed":0.0,"max_hp_gain":0.0,"max_hp_loss":0.0,"gold_gain":0.0,"event_name":"The Cleric","player_choice":"Leave","floor":4.0,"gold_loss":0.0,"damage_taken":0.0},{"damage_healed":0.0,"max_hp_gain":0.0,"max_hp_loss":0.0,"gold_gain":0.0,"event_name":"Golden Idol","player_choice":"Take Damage","floor":10.0,"gold_loss":0.0,"damage_taken":21.0,"relics_obtained":["Golden Idol"]},{"damage_healed":0.0,"max_hp_gain":0.0,"max_hp_loss":0.0,"gold_gain":0.0,"event_name":"Vampires","player_choice":"Ignored","floor":19.0,"gold_loss":0.0,"damage_taken":0.0},{"damage_healed":0.0,"max_hp_gain":0.0,"max_hp_loss":0.0,"gold_gain":0.0,"event_name":"The Joust","player_choice":"Bet on Owner","floor":21.0,"gold_loss":50.0,"damage_taken":0.0}],"is_beta":true,"boss_relics":[{"not_picked":["Calling Bell","Mark of Pain"],"picked":"Velvet Choker"}],"items_purged_floors":[2],"is_endless":false,"potions_floor_spawned":[1,8,12,14,16,18,28],"killed_by":"Centurion and Healer","ascension_level":10}