{"gold_per_floor":[109,125,145,155,155,155,183,199,199,216,231,1,1,19,19,119,169,182,195,41,58,58,58,76,88,88,88,117,117,133,148,148,148],"floor_reached":33,"playtime":2903,"items_purged":["Regret"],"score":325,"play_id":"48317d88-5b16-4f7a-ac6f-1f2fa903728d","local_time":"20190712112636","is_ascension_mode":false,"campfire_choices":[{"data":"Whirlwind","floor":6,"key":"SMITH"},{"floor":15,"key":"REST"},{"floor":23,"key":"REST"},{"data":"Seeing Red","floor":27,"key":"SMITH"},{"floor":29,"key":"REST"},{"data":"Flex","floor":32,"key":"SMITH"}],"neow_cost":"NONE","seed_source_timestamp":53461696700100,"circlet_count":0,"master_deck":["Strike_R","Strike_R+1","Strike_R","Strike_R","Defend_R","Defend_R","Defend_R","Defend_R","Bash","True Grit","Anger","Body Slam","Shrug It Off","Whirlwind+1","Perfected Strike","Seeing Red+1","Thunderclap","Feed","Flex+1","Battle Trance+1","Thunderclap+1","Perfected Strike","Battle Trance+1","Blood for Blood+1","Warcry+1"],"relics":["Burning Blood","Centennial Puzzle","Bottled Flame","Paper Frog","Ancient Tea Set","Tiny House","Happy Flower","MutagenicStrength","Strawberry","Bottled Lightning"],"potions_floor_usage":[7,16,16,21,21,25,25,33],"damage_taken":[{"damage":5,"enemies":"2 Louse","floor":1,"turns":4},{"damage":0,"enemies":"Small Slimes","floor":2,"turns":3},{"damage":5,"enemies":"Cultist","floor":3,"turns":5},{"damage":20,"enemies":"3 Louse","floor":4,"turns":4},{"damage":29,"enemies":"3 Sentries","floor":7,"turns":4},{"damage":20,"enemies":"Exordium Wildlife","floor":8,"turns":2},{"damage":0,"enemies":"Gremlin Gang","floor":10,"turns":1},{"damage":0,"enemies":"3 Louse","floor":11,"turns":1},{"damage":0,"enemies":"2 Fungi Beasts","floor":14,"turns":1},{"damage":29,"enemies":"Slime Boss","floor":16,"turns":11},{"damage":33,"enemies":"Shell Parasite","floor":18,"turns":6},{"damage":30,"enemies":"Spheric Guardian","floor":19,"turns":4},{"damage":10,"enemies":"Chosen and Byrds","floor":21,"turns":4},{"damage":0,"enemies":"Snake Plant","floor":24,"turns":1},{"damage":17,"enemies":"Snecko","floor":25,"turns":5},{"damage":0,"enemies":"Gremlin Leader","floor":28,"turns":3},{"damage":0,"enemies":"Shelled Parasite and Fungi","floor":30,"turns":1},{"damage":10,"enemies":"Chosen and Byrds","floor":31,"turns":2},{"damage":97,"enemies":"Champ","floor":33,"turns":9}],"seed_played":"5324906534620590084","potions_obtained":[{"floor":1,"key":"Block Potion"},{"floor":2,"key":"FearPotion"},{"floor":7,"key":"LiquidBronze"},{"floor":8,"key":"Dexterity Potion"},{"floor":14,"key":"EssenceOfSteel"},{"floor":17,"key":"Explosive Potion"},{"floor":19,"key":"Ancient Potion"},{"floor":24,"key":"SkillPotion"},{"floor":25,"key":"PowerPotion"}],"is_trial":false,"path_per_floor":["M","M","M","M","?","R","E","M","T","M","M","$","?","M","R","B",null,"M","M","$","M","?","R","M","M","T","R","E","R","M","M","R","B"],"character_chosen":"IRONCLAD","items_purchased":["Ancient Tea Set","Happy Flower"],"campfire_rested":3,"item_purchase_floors":[12,20],"current_hp_per_floor":[80,80,80,66,66,66,43,29,29,35,41,41,41,47,71,48,85,58,34,34,33,33,59,65,54,61,61,67,95,95,94,94,0],"gold":148,"neow_bonus":"TRANSFORM_CARD","is_prod":false,"is_daily":false,"chose_seed":false,"campfire_upgraded":3,"win_rate":0.0,"timestamp":1562927196,"path_taken":["M","M","M","M","?","R","E","M","T","M","M","$","?","M","R","BOSS","M","M","$","M","?","R","M","M","T","R","E","R","M","M","R","BOSS"],"build_version":"2019-07-05","purchased_purges":1,"victory":false,"max_hp_per_floor":[80,80,80,80,80,80,80,80,80,80,80,80,80,80,80,80,85,85,85,85,88,88,88,88,88,95,95,95,95,95,98,98,98],"card_choices":[{"not_picked":["Infernal Blade","Spot Weakness"],"picked":"Anger","floor":1},{"not_picked":["Wild Strike","Flame Barrier"],"picked":"Body Slam","floor":2},{"not_picked":["Clothesline","Iron Wave"],"picked":"Shrug It Off","floor":3},{"not_picked":["Shockwave","Wild Strike"],"picked":"Whirlwind","floor":4},{"not_picked":["Carnage","Rage"],"picked":"Perfected Strike","floor":7},{"not_picked":["Clothesline","Thunderclap"],"picked":"Seeing Red","floor":8},{"not_picked":["Rupture","Bludgeon","Reckless Charge"],"picked":"SKIP","floor":10},{"not_picked":["Entrench","Rage"],"picked":"Thunderclap","floor":11},{"not_picked":["Headbutt","Clash","Clothesline"],"picked":"SKIP","floor":14},{"not_picked":["Limit Break","Fiend Fire"],"picked":"Feed","floor":16},{"not_picked":["Sword Boomerang","Rampage"],"picked":"Flex","floor":17},{"not_picked":["Perfected Strike","Iron Wave+1"],"picked":"Battle Trance+1","floor":18},{"not_picked":["Headbutt","Seeing Red"],"picked":"Thunderclap+1","floor":19},{"not_picked":["Body Slam","Hemokinesis"],"picked":"Perfected Strike","floor":21},{"not_picked":["Infernal Blade","True Grit"],"picked":"Battle Trance+1","floor":24},{"not_picked":["Clash","Feed","Burning Pact+1"],"picked":"SKIP","floor":25},{"not_picked":["Heavy Blade","Cleave"],"picked":"Blood for Blood+1","floor":28},{"not_picked":["Clothesline+1","Disarm+1","Twin Strike"],"picked":"SKIP","floor":30},{"not_picked":["Iron Wave","Heavy Blade+1"],"picked":"Warcry+1","floor":31}],"player_experience":223569,"relics_obtained":[{"floor":7,"key":"Bottled Flame"},{"floor":9,"key":"Paper Frog"},{"floor":26,"key":"Strawberry"},{"floor":28,"key":"Bottled Lightning"}],"event_choices":[{"damage_healed":0,"gold_gain":0,"player_choice":"Box","damage_taken":0,"relics_obtained":["Centennial Puzzle"],"max_hp_gain":0,"max_hp_loss":0,"event_name":"Big Fish","floor":5,"gold_loss":0,"cards_obtained":["Regret"]},{"damage_healed":0,"gold_gain":0,"player_choice":"Ignored","damage_taken":0,"max_hp_gain":0,"max_hp_loss":0,"event_name":"Golden Wing","floor":13,"gold_loss":0},{"damage_healed":0,"gold_gain":0,"player_choice":"Inject Mutagens","damage_taken":0,"relics_obtained":["MutagenicStrength"],"max_hp_gain":0,"max_hp_loss":0,"event_name":"Drug Dealer","floor":22,"gold_loss":0}],"is_beta":false,"boss_relics":[{"not_picked":["Sozu","Coffee Dripper"],"picked":"Tiny House"}],"items_purged_floors":[12],"is_endless":false,"potions_floor_spawned":[1,2,7,8,14,19,24,25],"killed_by":"Champ","ascension_level":0}