{"gold_per_floor":[112,112,129,141,157,157,183,183,183,19,30,30,65,80,80,155,155,170,184,99,118,132,132,157,184,247,259,306,114,114,147,147,224,224,237,237,249,52,71,71,71,71,71,71,21,21,0,0,0,0],"floor_reached":50,"playtime":1690,"items_purged":["Strike_R"],"score":889,"play_id":"c84e6c64-2ce9-415d-a737-8909fa9f957d","local_time":"20190715140117","is_ascension_mode":true,"campfire_choices":[{"floor":6,"key":"REST"},{"floor":8,"key":"REST"},{"data":"Hemokinesis","floor":15,"key":"SMITH"},{"floor":23,"key":"REST"},{"floor":27,"key":"REST"},{"floor":30,"key":"REST"},{"floor":32,"key":"REST"},{"floor":40,"key":"REST"},{"data":"Feel No Pain","floor":41,"key":"SMITH"},{"data":"Shockwave","floor":42,"key":"SMITH"},{"data":"Battle Trance","floor":44,"key":"SMITH"},{"floor":49,"key":"REST"}],"neow_cost":"NONE","seed_source_timestamp":269792305812700,"circlet_count":0,"master_deck":["AscendersBane","Defend_R","Defend_R","Defend_R","Defend_R","Bash","Cleave","Inflame","Shrug It Off+1","Feel No Pain+1","Immolate","Battle Trance+1","Shockwave+1","Hemokinesis+1","Impervious","Wild Strike+1","Armaments+1","Bloodletting+1","Sentinel","Heavy Blade","Uppercut+1","Metallicize","Sentinel","Entrench+1","Juggernaut+1","Barricade+1","Shrug It Off","Juggernaut+1","Impervious","Shrug It Off","Uppercut","Metallicize+1"],"relics":["Burning Blood","Regal Pillow","Paper Frog","Bronze Scales","Bottled Lightning","Bottled Tornado","Astrolabe","Self Forming Clay","MawBank","Vajra","Frozen Egg 2","WingedGreaves","Lizard Tail","Lee\u0027s Waffle","Gremlin Horn","Juzu Bracelet","Red Mask"],"potions_floor_usage":[7,18,21,22,22,28,33],"damage_taken":[{"damage":20,"enemies":"Small Slimes","floor":1,"turns":3},{"damage":9,"enemies":"Jaw Worm","floor":3,"turns":3},{"damage":1,"enemies":"Cultist","floor":4,"turns":3},{"damage":12,"enemies":"Looter","floor":5,"turns":3},{"damage":36,"enemies":"3 Sentries","floor":7,"turns":5},{"damage":10,"enemies":"Red Slaver","floor":11,"turns":3},{"damage":21,"enemies":"Gremlin Nob","floor":13,"turns":4},{"damage":0,"enemies":"3 Louse","floor":14,"turns":1},{"damage":38,"enemies":"Hexaghost","floor":16,"turns":8},{"damage":24,"enemies":"Spheric Guardian","floor":18,"turns":5},{"damage":6,"enemies":"Chosen","floor":19,"turns":4},{"damage":32,"enemies":"3 Cultists","floor":21,"turns":4},{"damage":4,"enemies":"Snake Plant","floor":22,"turns":2},{"damage":27,"enemies":"Book of Stabbing","floor":24,"turns":7},{"damage":16,"enemies":"Centurion and Healer","floor":25,"turns":7},{"damage":30,"enemies":"Slavers","floor":28,"turns":6},{"damage":35,"enemies":"Gremlin Leader","floor":31,"turns":9},{"damage":74,"enemies":"Collector","floor":33,"turns":8},{"damage":7,"enemies":"3 Shapes","floor":35,"turns":5},{"damage":21,"enemies":"Orb Walker","floor":37,"turns":3},{"damage":53,"enemies":"4 Shapes","floor":39,"turns":6},{"damage":129,"enemies":"Awakened One","floor":50,"turns":14}],"seed_played":"4236803509370000794","potions_obtained":[{"floor":3,"key":"PowerPotion"},{"floor":7,"key":"SteroidPotion"},{"floor":11,"key":"FairyPotion"},{"floor":13,"key":"Fire Potion"},{"floor":19,"key":"Poison Potion"},{"floor":21,"key":"SkillPotion"},{"floor":25,"key":"SteroidPotion"},{"floor":31,"key":"PowerPotion"}],"is_trial":false,"path_per_floor":["M","?","M","M","M","R","E","R","T","$","M","?","E","M","R","B",null,"M","M","?","M","M","R","E","M","T","R","E","$","R","E","R","B",null,"M","?","M","$","M","R","R","R","T","R","$","?","?","?","R","B"],"character_chosen":"IRONCLAD","items_purchased":["Immolate","Barricade+1","Shrug It Off","Lee\u0027s Waffle","Fire Potion"],"campfire_rested":8,"item_purchase_floors":[10,29,29,38,45],"current_hp_per_floor":[54,43,40,45,39,75,45,75,75,75,71,71,56,62,62,30,64,46,46,46,20,22,59,38,28,28,65,41,41,75,46,75,7,58,57,57,42,82,35,74,74,74,74,74,74,74,74,74,82,0],"gold":0,"neow_bonus":"RANDOM_COMMON_RELIC","is_prod":false,"is_daily":false,"chose_seed":false,"campfire_upgraded":4,"win_rate":0,"timestamp":1563213677,"path_taken":["M","?","M","M","M","R","E","R","T","$","M","?","E","M","R","BOSS","M","M","?","M","M","R","E","M","T","R","E","$","R","E","R","BOSS","M","?","M","$","?","R","R","R","T","R","?","?","?","?","R","BOSS"],"build_version":"2019-07-05","purchased_purges":1,"victory":false,"max_hp_per_floor":[75,75,75,75,75,75,75,75,75,75,75,75,75,75,75,75,75,75,75,75,75,75,75,75,75,75,75,75,75,75,75,75,75,75,75,75,75,82,82,82,82,82,82,82,82,82,82,82,82,82],"card_choices":[{"not_picked":["Headbutt","Body Slam"],"picked":"Cleave","floor":1},{"not_picked":["Corruption","Heavy Blade"],"picked":"Flex","floor":3},{"not_picked":["Perfected Strike","Burning Pact"],"picked":"Inflame","floor":4},{"not_picked":["Entrench","Battle Trance"],"picked":"Shrug It Off","floor":5},{"not_picked":["Seeing Red","Body Slam"],"picked":"Feel No Pain","floor":7},{"not_picked":["Whirlwind","Armaments"],"picked":"Battle Trance","floor":11},{"not_picked":["Havoc","Rampage"],"picked":"Shockwave","floor":13},{"not_picked":["Armaments","Whirlwind"],"picked":"Hemokinesis","floor":14},{"not_picked":["Exhume","Barricade"],"picked":"Impervious","floor":16},{"not_picked":["Carnage","Rampage"],"picked":"Sentinel","floor":18},{"not_picked":["Iron Wave","Twin Strike"],"picked":"Heavy Blade","floor":19},{"not_picked":["Iron Wave","Anger"],"picked":"Uppercut+1","floor":21},{"not_picked":["Limit Break","Clothesline"],"picked":"Metallicize","floor":22},{"not_picked":["Heavy Blade","Wild Strike"],"picked":"Sentinel","floor":24},{"not_picked":["Pummel","Sword Boomerang"],"picked":"Entrench+1","floor":25},{"not_picked":["Sword Boomerang","Second Wind"],"picked":"Juggernaut","floor":28},{"not_picked":["Entrench","Iron Wave"],"picked":"Juggernaut+1","floor":31},{"not_picked":["Limit Break","Reaper"],"picked":"Impervious","floor":33},{"not_picked":["Rage","Headbutt+1"],"picked":"Shrug It Off","floor":35},{"not_picked":["Havoc","Hemokinesis","Clothesline"],"picked":"SKIP","floor":37},{"not_picked":["Shrug It Off","Havoc"],"picked":"Metallicize+1","floor":39}],"player_experience":1919697,"relics_obtained":[{"floor":7,"key":"Bronze Scales"},{"floor":9,"key":"Bottled Lightning"},{"floor":13,"key":"Bottled Tornado"},{"floor":24,"key":"MawBank"},{"floor":26,"key":"Vajra"},{"floor":28,"key":"Frozen Egg 2"},{"floor":31,"key":"WingedGreaves"},{"floor":43,"key":"Gremlin Horn"}],"event_choices":[{"damage_healed":0,"gold_gain":0,"player_choice":"Success","damage_taken":11,"relics_obtained":["Paper Frog"],"max_hp_gain":0,"max_hp_loss":0,"event_name":"Scrap Ooze","floor":2,"gold_loss":0},{"damage_healed":0,"gold_gain":0,"player_choice":"Forge","damage_taken":0,"max_hp_gain":0,"max_hp_loss":0,"event_name":"Accursed Blacksmith","floor":12,"gold_loss":0,"cards_upgraded":["Shrug It Off"]},{"damage_healed":0,"gold_gain":0,"player_choice":"Obtained Relic","damage_taken":0,"relics_obtained":["Self Forming Clay"],"max_hp_gain":0,"max_hp_loss":0,"event_name":"Addict","floor":20,"gold_loss":85},{"damage_healed":0,"gold_gain":0,"cards_transformed":["Strike_R"],"player_choice":"Transformed","damage_taken":0,"max_hp_gain":0,"max_hp_loss":0,"event_name":"Transmorgrifier","floor":36,"gold_loss":0,"cards_obtained":["Uppercut"]},{"damage_healed":0,"gold_gain":0,"player_choice":"Gave Potion","damage_taken":0,"relics_obtained":["Juzu Bracelet"],"max_hp_gain":0,"max_hp_loss":0,"event_name":"WeMeetAgain","floor":46,"gold_loss":0},{"damage_healed":0,"gold_gain":0,"player_choice":"Paid","damage_taken":0,"relics_obtained":["Red Mask"],"max_hp_gain":0,"max_hp_loss":0,"event_name":"Tomb of Lord Red Mask","floor":47,"gold_loss":21},{"cards_removed":["Flex"],"damage_healed":0,"gold_gain":0,"player_choice":"Removed Skill","damage_taken":0,"max_hp_gain":0,"max_hp_loss":0,"event_name":"Falling","floor":48,"gold_loss":0}],"is_beta":false,"boss_relics":[{"not_picked":["Velvet Choker","Ectoplasm"],"picked":"Astrolabe"},{"not_picked":["Runic Pyramid","Mark of Pain"],"picked":"Lizard Tail"}],"items_purged_floors":[29],"is_endless":false,"potions_floor_spawned":[3,7,11,13,19,21,25,31],"killed_by":"Awakened One","ascension_level":15}