{"gold_per_floor":[114,133,133,33,45,70,70,132,181,206,206,225,245,256,256,333,333,345,270,283,5,18,18,38,55,134,134,234,265,280,290,290,364,364,379,395,395,395,395,422,522,539,562,186,212,231,231,259,259,259],"floor_reached":50,"playtime":2953,"items_purged":["Strike_R"],"score":1248,"play_id":"bf21407c-723d-4b86-b98e-8d8c3c1548de","local_time":"20190702131623","is_ascension_mode":true,"campfire_choices":[{"data":"Enlightenment","floor":7,"key":"SMITH"},{"data":"Limit Break","floor":15,"key":"SMITH"},{"data":"Evolve","floor":23,"key":"SMITH"},{"data":"Inflame","floor":27,"key":"SMITH"},{"floor":32,"key":"REST"},{"data":"Whirlwind","floor":47,"key":"SMITH"},{"floor":49,"key":"REST"}],"neow_cost":"NONE","seed_source_timestamp":349919538828900,"circlet_count":0,"master_deck":["AscendersBane","Strike_R","Strike_R","Strike_R","Defend_R+1","Defend_R","Defend_R","Defend_R","Bash","Impervious","Heavy Blade","Evolve+1","Enlightenment+1","Shrug It Off","Inflame+1","Wild Strike","Headbutt","Reckless Charge","Limit Break+1","Reaper","Hemokinesis+1","Shrug It Off","Rupture+1","Combust+1","Wild Strike","Whirlwind+1","Evolve+1","Flex+1","True Grit","Brutality+1","Sword Boomerang+1","Immolate","Warcry+1","Headbutt","Warcry+1","Heavy Blade","Headbutt+1","Burning Pact+1"],"relics":["Burning Blood","Ornamental Fan","Tiny Chest","Bag of Marbles","Meat on the Bone","Sundial","Mark of Pain","Frozen Egg 2","Mercury Hourglass","Pocketwatch","Shuriken","Bottled Flame","Lizard Tail","Blood Vial","Matryoshka","Incense Burner","Centennial Puzzle","Dream Catcher","Oddly Smooth Stone","Vajra","Du-Vu Doll"],"potions_floor_usage":[8,10,10,16,22,24,28,29,33,33,35,36,42,42,50,50],"damage_taken":[{"damage":5,"enemies":"2 Louse","floor":1,"turns":4},{"damage":16,"enemies":"Jaw Worm","floor":2,"turns":5},{"damage":6,"enemies":"Cultist","floor":5,"turns":3},{"damage":24,"enemies":"3 Sentries","floor":6,"turns":11},{"damage":33,"enemies":"Gremlin Nob","floor":8,"turns":5},{"damage":11,"enemies":"3 Sentries","floor":10,"turns":6},{"damage":2,"enemies":"2 Fungi Beasts","floor":12,"turns":2},{"damage":3,"enemies":"Looter","floor":13,"turns":3},{"damage":0,"enemies":"3 Louse","floor":14,"turns":3},{"damage":38,"enemies":"The Guardian","floor":16,"turns":10},{"damage":13,"enemies":"2 Thieves","floor":18,"turns":4},{"damage":27,"enemies":"Spheric Guardian","floor":20,"turns":5},{"damage":46,"enemies":"Shelled Parasite and Fungi","floor":22,"turns":6},{"damage":5,"enemies":"Snake Plant","floor":24,"turns":4},{"damage":35,"enemies":"Sentry and Sphere","floor":25,"turns":5},{"damage":13,"enemies":"Colosseum Slavers","floor":28,"turns":3},{"damage":17,"enemies":"Colosseum Nobs","floor":28,"turns":4},{"damage":39,"enemies":"Slavers","floor":29,"turns":4},{"damage":23,"enemies":"Chosen and Byrds","floor":30,"turns":4},{"damage":36,"enemies":"Snake Plant","floor":31,"turns":3},{"damage":49,"enemies":"Automaton","floor":33,"turns":8},{"damage":2,"enemies":"3 Shapes","floor":35,"turns":2},{"damage":2,"enemies":"3 Darklings","floor":36,"turns":2},{"damage":145,"enemies":"Giant Head","floor":40,"turns":8},{"damage":7,"enemies":"Mind Bloom Boss Battle","floor":41,"turns":4},{"damage":23,"enemies":"Transient","floor":42,"turns":6},{"damage":37,"enemies":"Reptomancer","floor":45,"turns":5},{"damage":2,"enemies":"Sphere and 2 Shapes","floor":46,"turns":3},{"damage":56,"enemies":"Nemesis","floor":48,"turns":5},{"damage":123,"enemies":"Time Eater","floor":50,"turns":8}],"seed_played":"373250945284383749","potions_obtained":[{"floor":5,"key":"BloodPotion"},{"floor":6,"key":"Explosive Potion"},{"floor":8,"key":"BloodPotion"},{"floor":10,"key":"Ancient Potion"},{"floor":13,"key":"SpeedPotion"},{"floor":18,"key":"BloodPotion"},{"floor":25,"key":"EssenceOfSteel"},{"floor":28,"key":"PowerPotion"},{"floor":29,"key":"PowerPotion"},{"floor":31,"key":"SkillPotion"},{"floor":33,"key":"Fruit Juice"},{"floor":35,"key":"Energy Potion"},{"floor":40,"key":"Poison Potion"},{"floor":41,"key":"Fruit Juice"},{"floor":42,"key":"Dexterity Potion"}],"is_trial":false,"path_per_floor":["M","M","?","$","M","E","R","E","T","E","T","M","M","M","R","B",null,"M","?","M","$","M","R","M","M","T","R","?","E","M","M","R","B",null,"M","M","?","?","T","E","?","M","T","$","E","M","R","E","R","B"],"character_chosen":"IRONCLAD","items_purchased":["Enlightenment","Frozen Egg 2","Oddly Smooth Stone","BloodPotion","Headbutt"],"campfire_rested":2,"item_purchase_floors":[4,21,44,44,44],"current_hp_per_floor":[69,59,59,59,59,41,41,32,32,45,45,49,52,58,58,38,66,63,63,54,54,52,52,57,49,49,49,55,45,43,29,51,44,67,76,80,80,76,76,55,69,81,81,81,81,81,81,54,78,0],"gold":259,"neow_bonus":"ONE_RANDOM_RARE_CARD","is_prod":false,"is_daily":false,"chose_seed":false,"campfire_upgraded":5,"win_rate":0,"timestamp":1562087783,"path_taken":["M","M","?","$","M","E","R","E","T","E","?","M","?","M","R","BOSS","M","?","M","$","M","R","M","M","T","R","?","E","M","M","R","BOSS","M","M","?","?","?","E","?","M","T","$","E","M","R","E","R","BOSS"],"build_version":"2019-07-01","purchased_purges":1,"victory":false,"max_hp_per_floor":[75,75,75,75,75,75,75,75,75,75,75,75,75,75,75,75,75,75,75,75,75,75,75,75,75,75,75,75,75,75,75,75,75,75,80,80,80,76,76,76,76,81,81,81,81,81,81,81,81,81],"card_choices":[{"not_picked":["Perfected Strike","Warcry"],"picked":"Heavy Blade","floor":1},{"not_picked":["Heavy Blade","Thunderclap"],"picked":"Evolve","floor":2},{"not_picked":["Combust","Flex"],"picked":"Shrug It Off","floor":5},{"not_picked":["Cleave","Heavy Blade"],"picked":"Inflame","floor":6},{"not_picked":["Headbutt","Evolve"],"picked":"Wild Strike","floor":8},{"not_picked":["Warcry","Bloodletting"],"picked":"Headbutt","floor":10},{"not_picked":["Clash","Twin Strike"],"picked":"Reckless Charge","floor":12},{"not_picked":["Rupture","Thunderclap","Body Slam"],"picked":"SKIP","floor":13},{"not_picked":["Reckless Charge","Shrug It Off"],"picked":"Limit Break","floor":14},{"not_picked":["Double Tap","Feed"],"picked":"Reaper","floor":16},{"not_picked":["Wild Strike","Anger"],"picked":"Hemokinesis+1","floor":18},{"not_picked":["Pommel Strike","Clash+1"],"picked":"Shrug It Off","floor":20},{"not_picked":["Iron Wave","Perfected Strike"],"picked":"Rupture+1","floor":22},{"not_picked":["Clothesline","Sentinel+1"],"picked":"Combust+1","floor":24},{"not_picked":["Dropkick","Pommel Strike"],"picked":"Wild Strike","floor":25},{"not_picked":["Clash","Pummel"],"picked":"Whirlwind","floor":28},{"not_picked":["Blood for Blood+1","Twin Strike"],"picked":"Evolve+1","floor":29},{"not_picked":["Twin Strike","Armaments"],"picked":"Flex+1","floor":30},{"not_picked":["Wild Strike","Twin Strike"],"picked":"True Grit","floor":31},{"not_picked":["Offering","Double Tap"],"picked":"Brutality+1","floor":33},{"not_picked":["Whirlwind","Twin Strike"],"picked":"Sword Boomerang+1","floor":35},{"not_picked":["Anger","Heavy Blade","Pommel Strike"],"picked":"SKIP","floor":36},{"not_picked":["Evolve+1","Sever Soul","Searing Blow"],"picked":"SKIP","floor":40},{"not_picked":["Flex","Perfected Strike"],"picked":"Immolate","floor":41},{"not_picked":["Iron Wave","Burning Pact"],"picked":"Warcry+1","floor":42},{"not_picked":["Infernal Blade+1","Intimidate"],"picked":"Warcry+1","floor":45},{"not_picked":["Hemokinesis","Shrug It Off"],"picked":"Heavy Blade","floor":46},{"not_picked":["Heavy Blade","Armaments"],"picked":"Headbutt+1","floor":48},{"not_picked":["Flex","Shockwave"],"picked":"Burning Pact+1","floor":49}],"player_experience":1653301,"relics_obtained":[{"floor":6,"key":"Ornamental Fan"},{"floor":8,"key":"Tiny Chest"},{"floor":9,"key":"Bag of Marbles"},{"floor":10,"key":"Meat on the Bone"},{"floor":11,"key":"Sundial"},{"floor":26,"key":"Mercury Hourglass"},{"floor":28,"key":"Pocketwatch"},{"floor":28,"key":"Shuriken"},{"floor":29,"key":"Bottled Flame"},{"floor":39,"key":"Blood Vial"},{"floor":40,"key":"Matryoshka"},{"floor":41,"key":"Incense Burner"},{"floor":43,"key":"Centennial Puzzle"},{"floor":43,"key":"Dream Catcher"},{"floor":45,"key":"Vajra"},{"floor":48,"key":"Du-Vu Doll"}],"event_choices":[{"damage_healed":0,"gold_gain":0,"player_choice":"Grow","damage_taken":0,"max_hp_gain":0,"max_hp_loss":0,"event_name":"Living Wall","floor":3,"gold_loss":0,"cards_upgraded":["Defend_R"]},{"cards_removed":["Strike_R"],"damage_healed":0,"gold_gain":0,"player_choice":"Gave Gold","damage_taken":0,"max_hp_gain":0,"max_hp_loss":0,"event_name":"Beggar","floor":19,"gold_loss":75},{"damage_healed":0,"gold_gain":0,"player_choice":"Fight","damage_taken":0,"max_hp_gain":0,"max_hp_loss":0,"event_name":"Colosseum","floor":28,"gold_loss":0},{"damage_healed":0,"gold_gain":0,"player_choice":"Fought Nobs","damage_taken":0,"max_hp_gain":0,"max_hp_loss":0,"event_name":"Colosseum","floor":28,"gold_loss":0},{"damage_healed":0,"gold_gain":0,"player_choice":"Ignored","damage_taken":0,"max_hp_gain":0,"max_hp_loss":0,"event_name":"Tomb of Lord Red Mask","floor":37,"gold_loss":0},{"damage_healed":0,"gold_gain":0,"player_choice":"Max HP","damage_taken":0,"max_hp_gain":0,"max_hp_loss":4,"event_name":"Winding Halls","floor":38,"gold_loss":0},{"damage_healed":0,"gold_gain":0,"player_choice":"Fight","damage_taken":0,"max_hp_gain":0,"max_hp_loss":0,"event_name":"MindBloom","floor":41,"gold_loss":0}],"is_beta":false,"boss_relics":[{"not_picked":["Velvet Choker","Ectoplasm"],"picked":"Mark of Pain"},{"not_picked":["Philosopher\u0027s Stone","Eternal Feather"],"picked":"Lizard Tail"}],"items_purged_floors":[44],"is_endless":false,"potions_floor_spawned":[5,6,8,10,13,18,25,28,29,31,33,35,40,41,42],"killed_by":"Time Eater","ascension_level":20}