{"gold_per_floor":[117,128,278,37,37,70,70,95,95,95,113,70,87,102,102,173,173,190,202,255,269,279,279,305,305,332,232,67,97,97,131,131,207,207,224,224,239,285,385,410,410,6,6,40,40,60,79,90,90,90,90,90,34,34],"floor_reached":54,"playtime":5113,"items_purged":["Doubt","Strike_B","Strike_B","Strike_B"],"score":1642,"play_id":"3fa03deb-75f1-4635-bbab-c461bd8ce211","local_time":"20190715201817","is_ascension_mode":true,"campfire_choices":[{"floor":10.0,"key":"REST"},{"data":"Defragment","floor":15.0,"key":"SMITH"},{"floor":23.0,"key":"REST"},{"floor":30.0,"key":"RECALL"},{"floor":32.0,"key":"REST"},{"floor":41.0,"key":"DIG"},{"floor":45.0,"key":"DIG"},{"floor":49,"key":"DIG"},{"floor":52,"key":"DIG"}],"neow_cost":"NONE","seed_source_timestamp":0,"circlet_count":0,"master_deck":["AscendersBane","Strike_B+1","Defend_B+1","Defend_B","Defend_B","Defend_B","Zap","Dualcast","Chill","Go for the Eyes","Lockon","Ball Lightning","Genetic Algorithm","Streamline","Undo","Defragment+1","Gash","Machine Learning","FTL","FTL","Self Repair","Genetic Algorithm","Gash","Ghostly","Ghostly","Ghostly","Capacitor","Conserve Battery","Buffer","Electrodynamics","Gash","Reboot","Coolheaded+1","Master of Strategy","Clumsy","Seek","Coolheaded+1","Stack+1"],"special_seed":0,"relics":["Cracked Core","NeowsBlessing","Mercury Hourglass","Orichalcum","Dodecahedron","Fusion Hammer","Centennial Puzzle","Ice Cream","Regal Pillow","Bag of Preparation","Torii","Cursed Key","Thread and Needle","StoneCalendar","Shovel","Ornamental Fan","Anchor","Dream Catcher","Cables","Blue Candle"],"potions_floor_usage":[],"damage_taken":[{"damage":0.0,"enemies":"Cultist","floor":1.0,"turns":1.0},{"damage":0.0,"enemies":"Jaw Worm","floor":2.0,"turns":1.0},{"damage":0.0,"enemies":"3 Sentries","floor":6.0,"turns":1.0},{"damage":24.0,"enemies":"Lagavulin","floor":8.0,"turns":5.0},{"damage":0.0,"enemies":"Small Slimes","floor":11.0,"turns":3.0},{"damage":0.0,"enemies":"2 Fungi Beasts","floor":13.0,"turns":2.0},{"damage":2.0,"enemies":"Blue Slaver","floor":14.0,"turns":4.0},{"damage":18.0,"enemies":"Hexaghost","floor":16.0,"turns":8.0},{"damage":21.0,"enemies":"2 Thieves","floor":18.0,"turns":3.0},{"damage":2.0,"enemies":"3 Byrds","floor":19.0,"turns":4.0},{"damage":11.0,"enemies":"Shelled Parasite and Fungi","floor":21.0,"turns":6.0},{"damage":0.0,"enemies":"3 Cultists","floor":22.0,"turns":6.0},{"damage":8.0,"enemies":"Gremlin Leader","floor":24.0,"turns":6.0},{"damage":0.0,"enemies":"Slavers","floor":29.0,"turns":4.0},{"damage":9.0,"enemies":"Book of Stabbing","floor":31.0,"turns":5.0},{"damage":37.0,"enemies":"Collector","floor":33.0,"turns":11.0},{"damage":0.0,"enemies":"3 Shapes","floor":35.0,"turns":4.0},{"damage":0.0,"enemies":"3 Darklings","floor":37.0,"turns":5.0},{"damage":10.0,"enemies":"2 Orb Walkers","floor":38.0,"turns":5.0},{"damage":0.0,"enemies":"Mind Bloom Boss Battle","floor":39.0,"turns":7.0},{"damage":0.0,"enemies":"Reptomancer","floor":40.0,"turns":7.0},{"damage":0.0,"enemies":"Giant Head","floor":44.0,"turns":9.0},{"damage":0.0,"enemies":"Writhing Mass","floor":46.0,"turns":7.0},{"damage":15.0,"enemies":"Maw","floor":47.0,"turns":7.0},{"damage":0,"enemies":"Sphere and 2 Shapes","floor":48,"turns":6},{"damage":1,"enemies":"Donu and Deca","floor":50,"turns":10},{"damage":36,"enemies":"Shield and Spear","floor":54,"turns":2}],"seed_played":"-5623787709177658639","potions_obtained":[{"floor":2.0,"key":"Poison Potion"},{"floor":6.0,"key":"PowerPotion"},{"floor":8.0,"key":"Ancient Potion"},{"floor":11.0,"key":"SteroidPotion"},{"floor":19.0,"key":"Strength Potion"},{"floor":24.0,"key":"PowerPotion"},{"floor":31.0,"key":"Fire Potion"},{"floor":37.0,"key":"SteroidPotion"},{"floor":38.0,"key":"Energy Potion"},{"floor":44.0,"key":"Ancient Potion"},{"floor":48,"key":"Regen Potion"}],"is_trial":false,"path_per_floor":["M","M","?","$","?","E","?","E","T","R","M","$","M","M","R","B",null,"M","M","T","M","M","R","E","?","T","$","$","E","R","E","R","B",null,"M","?","M","?","?","E","R","$","T","E","R","M","M","M","R","B",null,"R","$","E"],"character_chosen":"DEFECT","items_purchased":["Lockon","FocusPotion","Undo","Capacitor","Master of Strategy","Dexterity Potion","PowerPotion"],"campfire_rested":3,"item_purchase_floors":[4,4,12,28,42,42,53],"current_hp_per_floor":[64,64,64,64,69,69,46,22,22,44,44,44,44,42,42,24,63,42,40,40,29,36,58,57,38,38,38,38,38,38,36,38,8,31,38,36,36,33,36,36,36,36,36,36,36,36,28,35,35,36,36,36,36,0],"gold":34,"neow_bonus":"THREE_ENEMY_KILL","is_prod":false,"is_daily":false,"chose_seed":false,"campfire_upgraded":1,"win_rate":0,"timestamp":1563211097,"path_taken":["M","?","?","$","?","E","?","E","T","R","M","?","M","M","R","BOSS","M","?","?","M","M","R","E","?","T","?","$","E","R","E","R","BOSS","M","?","M","?","?","E","R","$","T","E","R","M","M","M","R","BOSS","R","$","E"],"build_version":"2019-07-05","purchased_purges":4,"victory":false,"max_hp_per_floor":[71,71,71,71,76,76,76,76,76,76,76,76,76,76,76,76,76,76,76,76,76,76,76,76,38,38,38,38,38,38,38,38,38,38,38,36,36,36,36,36,36,36,36,36,36,36,36,36,36,36,36,36,36,36],"card_choices":[{"not_picked":["Stack","Auto Shields"],"picked":"Chill","floor":1.0},{"not_picked":["Barrage","Auto Shields"],"picked":"Go for the Eyes","floor":2.0},{"not_picked":["Go for the Eyes","Rebound"],"picked":"Ball Lightning","floor":6.0},{"not_picked":["Steam","Melter"],"picked":"Genetic Algorithm","floor":8.0},{"not_picked":["Leap","Aggregate"],"picked":"Streamline","floor":11.0},{"not_picked":["Gash","Conserve Battery"],"picked":"Defragment","floor":13.0},{"not_picked":["Conserve Battery","Scrape"],"picked":"Gash","floor":14.0},{"not_picked":["Hyperbeam","Creative AI"],"picked":"Machine Learning","floor":16.0},{"not_picked":["Fusion","Rebound+1"],"picked":"FTL","floor":18.0},{"not_picked":["Turbo","Compile Driver"],"picked":"FTL","floor":19.0},{"not_picked":["Leap","Sweeping Beam"],"picked":"Self Repair","floor":21.0},{"not_picked":["FTL","Leap"],"picked":"Genetic Algorithm","floor":22.0},{"not_picked":["Force Field","Stack"],"picked":"Gash","floor":24.0},{"not_picked":["Turbo","Redo"],"picked":"Conserve Battery","floor":29.0},{"not_picked":["Cold Snap+1","Double Energy"],"picked":"Buffer","floor":31.0},{"not_picked":["Amplify","Hyperbeam"],"picked":"Electrodynamics","floor":33.0},{"not_picked":["Sweeping Beam+1","Conserve Battery","Auto Shields"],"picked":"SKIP","floor":35.0},{"not_picked":["Turbo","Undo"],"picked":"Gash","floor":37.0},{"not_picked":["Self Repair","Streamline"],"picked":"Reboot","floor":38.0},{"not_picked":["Sweeping Beam","Hologram"],"picked":"Coolheaded+1","floor":40.0},{"not_picked":["Rebound","Go for the Eyes+1"],"picked":"Seek","floor":44.0},{"not_picked":["Stack","Conserve Battery+1"],"picked":"Coolheaded+1","floor":46.0},{"not_picked":["Melter","Blizzard"],"picked":"Stack+1","floor":47.0},{"not_picked":["Streamline","Go for the Eyes","Reprogram"],"picked":"SKIP","floor":48}],"player_experience":706183,"relics_obtained":[{"floor":6.0,"key":"Mercury Hourglass"},{"floor":8.0,"key":"Orichalcum"},{"floor":9.0,"key":"Dodecahedron"},{"floor":20.0,"key":"Centennial Puzzle"},{"floor":24.0,"key":"Ice Cream"},{"floor":26.0,"key":"Regal Pillow"},{"floor":29.0,"key":"Bag of Preparation"},{"floor":31.0,"key":"Torii"},{"floor":38.0,"key":"Thread and Needle"},{"floor":39.0,"key":"StoneCalendar"},{"floor":40.0,"key":"Shovel"},{"floor":41.0,"key":"Ornamental Fan"},{"floor":44.0,"key":"Anchor"},{"floor":45.0,"key":"Dream Catcher"},{"floor":49,"key":"Cables"},{"floor":52,"key":"Blue Candle"}],"event_choices":[{"damage_healed":0.0,"max_hp_gain":0.0,"max_hp_loss":0.0,"gold_gain":150.0,"event_name":"Liars Game","player_choice":"AGREE","floor":3.0,"gold_loss":0.0,"damage_taken":0.0,"cards_obtained":["Doubt"]},{"damage_healed":0.0,"max_hp_gain":5.0,"max_hp_loss":0.0,"gold_gain":0.0,"event_name":"Big Fish","player_choice":"Donut","floor":5.0,"gold_loss":0.0,"damage_taken":0.0},{"damage_healed":0.0,"max_hp_gain":0.0,"max_hp_loss":0.0,"gold_gain":0.0,"event_name":"Shining Light","player_choice":"Entered Light","floor":7.0,"gold_loss":0.0,"damage_taken":23.0,"cards_upgraded":["Defend_B","Strike_B"]},{"damage_healed":0.0,"max_hp_gain":0.0,"max_hp_loss":38.0,"gold_gain":0.0,"event_name":"Ghosts","player_choice":"Became a Ghost","floor":25.0,"gold_loss":0.0,"damage_taken":0.0,"cards_obtained":["Ghostly","Ghostly","Ghostly"]},{"damage_healed":0.0,"max_hp_gain":0.0,"max_hp_loss":2.0,"gold_gain":0.0,"event_name":"Winding Halls","player_choice":"Max HP","floor":36.0,"gold_loss":0.0,"damage_taken":0.0},{"damage_healed":0.0,"max_hp_gain":0.0,"max_hp_loss":0.0,"gold_gain":0.0,"event_name":"Mysterious Sphere","player_choice":"Fight","floor":38.0,"gold_loss":0.0,"damage_taken":0.0},{"damage_healed":0.0,"max_hp_gain":0.0,"max_hp_loss":0.0,"gold_gain":0.0,"event_name":"MindBloom","player_choice":"Fight","floor":39.0,"gold_loss":0.0,"damage_taken":0.0}],"is_beta":false,"boss_relics":[{"not_picked":["Ectoplasm","White Beast Statue"],"picked":"Fusion Hammer"},{"not_picked":["Coffee Dripper","Astrolabe"],"picked":"Cursed Key"}],"items_purged_floors":[4,27,28,42],"is_endless":false,"potions_floor_spawned":[2,6,8,11,19,24,31,37,38,44,47,48],"killed_by":"Shield and Spear","ascension_level":18}