{"gold_per_floor":[114,114,114,131,1,1,29,39,39,72,22,47,62,75,75,147,147,165,365,385,397,397,425,436,53,101,128,128,154,13,30,30,30],"floor_reached":33,"playtime":4071,"items_purged":["Strike_G","Strike_G"],"score":685,"play_id":"bc57bd7e-cecc-4799-ab48-c33f63f8e5c3","local_time":"20190626134051","is_ascension_mode":true,"campfire_choices":[{"data":"Predator","floor":6.0,"key":"SMITH"},{"data":"Cloak And Dagger","floor":15.0,"key":"SMITH"},{"floor":32.0,"key":"REST"}],"neow_cost":"NONE","seed_source_timestamp":1154010227134347,"circlet_count":0,"master_deck":["AscendersBane","Defend_G","Defend_G","Defend_G","Defend_G","Defend_G","Strike_G","Strike_G","Strike_G","Survivor","Neutralize+1","Cloak And Dagger+1","Predator+1","Poisoned Stab","Cloak And Dagger","Poisoned Stab","Slice","Backflip","PiercingWail","Acrobatics","Corpse Explosion","Backstab","PiercingWail","Dodge and Roll","Footwork","PiercingWail","Backstab","Noxious Fumes","Backflip","PiercingWail"],"special_seed":0,"relics":["Ring of the Snake","NeowsBlessing","Omamori","Shuriken","Bottled Flame","Meat on the Bone","HoveringKite","Sundial","Snake Skull","Lantern","PreservedInsect","Nilry\u0027s Codex","Happy Flower"],"potions_floor_usage":[33],"damage_taken":[{"damage":0.0,"enemies":"2 Louse","floor":1.0,"turns":1.0},{"damage":0.0,"enemies":"Cultist","floor":4.0,"turns":1.0},{"damage":0.0,"enemies":"Lagavulin","floor":7.0,"turns":1.0},{"damage":0.0,"enemies":"Jaw Worm","floor":8.0,"turns":5.0},{"damage":6.0,"enemies":"Gremlin Nob","floor":10.0,"turns":4.0},{"damage":10.0,"enemies":"Lagavulin","floor":12.0,"turns":4.0},{"damage":0.0,"enemies":"Red Slaver","floor":13.0,"turns":3.0},{"damage":1.0,"enemies":"3 Louse","floor":14.0,"turns":3.0},{"damage":1.0,"enemies":"The Guardian","floor":16.0,"turns":13.0},{"damage":3.0,"enemies":"2 Thieves","floor":18.0,"turns":2.0},{"damage":11.0,"enemies":"Spheric Guardian","floor":20.0,"turns":6.0},{"damage":17.0,"enemies":"Snecko","floor":21.0,"turns":6.0},{"damage":7.0,"enemies":"Slavers","floor":23.0,"turns":2.0},{"damage":16.0,"enemies":"Centurion and Healer","floor":24.0,"turns":7.0},{"damage":11.0,"enemies":"Book of Stabbing","floor":27.0,"turns":7.0},{"damage":13.0,"enemies":"Shelled Parasite and Fungi","floor":31.0,"turns":6.0},{"damage":36,"enemies":"Collector","floor":33,"turns":8}],"seed_played":"-2626494880849039745","potions_obtained":[{"floor":3.0,"key":"GamblersBrew"},{"floor":3.0,"key":"GhostInAJar"},{"floor":7.0,"key":"Energy Potion"},{"floor":10.0,"key":"AttackPotion"},{"floor":13.0,"key":"Poison Potion"},{"floor":20.0,"key":"PowerPotion"},{"floor":21.0,"key":"Poison Potion"},{"floor":31.0,"key":"EssenceOfSteel"}],"is_trial":false,"path_per_floor":["M","?","?","M","$","R","E","M","T","E","$","E","M","M","R","B",null,"M","?","M","M","?","E","M","$","T","E","?","T","$","M","R","B"],"character_chosen":"THE_SILENT","items_purchased":["Poisoned Stab","Backflip","Footwork","Snake Skull","PiercingWail","Noxious Fumes","Backflip"],"campfire_rested":1,"item_purchase_floors":[5,11,25,25,25,30,30],"current_hp_per_floor":[59,59,59,59,59,59,59,59,59,53,53,43,43,42,42,41,60,57,57,46,41,37,42,38,38,38,39,18,18,18,17,36,0],"gold":30,"neow_bonus":"THREE_ENEMY_KILL","is_prod":false,"is_daily":false,"chose_seed":false,"campfire_upgraded":2,"win_rate":0,"timestamp":1561545651,"path_taken":["M","?","?","M","$","R","E","M","T","E","$","E","?","M","R","BOSS","M","?","M","?","?","E","M","?","T","E","?","?","$","M","R","BOSS"],"build_version":"2019-01-23","purchased_purges":2,"victory":false,"max_hp_per_floor":[66,66,66,66,66,66,66,66,66,66,66,66,66,66,66,66,66,66,66,66,66,66,66,66,66,66,66,66,66,66,66,66,66],"card_choices":[{"not_picked":["Crippling Poison","Prepared"],"picked":"Cloak And Dagger","floor":1.0},{"not_picked":["Tactician","Dodge and Roll"],"picked":"Predator","floor":4.0},{"not_picked":["Dodge and Roll","Grand Finale"],"picked":"Cloak And Dagger","floor":7.0},{"not_picked":["Acrobatics","Blade Dance"],"picked":"Poisoned Stab","floor":8.0},{"not_picked":["Dagger Throw","Expertise"],"picked":"Slice","floor":10.0},{"not_picked":["Poisoned Stab","Skewer"],"picked":"PiercingWail","floor":12.0},{"not_picked":["Predator","Poisoned Stab"],"picked":"Acrobatics","floor":13.0},{"not_picked":["Setup","Reflex","Tactician"],"picked":"SKIP","floor":14.0},{"not_picked":["Bullet Time","Storm of Steel"],"picked":"Corpse Explosion","floor":16.0},{"not_picked":["Underhanded Strike","Accuracy"],"picked":"Backstab","floor":18.0},{"not_picked":["Sucker Punch","Masterful Stab"],"picked":"PiercingWail","floor":20.0},{"not_picked":["All Out Attack","Endless Agony","Riddle With Holes"],"picked":"SKIP","floor":21.0},{"not_picked":["Bullet Time","Dagger Throw","Sucker Punch"],"picked":"SKIP","floor":23.0},{"not_picked":["PiercingWail","Storm of Steel"],"picked":"Dodge and Roll","floor":24.0},{"not_picked":["Dagger Throw","Dagger Spray"],"picked":"Backstab","floor":27.0},{"not_picked":["Bane","Endless Agony"],"picked":"PiercingWail","floor":31.0}],"player_experience":566377,"relics_obtained":[{"floor":7.0,"key":"Omamori"},{"floor":9.0,"key":"Shuriken"},{"floor":10.0,"key":"Bottled Flame"},{"floor":12.0,"key":"Meat on the Bone"},{"floor":23.0,"key":"Sundial"},{"floor":26.0,"key":"Lantern"},{"floor":27.0,"key":"PreservedInsect"},{"floor":28.0,"key":"Nilry\u0027s Codex"},{"floor":29.0,"key":"Happy Flower"}],"event_choices":[{"damage_healed":0.0,"max_hp_gain":0.0,"max_hp_loss":0.0,"gold_gain":0.0,"event_name":"Living Wall","player_choice":"Grow","floor":2.0,"gold_loss":0.0,"damage_taken":0.0,"cards_upgraded":["Neutralize"]},{"damage_healed":0.0,"max_hp_gain":0.0,"max_hp_loss":0.0,"gold_gain":0.0,"event_name":"Lab","player_choice":"Got Potions","floor":3.0,"gold_loss":0.0,"damage_taken":0.0},{"damage_healed":0.0,"max_hp_gain":0.0,"max_hp_loss":0.0,"gold_gain":250.0,"event_name":"The Joust","player_choice":"Bet on Owner","floor":19.0,"gold_loss":50.0,"damage_taken":0.0},{"damage_healed":0.0,"max_hp_gain":0.0,"max_hp_loss":0.0,"gold_gain":0.0,"event_name":"The Woman in Blue","player_choice":"Bought 0 Potions","floor":22.0,"gold_loss":0.0,"damage_taken":0.0},{"damage_healed":0.0,"max_hp_gain":0.0,"max_hp_loss":0.0,"gold_gain":0.0,"event_name":"Cursed Tome","player_choice":"Obtained Book","floor":28.0,"gold_loss":0.0,"damage_taken":21.0}],"is_beta":false,"boss_relics":[{"not_picked":["Sozu","Runic Dome"],"picked":"HoveringKite"}],"items_purged_floors":[5,25],"is_endless":false,"potions_floor_spawned":[7,10,13,16,20,21,31],"killed_by":"Collector","ascension_level":20}