{"gold_per_floor":[117,137,152,152,164,164,190,204,230,230,257,27,27,53,53,127,127,99,14,33,33,303,332,332,344,344,344,355,30,40,40,40,118,118,132,132,186,196,206,206,222,251,278,278],"floor_reached":44,"playtime":3266,"items_purged":["Normality"],"score":981,"play_id":"ee4aa2b1-7c83-4aa8-a4c7-e514ad11da34","local_time":"20190715023553","is_ascension_mode":true,"campfire_choices":[{"data":"Streamline","floor":6.0,"key":"SMITH"},{"floor":10.0,"key":"REST"},{"data":"Zap","floor":13.0,"key":"SMITH"},{"data":"Undo","floor":15.0,"key":"SMITH"},{"floor":24.0,"key":"REST"},{"floor":27.0,"key":"REST"},{"floor":32.0,"key":"REST"},{"data":"Biased Cognition","floor":40.0,"key":"SMITH"}],"neow_cost":"NONE","seed_source_timestamp":79001679262548,"circlet_count":0,"master_deck":["AscendersBane","Defend_B+1","Defend_B+1","Defend_B+1","Defend_B+1","Zap+1","Dualcast","Leap","Static Discharge","Streamline+1","Undo+1","Cold Snap","Cold Snap","Streamline","Biased Cognition+1","Barrage","Tempest+1","Multi-Cast+1","Reinforced Body+1","Loop","Self Repair","Glacier+1","Self Repair","Hologram+1","Bite","Bite","Bite","Bite","Bite","Buffer","Consume+1","Sunder+1","Master of Strategy+1","Panacea+1","Defragment+1","Loop","Hologram+1","Biased Cognition","Coolheaded+1","Electrodynamics"],"special_seed":0,"relics":["Velvet Choker","Whetstone","Omamori","Happy Flower","Runic Capacitor","Art of War","Calling Bell","Bronze Scales","Toxic Egg 2","Emotion Chip","Prayer Wheel","Pocketwatch","Singing Bowl","Sozu","Nunchaku","Frozen Egg 2"],"potions_floor_usage":[44],"damage_taken":[{"damage":2.0,"enemies":"Cultist","floor":1.0,"turns":4.0},{"damage":2.0,"enemies":"Jaw Worm","floor":2.0,"turns":4.0},{"damage":4.0,"enemies":"2 Louse","floor":3.0,"turns":3.0},{"damage":7.0,"enemies":"2 Fungi Beasts","floor":5.0,"turns":3.0},{"damage":26.0,"enemies":"3 Sentries","floor":7.0,"turns":7.0},{"damage":8.0,"enemies":"3 Louse","floor":8.0,"turns":2.0},{"damage":6.0,"enemies":"Lagavulin","floor":11.0,"turns":6.0},{"damage":0.0,"enemies":"3 Sentries","floor":14.0,"turns":7.0},{"damage":28.0,"enemies":"Hexaghost","floor":16.0,"turns":11.0},{"damage":15.0,"enemies":"2 Thieves","floor":18.0,"turns":4.0},{"damage":0.0,"enemies":"Chosen","floor":20.0,"turns":4.0},{"damage":5.0,"enemies":"Book of Stabbing","floor":23.0,"turns":3.0},{"damage":13.0,"enemies":"Sentry and Sphere","floor":25.0,"turns":5.0},{"damage":22.0,"enemies":"Shelled Parasite and Fungi","floor":28.0,"turns":5.0},{"damage":14.0,"enemies":"Cultist and Chosen","floor":30.0,"turns":5.0},{"damage":19.0,"enemies":"Champ","floor":33.0,"turns":8.0},{"damage":0.0,"enemies":"3 Shapes","floor":35.0,"turns":5.0},{"damage":1.0,"enemies":"2 Orb Walkers","floor":37.0,"turns":4.0},{"damage":0.0,"enemies":"Orb Walker","floor":38.0,"turns":6.0},{"damage":9.0,"enemies":"Sphere and 2 Shapes","floor":39.0,"turns":5.0},{"damage":16.0,"enemies":"3 Darklings","floor":41.0,"turns":6.0},{"damage":46.0,"enemies":"Reptomancer","floor":42.0,"turns":5.0},{"damage":24,"enemies":"Jaw Worm Horde","floor":44,"turns":1}],"seed_played":"-3196206217365131073","potions_obtained":[{"floor":5.0,"key":"Ancient Potion"},{"floor":7.0,"key":"SmokeBomb"},{"floor":11.0,"key":"Ancient Potion"},{"floor":16.0,"key":"PowerPotion"},{"floor":25.0,"key":"FearPotion"},{"floor":30.0,"key":"FearPotion"}],"is_trial":false,"path_per_floor":["M","M","M","?","M","R","E","M","T","R","E","$","R","E","R","B",null,"M","?","M","?","?","E","R","M","T","R","M","$","M","?","R","B",null,"M","?","?","M","M","R","M","E","T","M"],"character_chosen":"DEFECT","items_purchased":["Runic Capacitor","Glacier+1","Self Repair","FocusPotion"],"campfire_rested":4,"item_purchase_floors":[12,29,29,29],"current_hp_per_floor":[62,60,56,56,49,49,23,15,15,36,30,30,30,30,30,2,54,39,39,39,39,11,6,27,14,14,35,15,15,3,3,18,13,42,52,44,49,56,56,56,51,18,18,0],"gold":278,"neow_bonus":"BOSS_RELIC","is_prod":false,"is_daily":false,"chose_seed":false,"campfire_upgraded":4,"win_rate":0,"timestamp":1563147353,"path_taken":["M","M","?","?","M","R","E","M","T","R","E","$","R","E","R","BOSS","M","?","M","?","?","E","R","M","T","R","M","$","?","?","R","BOSS","M","?","?","M","M","R","M","E","T","M"],"build_version":"2019-07-05","purchased_purges":1,"victory":false,"max_hp_per_floor":[71,71,71,71,71,71,71,71,71,71,71,71,71,71,71,71,71,71,71,71,71,71,71,71,71,71,71,73,73,75,52,52,52,52,52,54,54,56,56,56,56,58,58,58],"card_choices":[{"not_picked":["Beam Cell","Barrage","Go for the Eyes"],"picked":"SKIP","floor":1.0},{"not_picked":["Barrage","Go for the Eyes"],"picked":"Leap","floor":2.0},{"not_picked":["Sweeping Beam","Leap"],"picked":"Static Discharge","floor":3.0},{"not_picked":["Rip and Tear","Self Repair"],"picked":"Streamline","floor":5.0},{"not_picked":["Stack","Seek"],"picked":"Undo","floor":7.0},{"not_picked":["Recycle","Sweeping Beam"],"picked":"Cold Snap","floor":8.0},{"not_picked":["Rebound","Leap"],"picked":"Cold Snap","floor":11.0},{"not_picked":["Turbo","Scrape"],"picked":"Streamline","floor":14.0},{"not_picked":["Seek","Core Surge"],"picked":"Biased Cognition","floor":16.0},{"not_picked":["Steam+1","Beam Cell"],"picked":"Barrage","floor":18.0},{"not_picked":["Gash","FTL"],"picked":"Tempest+1","floor":20.0},{"not_picked":["Sweeping Beam","Rebound","Beam Cell"],"picked":"SKIP","floor":20.0},{"not_picked":["Skim+1","Self Repair"],"picked":"Multi-Cast+1","floor":23.0},{"not_picked":["Ball Lightning+1","Coolheaded+1"],"picked":"Reinforced Body+1","floor":25.0},{"not_picked":["Redo+1","Compile Driver"],"picked":"Loop","floor":25.0},{"not_picked":["Gash","Conserve Battery+1","Streamline"],"picked":"Singing Bowl","floor":28.0},{"not_picked":["Hologram+1","Turbo+1"],"picked":"Self Repair","floor":28.0},{"not_picked":["Rebound","Cold Snap"],"picked":"Hologram+1","floor":30.0},{"not_picked":["Redo+1","Steam Power+1","Barrage"],"picked":"Singing Bowl","floor":30.0},{"not_picked":["Hyperbeam","Meteor Strike"],"picked":"Buffer","floor":33.0},{"not_picked":["Leap+1","Turbo+1"],"picked":"Consume+1","floor":35.0},{"not_picked":["BootSequence+1","Beam Cell+1"],"picked":"Sunder+1","floor":35.0},{"not_picked":["Swift Strike","Metamorphosis+1"],"picked":"Master of Strategy+1","floor":36.0},{"not_picked":["Swift Strike","Flash of Steel"],"picked":"Panacea+1","floor":36.0},{"not_picked":["Forethought+1","Good Instincts+1","Trip+1"],"picked":"Singing Bowl","floor":36.0},{"not_picked":["FTL","Coolheaded+1"],"picked":"Defragment+1","floor":37.0},{"not_picked":["Beam Cell","Steam+1","Conserve Battery+1"],"picked":"Singing Bowl","floor":38.0},{"not_picked":["Stack+1","Streamline"],"picked":"Loop","floor":38.0},{"not_picked":["Redo+1","Beam Cell"],"picked":"Hologram+1","floor":39.0},{"not_picked":["Storm","Barrage"],"picked":"Biased Cognition","floor":39.0},{"not_picked":["Fusion+1","Go for the Eyes"],"picked":"Coolheaded+1","floor":41.0},{"not_picked":["Barrage","Storm"],"picked":"Electrodynamics","floor":41.0},{"not_picked":["Conserve Battery+1","Steam+1","Thunder Strike"],"picked":"Singing Bowl","floor":42.0}],"player_experience":696055,"relics_obtained":[{"floor":7.0,"key":"Whetstone"},{"floor":9.0,"key":"Omamori"},{"floor":11.0,"key":"Happy Flower"},{"floor":14.0,"key":"Art of War"},{"floor":17.0,"key":"Bronze Scales"},{"floor":17.0,"key":"Toxic Egg 2"},{"floor":17.0,"key":"Emotion Chip"},{"floor":23.0,"key":"Pocketwatch"},{"floor":26.0,"key":"Singing Bowl"},{"floor":37.0,"key":"Nunchaku"},{"floor":42.0,"key":"Frozen Egg 2"}],"event_choices":[{"damage_healed":0.0,"max_hp_gain":0.0,"max_hp_loss":0.0,"gold_gain":0.0,"event_name":"Liars Game","player_choice":"Ignored","floor":4.0,"gold_loss":0.0,"damage_taken":0.0},{"damage_healed":0.0,"max_hp_gain":0.0,"max_hp_loss":0.0,"gold_gain":0.0,"event_name":"Addict","player_choice":"Obtained Relic","floor":19.0,"gold_loss":85.0,"damage_taken":0.0,"relics_obtained":["Prayer Wheel"]},{"damage_healed":0.0,"max_hp_gain":0.0,"max_hp_loss":0.0,"gold_gain":0.0,"event_name":"Back to Basics","player_choice":"Simplicity","floor":21.0,"gold_loss":0.0,"damage_taken":0.0,"cards_upgraded":["Strike_B","Strike_B","Defend_B","Defend_B","Defend_B","Defend_B"]},{"damage_healed":0.0,"max_hp_gain":0.0,"max_hp_loss":0.0,"gold_gain":270.0,"event_name":"Knowing Skull","player_choice":"GOLD GOLD GOLD ","floor":22.0,"potions_obtained":[],"gold_loss":0.0,"damage_taken":28.0,"cards_obtained":[]},{"damage_healed":0.0,"max_hp_gain":0.0,"max_hp_loss":23.0,"gold_gain":0.0,"event_name":"Vampires","player_choice":"Became a vampire","floor":31.0,"gold_loss":0.0,"damage_taken":0.0,"cards_obtained":["Bite","Bite","Bite","Bite","Bite"]},{"damage_healed":0.0,"max_hp_gain":0.0,"max_hp_loss":0.0,"gold_gain":0.0,"event_name":"SensoryStone","player_choice":"Memory 3","floor":36.0,"gold_loss":0.0,"damage_taken":10.0},{"damage_healed":0.0,"max_hp_gain":0.0,"max_hp_loss":0.0,"gold_gain":0.0,"event_name":"Mysterious Sphere","player_choice":"Fight","floor":37.0,"gold_loss":0.0,"damage_taken":0.0}],"is_beta":false,"boss_relics":[{"not_picked":["Ectoplasm","Pandora\u0027s Box"],"picked":"Calling Bell"},{"not_picked":["White Beast Statue","Lizard Tail"],"picked":"Sozu"}],"items_purged_floors":[29],"is_endless":false,"potions_floor_spawned":[5,7,11,16,20,25,30,35,38,41],"killed_by":"Jaw Worm Horde","ascension_level":17}