{"gold_per_floor":[110,110,123,143,143,143,177,11,11,42,79,91,65,102,114,217,229,254,289,301,19,43,43,87,87],"floor_reached":25,"playtime":822,"items_purged":["Pain"],"score":496,"play_id":"cfb9c4df-f0d5-4048-a8e9-4ce19cc0c017","local_time":"20190702143851","is_ascension_mode":true,"campfire_choices":[{"floor":6,"key":"REST"},{"data":"Demon Form","floor":12,"key":"SMITH"},{"floor":15,"key":"REST"},{"floor":23,"key":"REST"}],"neow_cost":"NONE","seed_source_timestamp":356998250499800,"circlet_count":0,"master_deck":["AscendersBane","Strike_R","Strike_R","Strike_R","Strike_R","Defend_R","Defend_R+1","Defend_R","Defend_R","Bash","Havoc+1","Heavy Blade","Sword Boomerang","Demon Form+1","Armaments","Flame Barrier","Flame Barrier","Impervious","Impervious","Shrug It Off","Twin Strike"],"relics":["Burning Blood","Golden Idol","Paper Frog","War Paint","MawBank","Busted Crown","WarpedTongs","Brimstone","Boot"],"potions_floor_usage":[3,4,10,14,16,16,25],"damage_taken":[{"damage":24,"enemies":"Jaw Worm","floor":1,"turns":4},{"damage":2,"enemies":"Cultist","floor":3,"turns":4},{"damage":5,"enemies":"Small Slimes","floor":4,"turns":4},{"damage":32,"enemies":"Gremlin Nob","floor":7,"turns":4},{"damage":0,"enemies":"2 Fungi Beasts","floor":10,"turns":3},{"damage":19,"enemies":"Lots of Slimes","floor":11,"turns":5},{"damage":6,"enemies":"Exordium Thugs","floor":14,"turns":4},{"damage":7,"enemies":"Slime Boss","floor":16,"turns":8},{"damage":12,"enemies":"Chosen","floor":18,"turns":6},{"damage":0,"enemies":"3 Byrds","floor":19,"turns":3},{"damage":26,"enemies":"Centurion and Healer","floor":22,"turns":6},{"damage":68,"enemies":"Book of Stabbing","floor":24,"turns":6},{"damage":22,"enemies":"Chosen and Byrds","floor":25,"turns":5}],"seed_played":"1256956957802344731","potions_obtained":[{"floor":2,"key":"SpeedPotion"},{"floor":2,"key":"Fruit Juice"},{"floor":3,"key":"Poison Potion"},{"floor":4,"key":"Fire Potion"},{"floor":11,"key":"Explosive Potion"},{"floor":14,"key":"Fire Potion"},{"floor":16,"key":"PowerPotion"}],"is_trial":false,"path_per_floor":["M","?","M","M","?","R","E","$","T","M","M","R","?","M","R","B",null,"M","M","?","$","M","R","E","M"],"character_chosen":"IRONCLAD","items_purchased":["War Paint","Brimstone"],"campfire_rested":3,"item_purchase_floors":[8,21],"current_hp_per_floor":[50,50,59,60,32,56,30,30,30,36,23,23,23,23,47,46,72,66,72,72,72,52,76,14,0],"gold":87,"neow_bonus":"TRANSFORM_CARD","is_prod":false,"is_daily":false,"chose_seed":false,"campfire_upgraded":1,"win_rate":0,"timestamp":1562092731,"path_taken":["M","?","M","?","?","R","E","$","T","M","M","R","?","M","R","BOSS","M","M","?","$","M","R","E","?"],"build_version":"2019-07-01","purchased_purges":1,"victory":false,"max_hp_per_floor":[75,75,80,80,80,80,80,80,80,80,80,80,80,80,80,80,80,80,80,80,80,80,80,80,80],"card_choices":[{"not_picked":["Rampage","Havoc"],"picked":"Heavy Blade","floor":1},{"not_picked":["Entrench","Body Slam"],"picked":"Sword Boomerang","floor":3},{"not_picked":["Clash","Hemokinesis"],"picked":"Demon Form","floor":4},{"not_picked":["Bloodletting","Warcry"],"picked":"Armaments","floor":7},{"not_picked":["Clash","Headbutt"],"picked":"Flame Barrier","floor":10},{"not_picked":["Shrug It Off","Evolve"],"picked":"Flame Barrier","floor":11},{"not_picked":["Entrench","Sever Soul"],"picked":"Impervious","floor":14},{"not_picked":["Exhume","Immolate"],"picked":"Impervious","floor":16},{"not_picked":[],"picked":"Shrug It Off","floor":18},{"not_picked":["Anger"],"picked":"SKIP","floor":19},{"not_picked":[],"picked":"Twin Strike","floor":22},{"not_picked":["Clash"],"picked":"SKIP","floor":24}],"player_experience":1660248,"relics_obtained":[{"floor":7,"key":"Paper Frog"},{"floor":9,"key":"MawBank"},{"floor":24,"key":"Boot"}],"event_choices":[{"damage_healed":0,"gold_gain":0,"player_choice":"Got Potions","damage_taken":0,"max_hp_gain":0,"max_hp_loss":0,"event_name":"Lab","floor":2,"gold_loss":0},{"damage_healed":0,"gold_gain":0,"player_choice":"Take Damage","damage_taken":28,"relics_obtained":["Golden Idol"],"max_hp_gain":0,"max_hp_loss":0,"event_name":"Golden Idol","floor":5,"gold_loss":0},{"damage_healed":0,"gold_gain":0,"player_choice":"Left Gold","damage_taken":0,"max_hp_gain":0,"max_hp_loss":0,"event_name":"World of Goop","floor":13,"gold_loss":38},{"damage_healed":0,"gold_gain":0,"player_choice":"Rummage","damage_taken":0,"relics_obtained":["WarpedTongs"],"max_hp_gain":0,"max_hp_loss":0,"event_name":"Accursed Blacksmith","floor":20,"gold_loss":0,"cards_obtained":["Pain"]}],"is_beta":false,"boss_relics":[{"not_picked":["Eternal Feather","Empty Cage"],"picked":"Busted Crown"}],"items_purged_floors":[21],"is_endless":false,"potions_floor_spawned":[3,4,11,14,16],"killed_by":"Chosen and Byrds","ascension_level":20}