{"gold_per_floor":[113,131,131,81,81,100,111,111,111,124,124,137,137,8,8,106,106,121,31,50,60,21,21],"floor_reached":23,"playtime":3067,"items_purged":[],"score":183,"play_id":"99679297-11f7-4d5c-a5d8-695d9f3dc201","local_time":"20190705152417","is_ascension_mode":false,"campfire_choices":[{"data":"Anger","floor":8,"key":"SMITH"},{"data":"Iron Wave","floor":11,"key":"SMITH"},{"data":"Battle Trance","floor":15,"key":"SMITH"}],"neow_cost":"","seed_source_timestamp":436306816579100,"circlet_count":0,"master_deck":["Strike_R","Strike_R","Strike_R","Defend_R","Defend_R","Defend_R","Anger+1","Entrench+1","Iron Wave+1","Iron Wave","Cleave+1","Anger","Battle Trance+1","Impervious","Carnage","Warcry","Seeing Red","Pummel"],"relics":["Burning Blood","Bottled Flame","Empty Cage"],"potions_floor_usage":[6,7,16,21,23],"damage_taken":[{"damage":10,"enemies":"2 Louse","floor":1,"turns":3},{"damage":1,"enemies":"Jaw Worm","floor":2,"turns":3},{"damage":0,"enemies":"Small Slimes","floor":6,"turns":3},{"damage":6,"enemies":"Red Slaver","floor":7,"turns":5},{"damage":21,"enemies":"Large Slime","floor":10,"turns":7},{"damage":2,"enemies":"Blue Slaver","floor":12,"turns":4},{"damage":68,"enemies":"The Guardian","floor":16,"turns":12},{"damage":11,"enemies":"Spheric Guardian","floor":18,"turns":5},{"damage":8,"enemies":"Shell Parasite","floor":20,"turns":6},{"damage":51,"enemies":"Snake Plant","floor":21,"turns":7},{"damage":43,"enemies":"Slavers","floor":23,"turns":4}],"seed_played":"-3375281589694589946","potions_obtained":[{"floor":1,"key":"GamblersBrew"},{"floor":2,"key":"GamblersBrew"},{"floor":7,"key":"Block Potion"},{"floor":10,"key":"SmokeBomb"},{"floor":16,"key":"FairyPotion"},{"floor":18,"key":"SpeedPotion"},{"floor":20,"key":"Ancient Potion"}],"is_trial":false,"path_per_floor":["M","M","?","?","?","M","M","R","T","M","R","M","?","$","R","B",null,"M","?","M","M","$","E"],"character_chosen":"IRONCLAD","items_purchased":["Anger","Battle Trance","Pummel"],"campfire_rested":0,"item_purchase_floors":[14,14,22],"current_hp_per_floor":[76,80,80,80,80,80,80,80,80,65,65,69,69,69,69,7,80,75,75,73,28,28,0],"gold":21,"neow_bonus":"","is_prod":false,"is_daily":false,"chose_seed":false,"campfire_upgraded":3,"win_rate":0.0,"timestamp":1562336657,"path_taken":["M","M","?","?","?","M","M","R","T","?","R","M","?","$","R","BOSS","M","?","M","?","$","E"],"build_version":"2019-07-01","purchased_purges":0,"victory":false,"max_hp_per_floor":[80,80,80,80,80,80,80,80,80,80,80,80,80,80,80,80,80,80,80,80,80,80,80],"card_choices":[{"not_picked":["Feel No Pain","Battle Trance"],"picked":"Anger","floor":1},{"not_picked":["Inflame","True Grit"],"picked":"Entrench","floor":2},{"not_picked":["Rupture","Clothesline"],"picked":"Iron Wave","floor":6},{"not_picked":["Rage","Demon Form"],"picked":"Iron Wave","floor":7},{"not_picked":["Bloodletting","Shockwave"],"picked":"Combust","floor":10},{"not_picked":["Power Through","Infernal Blade"],"picked":"Cleave","floor":12},{"not_picked":["Dark Embrace","Fiend Fire"],"picked":"Impervious","floor":16},{"not_picked":["True Grit","Clash+1"],"picked":"Carnage","floor":18},{"not_picked":["Carnage","Dropkick"],"picked":"Warcry","floor":20},{"not_picked":["Warcry","Infernal Blade"],"picked":"Seeing Red","floor":21}],"player_experience":0,"relics_obtained":[{"floor":9,"key":"Bottled Flame"}],"event_choices":[{"damage_healed":0,"gold_gain":0,"player_choice":"Ignored","damage_taken":0,"max_hp_gain":0,"max_hp_loss":0,"event_name":"Liars Game","floor":3,"gold_loss":0},{"cards_removed":["Bash"],"damage_healed":0,"gold_gain":0,"player_choice":"Card Removal","damage_taken":0,"max_hp_gain":0,"max_hp_loss":0,"event_name":"The Cleric","floor":4,"gold_loss":50},{"cards_removed":["Defend_R"],"damage_healed":0,"gold_gain":0,"player_choice":"Offered Basic","damage_taken":0,"max_hp_gain":0,"max_hp_loss":0,"event_name":"Bonfire Elementals","floor":5,"gold_loss":0},{"damage_healed":0,"gold_gain":0,"player_choice":"Grow","damage_taken":0,"max_hp_gain":0,"max_hp_loss":0,"event_name":"Living Wall","floor":13,"gold_loss":0,"cards_upgraded":["Cleave"]},{"cards_removed":["Strike_R"],"damage_healed":0,"gold_gain":0,"player_choice":"Upgrade and Remove","damage_taken":0,"max_hp_gain":0,"max_hp_loss":0,"event_name":"Designer","floor":19,"gold_loss":90,"cards_upgraded":["Entrench"]}],"is_beta":false,"boss_relics":[{"not_picked":["Tiny House","Snecko Eye"],"picked":"Empty Cage"}],"items_purged_floors":[],"is_endless":false,"potions_floor_spawned":[1,2,7,10,16,18,20],"killed_by":"Slavers","ascension_level":0}