{"gold_per_floor":[117,135,78,97,22,51,51,86,86,20,20,55,55,83,83,157,157,167,4,19,19],"floor_reached":21,"playtime":866,"items_purged":[],"score":410,"play_id":"511922d0-bf58-49d7-8d1d-18a1cf4e5c83","local_time":"20190702084137","is_ascension_mode":true,"campfire_choices":[{"data":"Seeing Red","floor":7,"key":"SMITH"},{"data":"Clothesline","floor":11,"key":"SMITH"},{"floor":13,"key":"REST"},{"floor":15,"key":"REST"}],"neow_cost":"NONE","seed_source_timestamp":335520958542400,"circlet_count":0,"master_deck":["AscendersBane","Strike_R","Strike_R","Strike_R","Strike_R","Defend_R","Defend_R","Defend_R","Defend_R","Bash","Warcry","Demon Form","Shrug It Off","Seeing Red+1","Spot Weakness","Clothesline+1","Offering","Armaments","Reaper","Power Through","Sword Boomerang"],"relics":["Burning Blood","Strawberry","Self Forming Clay","Ancient Tea Set","Lantern","Anchor","White Beast Statue","Juzu Bracelet"],"potions_floor_usage":[6,8,14,16,16,21,21],"damage_taken":[{"damage":3,"enemies":"2 Louse","floor":1,"turns":4},{"damage":4,"enemies":"Small Slimes","floor":2,"turns":3},{"damage":4,"enemies":"Jaw Worm","floor":4,"turns":3},{"damage":8,"enemies":"Gremlin Nob","floor":6,"turns":3},{"damage":16,"enemies":"Lagavulin","floor":8,"turns":7},{"damage":31,"enemies":"3 Sentries","floor":12,"turns":9},{"damage":29,"enemies":"Gremlin Nob","floor":14,"turns":5},{"damage":78,"enemies":"Slime Boss","floor":16,"turns":13},{"damage":56,"enemies":"3 Byrds","floor":18,"turns":8},{"damage":31,"enemies":"Shell Parasite","floor":20,"turns":9},{"damage":26,"enemies":"Chosen and Byrds","floor":21,"turns":5}],"seed_played":"-182615211143808530","potions_obtained":[{"floor":0,"key":"EssenceOfSteel"},{"floor":0,"key":"SkillPotion"},{"floor":4,"key":"AttackPotion"},{"floor":8,"key":"SpeedPotion"},{"floor":12,"key":"SpeedPotion"},{"floor":14,"key":"BloodPotion"},{"floor":18,"key":"LiquidBronze"},{"floor":20,"key":"Weak Potion"}],"is_trial":false,"path_per_floor":["M","M","$","M","?","E","R","E","T","?","R","E","R","E","R","B",null,"M","$","M","M"],"character_chosen":"IRONCLAD","items_purchased":["Shrug It Off","Juzu Bracelet"],"campfire_rested":2,"item_purchase_floors":[3,19],"current_hp_per_floor":[71,73,73,75,75,80,80,70,70,70,70,45,69,46,70,18,66,25,25,10,0],"gold":19,"neow_bonus":"THREE_SMALL_POTIONS","is_prod":false,"is_daily":false,"chose_seed":false,"campfire_upgraded":2,"win_rate":0,"timestamp":1562071297,"path_taken":["M","M","$","M","?","E","R","E","T","?","R","E","R","E","R","BOSS","M","$","M","M"],"build_version":"2019-07-01","purchased_purges":0,"victory":false,"max_hp_per_floor":[75,75,75,75,75,82,82,82,82,82,82,82,82,82,82,82,82,82,82,82,82],"card_choices":[{"not_picked":["Body Slam","Rampage"],"picked":"Warcry","floor":1},{"not_picked":["Reckless Charge","True Grit"],"picked":"Demon Form","floor":2},{"not_picked":["Body Slam","Flex"],"picked":"Seeing Red","floor":4},{"not_picked":["Havoc","Second Wind"],"picked":"Spot Weakness","floor":6},{"not_picked":["Blood for Blood","Twin Strike"],"picked":"Clothesline","floor":8},{"not_picked":["Seeing Red","Anger"],"picked":"Offering","floor":12},{"not_picked":["Fiend Fire","Searing Blow"],"picked":"Armaments","floor":14},{"not_picked":["Berserk","Exhume"],"picked":"Reaper","floor":16},{"not_picked":["Cleave","Pommel Strike"],"picked":"Power Through","floor":18},{"not_picked":["Body Slam+1","Thunderclap"],"picked":"Sword Boomerang","floor":20}],"player_experience":1641816,"relics_obtained":[{"floor":6,"key":"Strawberry"},{"floor":8,"key":"Self Forming Clay"},{"floor":9,"key":"Ancient Tea Set"},{"floor":12,"key":"Lantern"},{"floor":14,"key":"Anchor"}],"event_choices":[{"cards_removed":["Strike_R"],"damage_healed":0,"gold_gain":0,"player_choice":"Card Removal","damage_taken":0,"max_hp_gain":0,"max_hp_loss":0,"event_name":"The Cleric","floor":5,"gold_loss":75},{"damage_healed":0,"gold_gain":0,"player_choice":"Left Gold","damage_taken":0,"max_hp_gain":0,"max_hp_loss":0,"event_name":"World of Goop","floor":10,"gold_loss":66}],"is_beta":false,"boss_relics":[{"not_picked":["Ectoplasm","Black Blood"],"picked":"White Beast Statue"}],"items_purged_floors":[],"is_endless":false,"potions_floor_spawned":[2,4,8,12,14,18,20],"killed_by":"Chosen and Byrds","ascension_level":20}