{"gold_per_floor":[16,16,33,33,43,43,72,72,72,72,84,112,124,124,124,124],"floor_reached":16,"playtime":1032,"items_purged":[],"score":220,"play_id":"68542ca4-e0c9-4266-b8d0-d3e3a3c6fb61","local_time":"20190723123743","is_ascension_mode":true,"campfire_choices":[{"data":"Melter","floor":6,"key":"SMITH"},{"floor":8,"key":"REST"},{"data":"Dualcast","floor":10,"key":"SMITH"},{"data":"Coolheaded","floor":15,"key":"SMITH"}],"neow_cost":"NO_GOLD","seed_source_timestamp":308134865843861,"circlet_count":0,"master_deck":["AscendersBane","Strike_B","Strike_B","Defend_B","Defend_B","Defend_B","Defend_B","Zap+1","Dualcast+1","Conserve Battery","Melter+1","BootSequence","Cold Snap","Defragment+1","Cold Snap","Coolheaded+1"],"relics":["Cracked Core","Frozen Egg 2","Mummified Hand","Incense Burner","Strawberry"],"potions_floor_usage":[16],"damage_taken":[{"damage":4,"enemies":"Small Slimes","floor":1,"turns":4},{"damage":0,"enemies":"2 Louse","floor":3,"turns":3},{"damage":1,"enemies":"Cultist","floor":5,"turns":3},{"damage":34,"enemies":"Gremlin Nob","floor":7,"turns":4},{"damage":7,"enemies":"Exordium Wildlife","floor":11,"turns":6},{"damage":9,"enemies":"Lagavulin","floor":12,"turns":8},{"damage":23,"enemies":"Exordium Thugs","floor":13,"turns":4},{"damage":14,"enemies":"Hexaghost","floor":16,"turns":11}],"seed_played":"-7938741499670566822","potions_obtained":[{"floor":1,"key":"Ancient Potion"},{"floor":12,"key":"GamblersBrew"},{"floor":13,"key":"Fire Potion"}],"is_trial":false,"path_per_floor":["M","?","M","?","M","R","E","R","T","R","M","E","M","?","R","B"],"character_chosen":"DEFECT","items_purchased":[],"campfire_rested":1,"item_purchase_floors":[],"current_hp_per_floor":[60,60,60,60,59,59,25,46,46,46,39,30,7,14,14,0],"gold":124,"neow_bonus":"REMOVE_TWO","is_prod":false,"is_daily":false,"chose_seed":false,"campfire_upgraded":3,"win_rate":0,"timestamp":1563874663,"path_taken":["M","?","M","?","M","R","E","R","T","R","M","E","M","?","R","BOSS"],"build_version":"2019-07-17","purchased_purges":0,"victory":false,"max_hp_per_floor":[71,71,71,71,71,71,71,71,71,71,71,71,71,78,78,78],"card_choices":[{"not_picked":["Darkness","Barrage"],"picked":"Conserve Battery","floor":1},{"not_picked":["Tempest","Storm"],"picked":"Melter","floor":3},{"not_picked":["Leap","Redo"],"picked":"BootSequence","floor":5},{"not_picked":["Ball Lightning","Scrape"],"picked":"Cold Snap","floor":7},{"not_picked":["Rip and Tear","Multi-Cast"],"picked":"Defragment+1","floor":11},{"not_picked":["Fission","Reprogram"],"picked":"Cold Snap","floor":12},{"not_picked":["Skim","Rebound"],"picked":"Coolheaded","floor":13}],"player_experience":908606,"relics_obtained":[{"floor":7,"key":"Frozen Egg 2"},{"floor":9,"key":"Mummified Hand"},{"floor":12,"key":"Incense Burner"},{"floor":14,"key":"Strawberry"}],"event_choices":[{"damage_healed":0,"gold_gain":0,"player_choice":"Grow","damage_taken":0,"max_hp_gain":0,"max_hp_loss":0,"event_name":"Living Wall","floor":2,"gold_loss":0,"cards_upgraded":["Zap"]},{"damage_healed":0,"gold_gain":0,"player_choice":"Ignored","damage_taken":0,"max_hp_gain":0,"max_hp_loss":0,"event_name":"Liars Game","floor":4,"gold_loss":0},{"damage_healed":0,"gold_gain":0,"player_choice":"Relic","damage_taken":0,"max_hp_gain":0,"max_hp_loss":0,"event_name":"Wheel of Change","floor":14,"gold_loss":0}],"is_beta":false,"boss_relics":[],"items_purged_floors":[],"is_endless":false,"potions_floor_spawned":[1,12,13],"killed_by":"Hexaghost","ascension_level":20}