{"gold_per_floor":[109,1,1,16,16,16,48,48,71,87,105,18,18,29,29,29],"floor_reached":16,"playtime":415,"items_purged":[],"score":250,"play_id":"6e7d66e1-0507-4edc-95de-67baa95f2529","local_time":"20190701180124","is_ascension_mode":true,"campfire_choices":[{"data":"Flame Barrier","floor":6,"key":"SMITH"},{"data":"Feel No Pain","floor":13,"key":"SMITH"},{"data":"Uppercut","floor":15,"key":"SMITH"}],"neow_cost":"NONE","seed_source_timestamp":283160268208300,"circlet_count":0,"master_deck":["AscendersBane","Strike_R","Strike_R+1","Strike_R+1","Strike_R+1","Defend_R","Defend_R","Defend_R","Defend_R","Bash","Flame Barrier+1","Armaments","Iron Wave+1","Dropkick","Feel No Pain+1","Burning Pact","Corruption","Uppercut+1"],"relics":["Burning Blood","NeowsBlessing","Vajra","Whetstone"],"potions_floor_usage":[14],"damage_taken":[{"damage":0,"enemies":"2 Louse","floor":1,"turns":1},{"damage":0,"enemies":"Cultist","floor":4,"turns":1},{"damage":0,"enemies":"3 Sentries","floor":7,"turns":2},{"damage":0,"enemies":"Jaw Worm","floor":10,"turns":3},{"damage":2,"enemies":"Lots of Slimes","floor":11,"turns":4},{"damage":3,"enemies":"Large Slime","floor":14,"turns":6},{"damage":67,"enemies":"Hexaghost","floor":16,"turns":11}],"seed_played":"1905026433420075983","potions_obtained":[{"floor":4,"key":"Swift Potion"},{"floor":11,"key":"PowerPotion"}],"is_trial":false,"path_per_floor":["M","$","?","M","?","R","E","?","T","M","M","$","R","M","R","B"],"character_chosen":"IRONCLAD","items_purchased":["Armaments","Fire Potion","Corruption"],"campfire_rested":0,"item_purchase_floors":[2,2,12],"current_hp_per_floor":[74,74,74,75,75,75,75,52,52,58,62,62,62,65,65,0],"gold":29,"neow_bonus":"THREE_ENEMY_KILL","is_prod":false,"is_daily":false,"chose_seed":false,"campfire_upgraded":3,"win_rate":0,"timestamp":1562018484,"path_taken":["M","$","?","?","?","R","E","?","T","M","M","$","R","M","R","BOSS"],"build_version":"2019-01-23","purchased_purges":0,"victory":false,"max_hp_per_floor":[75,75,75,75,75,75,75,75,75,75,75,75,75,75,75,75],"card_choices":[{"not_picked":["Armaments","True Grit"],"picked":"Flame Barrier","floor":1},{"not_picked":["Sword Boomerang","Armaments"],"picked":"Iron Wave","floor":4},{"not_picked":["Rupture","Armaments"],"picked":"Dropkick","floor":7},{"not_picked":["Wild Strike","Clothesline"],"picked":"Feel No Pain","floor":10},{"not_picked":["Perfected Strike","Clash"],"picked":"Burning Pact","floor":11},{"not_picked":["Wild Strike","Flex"],"picked":"Uppercut","floor":14}],"player_experience":1629402,"relics_obtained":[{"floor":7,"key":"Vajra"},{"floor":9,"key":"Whetstone"}],"event_choices":[{"cards_removed":["Strike_R"],"damage_healed":0,"gold_gain":0,"player_choice":"Offered Basic","damage_taken":0,"max_hp_gain":0,"max_hp_loss":0,"event_name":"Bonfire Elementals","floor":3,"gold_loss":0},{"damage_healed":0,"gold_gain":0,"player_choice":"Ignored","damage_taken":0,"max_hp_gain":0,"max_hp_loss":0,"event_name":"Liars Game","floor":5,"gold_loss":0},{"damage_healed":0,"gold_gain":0,"player_choice":"Entered Light","damage_taken":23,"max_hp_gain":0,"max_hp_loss":0,"event_name":"Shining Light","floor":8,"gold_loss":0,"cards_upgraded":["Strike_R","Strike_R"]}],"is_beta":false,"boss_relics":[],"items_purged_floors":[],"is_endless":false,"potions_floor_spawned":[4,10,11],"killed_by":"Hexaghost","ascension_level":20}