{"gold_per_floor":[113,126,201,201,216,244,17,17,42,52,52,52,52,52,52,145,145,165,7,21,21,34,34,68,68,147,147],"floor_reached":27,"playtime":3085,"items_purged":[],"score":458,"play_id":"95fc6b01-f326-4495-848c-a51cd62a5ae7","local_time":"20190716222436","is_ascension_mode":true,"campfire_choices":[{"data":"Zap","floor":8,"key":"SMITH"},{"data":"Defragment","floor":11,"key":"SMITH"},{"data":"Loop","floor":15,"key":"SMITH"},{"floor":23,"key":"REST"},{"floor":25,"key":"REST"}],"neow_cost":"NONE","seed_source_timestamp":237359378240405,"circlet_count":0,"master_deck":["AscendersBane","Strike_B","Strike_B","Strike_B","Defend_B","Defend_B","Defend_B","Defend_B","Zap+1","Dualcast","Scrape","Chill","Loop+1","Cold Snap","Defragment+1","Core Surge","Zap","Fission","FTL","Capacitor","Hologram","Loop"],"relics":["Cracked Core","Juzu Bracelet","Centennial Puzzle","Membership Card","Bronze Scales","Omamori","Golden Idol","Nuclear Battery","Cables","Prayer Wheel","Singing Bowl","Symbiotic Virus"],"potions_floor_usage":[6,16,24],"damage_taken":[{"damage":0,"enemies":"Small Slimes","floor":1,"turns":2},{"damage":0,"enemies":"Cultist","floor":2,"turns":3},{"damage":0,"enemies":"2 Louse","floor":5,"turns":3},{"damage":15,"enemies":"3 Sentries","floor":6,"turns":12},{"damage":8,"enemies":"Blue Slaver","floor":10,"turns":2},{"damage":5,"enemies":"Hexaghost","floor":16,"turns":9},{"damage":28,"enemies":"2 Thieves","floor":18,"turns":3},{"damage":0,"enemies":"Chosen","floor":20,"turns":5},{"damage":17,"enemies":"Shelled Parasite and Fungi","floor":22,"turns":6},{"damage":21,"enemies":"Slavers","floor":24,"turns":7},{"damage":29,"enemies":"Gremlin Leader","floor":27,"turns":2}],"seed_played":"-6111634267815663223","potions_obtained":[{"floor":1,"key":"Fire Potion"},{"floor":5,"key":"Weak Potion"},{"floor":22,"key":"EssenceOfSteel"}],"is_trial":false,"path_per_floor":["M","M","?","?","M","E","$","R","T","M","R","?","?","?","R","B",null,"M","$","M","?","M","R","E","R","T","E"],"character_chosen":"DEFECT","items_purchased":["Membership Card","Cables","FTL"],"campfire_rested":2,"item_purchase_floors":[7,19,19],"current_hp_per_floor":[64,64,53,53,53,38,38,38,38,30,30,30,30,30,30,25,54,26,26,26,26,9,28,9,28,28,0],"gold":147,"neow_bonus":"RANDOM_COMMON_RELIC","is_prod":false,"is_daily":false,"chose_seed":false,"campfire_upgraded":3,"win_rate":0,"timestamp":1563305076,"path_taken":["M","M","?","?","M","E","$","R","T","M","R","?","?","?","R","BOSS","M","$","M","?","M","R","E","R","T","E"],"build_version":"2019-07-05","purchased_purges":0,"victory":false,"max_hp_per_floor":[71,71,71,71,71,71,71,71,71,71,71,71,64,64,64,64,64,64,64,64,64,64,64,66,66,66,66],"card_choices":[{"not_picked":["Chaos","Redo","Scrape"],"picked":"SKIP","floor":1},{"not_picked":["Chaos","Redo"],"picked":"Scrape","floor":1},{"not_picked":["Compile Driver","Coolheaded"],"picked":"Chill","floor":2},{"not_picked":["Leap","Coolheaded"],"picked":"Loop","floor":5},{"not_picked":["Turbo","Recycle"],"picked":"Cold Snap","floor":6},{"not_picked":["Barrage","Self Repair"],"picked":"Defragment","floor":10},{"not_picked":["Multi-Cast","Amplify"],"picked":"Fission","floor":16},{"not_picked":["Aggregate","Leap","Redo"],"picked":"SKIP","floor":18},{"not_picked":["Compile Driver","Steam Power"],"picked":"Capacitor","floor":20},{"not_picked":["Storm","Go for the Eyes"],"picked":"Hologram","floor":22},{"not_picked":["Leap","Turbo"],"picked":"Loop","floor":22},{"not_picked":["Tempest","Conserve Battery","Fission"],"picked":"Singing Bowl","floor":24}],"player_experience":725475,"relics_obtained":[{"floor":6,"key":"Centennial Puzzle"},{"floor":9,"key":"Bronze Scales"},{"floor":24,"key":"Singing Bowl"},{"floor":26,"key":"Symbiotic Virus"}],"event_choices":[{"damage_healed":0,"gold_gain":75,"player_choice":"Gather Gold","damage_taken":11,"max_hp_gain":0,"max_hp_loss":0,"event_name":"World of Goop","floor":3,"gold_loss":0},{"cards_removed":["Strike_B"],"damage_healed":0,"gold_gain":0,"player_choice":"Purged","damage_taken":0,"max_hp_gain":0,"max_hp_loss":0,"event_name":"Purifier","floor":4,"gold_loss":0},{"damage_healed":0,"gold_gain":0,"player_choice":"Searched \u00271\u0027 times","damage_taken":0,"relics_obtained":["Omamori"],"max_hp_gain":0,"max_hp_loss":0,"event_name":"Dead Adventurer","floor":12,"gold_loss":0},{"damage_healed":0,"gold_gain":0,"player_choice":"Searched \u00271\u0027 times","damage_taken":0,"relics_obtained":["Omamori"],"max_hp_gain":0,"max_hp_loss":0,"event_name":"Dead Adventurer","floor":12,"gold_loss":0},{"damage_healed":0,"gold_gain":0,"player_choice":"Lose Max HP","damage_taken":0,"relics_obtained":["Golden Idol"],"max_hp_gain":0,"max_hp_loss":7,"event_name":"Golden Idol","floor":13,"gold_loss":0},{"damage_healed":0,"gold_gain":0,"player_choice":"2 cards matched","damage_taken":0,"max_hp_gain":0,"max_hp_loss":0,"event_name":"Match and Keep!","floor":14,"gold_loss":0,"cards_obtained":["Core Surge","Zap"]},{"damage_healed":0,"gold_gain":0,"player_choice":"Stole Relic","damage_taken":0,"relics_obtained":["Prayer Wheel"],"max_hp_gain":0,"max_hp_loss":0,"event_name":"Addict","floor":21,"gold_loss":0,"cards_obtained":["Shame"]}],"is_beta":false,"boss_relics":[{"not_picked":["Coffee Dripper","Black Star"],"picked":"Nuclear Battery"}],"items_purged_floors":[],"is_endless":false,"potions_floor_spawned":[1,5,22],"killed_by":"Gremlin Leader","ascension_level":20}