{"gold_per_floor":[219,219,239,47,58,93,93,120,120,120,137,169,33,68,68,168,168,149,160,180,195,294,323,323,323,405,405,405],"floor_reached":28,"playtime":3497,"items_purged":[],"score":412,"play_id":"f7fcb25e-73f5-4a52-b8e5-c631ec5ecbff","local_time":"20190623121948","is_ascension_mode":true,"campfire_choices":[{"data":"Armaments","floor":7.0,"key":"SMITH"},{"data":"Rupture","floor":10.0,"key":"SMITH"},{"data":"Inflame","floor":15.0,"key":"SMITH"},{"floor":27.0,"key":"REST"}],"neow_cost":"NONE","seed_source_timestamp":0,"circlet_count":0,"master_deck":["AscendersBane","Bash","Iron Wave","Clothesline","Combust","Armaments+1","Shrug It Off","Uppercut","Feed","Rupture+1","Warcry","Sword Boomerang","Feel No Pain","Havoc","Inflame+1","Reaper","Feel No Pain","Burning Pact","Spot Weakness","Feel No Pain","Bludgeon","Combust","Barricade","Burning Pact+1","Sentinel","Offering","Armaments+1","Writhe"],"special_seed":0,"relics":["Burning Blood","Charon\u0027s Ashes","Ornamental Fan","Calipers","Potion Belt","Lantern","Pandora\u0027s Box","Gremlin Horn","Toxic Egg 2","The Courier"],"potions_floor_usage":[28],"damage_taken":[{"damage":8.0,"enemies":"Jaw Worm","floor":1.0,"turns":5.0},{"damage":4.0,"enemies":"2 Louse","floor":3.0,"turns":3.0},{"damage":4.0,"enemies":"Small Slimes","floor":5.0,"turns":4.0},{"damage":20.0,"enemies":"Lagavulin","floor":6.0,"turns":7.0},{"damage":20.0,"enemies":"Gremlin Nob","floor":8.0,"turns":5.0},{"damage":3.0,"enemies":"Looter","floor":11.0,"turns":4.0},{"damage":30.0,"enemies":"Lagavulin","floor":12.0,"turns":8.0},{"damage":14.0,"enemies":"3 Sentries","floor":14.0,"turns":7.0},{"damage":14.0,"enemies":"Hexaghost","floor":16.0,"turns":9.0},{"damage":36.0,"enemies":"2 Thieves","floor":18.0,"turns":4.0},{"damage":32.0,"enemies":"3 Byrds","floor":19.0,"turns":6.0},{"damage":35.0,"enemies":"3 Cultists","floor":20.0,"turns":5.0},{"damage":24.0,"enemies":"Centurion and Healer","floor":21.0,"turns":6.0},{"damage":21.0,"enemies":"Book of Stabbing","floor":23.0,"turns":4.0},{"damage":58,"enemies":"Slavers","floor":28,"turns":3}],"seed_played":"7081136479595455381","potions_obtained":[{"floor":3.0,"key":"LiquidBronze"},{"floor":5.0,"key":"EssenceOfSteel"},{"floor":8.0,"key":"GamblersBrew"},{"floor":11.0,"key":"SpeedPotion"},{"floor":14.0,"key":"LiquidBronze"},{"floor":18.0,"key":"AttackPotion"},{"floor":19.0,"key":"PowerPotion"}],"is_trial":false,"path_per_floor":["M","?","M","$","M","E","R","E","T","R","M","E","$","E","R","B",null,"M","M","M","M","?","E","?","?","T","R","E"],"character_chosen":"IRONCLAD","items_purchased":["Combust","Energy Potion","Armaments","Shrug It Off","Feel No Pain","Havoc","Strength Potion"],"campfire_rested":1,"item_purchase_floors":[4,4,4,4,13,13,13],"current_hp_per_floor":[70,63,65,65,67,53,53,39,39,39,42,22,22,18,18,10,69,57,41,36,35,35,20,20,20,20,48,0],"gold":405,"neow_bonus":"HUNDRED_GOLD","is_prod":false,"is_daily":false,"chose_seed":false,"campfire_upgraded":3,"win_rate":0,"timestamp":1561281588,"path_taken":["M","?","M","$","M","E","R","E","T","R","M","E","$","E","R","BOSS","M","M","M","M","?","E","?","?","T","R","E"],"build_version":"2019-01-23","purchased_purges":0,"victory":false,"max_hp_per_floor":[80,80,80,80,80,80,80,80,80,80,80,84,84,88,88,88,88,88,91,94,94,94,94,94,94,94,94,94],"card_choices":[{"not_picked":["True Grit","Wild Strike"],"picked":"Iron Wave","floor":1.0},{"not_picked":["Body Slam","Shockwave"],"picked":"Clothesline","floor":3.0},{"not_picked":["Headbutt","Rage"],"picked":"Uppercut","floor":5.0},{"not_picked":["Feel No Pain","Inflame"],"picked":"Feed","floor":6.0},{"not_picked":["Havoc","Body Slam"],"picked":"Rupture","floor":8.0},{"not_picked":["Heavy Blade","Flex"],"picked":"Warcry","floor":11.0},{"not_picked":["Armaments","Bludgeon"],"picked":"Sword Boomerang","floor":12.0},{"not_picked":["Disarm","Evolve"],"picked":"Inflame","floor":14.0},{"not_picked":["Dark Embrace","Exhume"],"picked":"Reaper","floor":16.0},{"not_picked":["Body Slam","Wild Strike"],"picked":"Burning Pact+1","floor":18.0},{"not_picked":["Clothesline","Cleave","Searing Blow"],"picked":"SKIP","floor":19.0},{"not_picked":["Intimidate+1","Havoc"],"picked":"Sentinel","floor":20.0},{"not_picked":["Second Wind","Clothesline"],"picked":"Offering","floor":21.0},{"not_picked":["Hemokinesis","Iron Wave"],"picked":"Armaments+1","floor":23.0}],"player_experience":430051,"relics_obtained":[{"floor":6.0,"key":"Charon\u0027s Ashes"},{"floor":8.0,"key":"Ornamental Fan"},{"floor":9.0,"key":"Calipers"},{"floor":12.0,"key":"Potion Belt"},{"floor":14.0,"key":"Lantern"},{"floor":23.0,"key":"Gremlin Horn"},{"floor":26.0,"key":"The Courier"}],"event_choices":[{"cards_removed":["Strike_R"],"damage_healed":0.0,"max_hp_gain":0.0,"max_hp_loss":0.0,"gold_gain":0.0,"event_name":"Golden Wing","player_choice":"Card Removal","floor":2.0,"gold_loss":0.0,"damage_taken":7.0},{"damage_healed":0.0,"max_hp_gain":0.0,"max_hp_loss":0.0,"gold_gain":99.0,"event_name":"Nest","player_choice":"Stole From Cult","floor":22.0,"gold_loss":0.0,"damage_taken":0.0},{"cards_removed":["Body Slam"],"damage_healed":0.0,"max_hp_gain":0.0,"max_hp_loss":0.0,"gold_gain":0.0,"event_name":"Back to Basics","player_choice":"Elegance","floor":24.0,"gold_loss":0.0,"damage_taken":0.0},{"damage_healed":0.0,"max_hp_gain":0.0,"max_hp_loss":0.0,"gold_gain":0.0,"event_name":"The Mausoleum","player_choice":"Opened","floor":25.0,"gold_loss":0.0,"damage_taken":0.0,"relics_obtained":["Toxic Egg 2"],"cards_obtained":["Writhe"]}],"is_beta":false,"boss_relics":[{"not_picked":["Sozu","Busted Crown"],"picked":"Pandora\u0027s Box"}],"items_purged_floors":[],"is_endless":false,"potions_floor_spawned":[3,5,8,11,14,18,19],"killed_by":"Slavers","ascension_level":11}