{"gold_per_floor":[112,124,8,19,35,63,63,76,76,104,123,123,73,106,106,182,182,192,205,304,304,35,69,69,85,160,160,189,201,231,241,241,313,313,323,323,338,318,332,332,363,363,387,387,404,420,452,466,466,466,466,466,54,85,85],"floor_reached":55,"playtime":4991,"items_purged":["Strike_B","Strike_B","Injury"],"score":1383,"play_id":"651f2931-354c-44f8-b881-e5ccecbf894a","local_time":"20190702162447","is_ascension_mode":true,"campfire_choices":[{"data":"Zap","floor":7.0,"key":"SMITH"},{"data":"Machine Learning","floor":12.0,"key":"SMITH"},{"data":"Capacitor","floor":15.0,"key":"SMITH"},{"data":"Biased Cognition","floor":24.0,"key":"SMITH"},{"data":"Coolheaded","floor":27.0,"key":"SMITH"},{"data":"Biased Cognition","floor":32.0,"key":"SMITH"},{"data":"Coolheaded","floor":40.0,"key":"SMITH"},{"data":"Electrodynamics","floor":42.0,"key":"SMITH"},{"floor":49.0,"key":"RECALL"},{"data":"Creative AI","floor":52,"key":"SMITH"}],"neow_cost":"TEN_PERCENT_HP_LOSS","seed_source_timestamp":0,"circlet_count":0,"master_deck":["AscendersBane","Strike_B","Defend_B","Defend_B","Defend_B","Defend_B","Zap+1","Dualcast","Ball Lightning","Ball Lightning","Self Repair","Self Repair","Machine Learning+1","Leap","Capacitor+1","Compile Driver","Coolheaded+1","Biased Cognition+1","BootSequence","Ghostly","Ghostly","Ghostly","Ghostly","Ghostly","Cold Snap","Coolheaded+1","Capacitor","Coolheaded","Steam+1","Undo+1","Capacitor","Biased Cognition+1","Core Surge+1","Ball Lightning+1","Heatsinks+1","Undo+1","Electrodynamics+1","Lockon+1","Creative AI+1","Defragment","Cold Snap+1","Hologram+1"],"special_seed":0,"relics":["Cracked Core","Emotion Chip","Pear","Blue Candle","Strawberry","Calipers","Sozu","PreservedInsect","Molten Egg 2","Pantograph","Sundial","Cursed Key","Thread and Needle","Kunai","Medical Kit","Bottled Tornado"],"potions_floor_usage":[55],"damage_taken":[{"damage":12.0,"enemies":"Jaw Worm","floor":1.0,"turns":2.0},{"damage":2.0,"enemies":"Small Slimes","floor":2.0,"turns":3.0},{"damage":1.0,"enemies":"2 Louse","floor":4.0,"turns":2.0},{"damage":12.0,"enemies":"Looter","floor":5.0,"turns":3.0},{"damage":32.0,"enemies":"Gremlin Nob","floor":6.0,"turns":4.0},{"damage":1.0,"enemies":"2 Fungi Beasts","floor":8.0,"turns":2.0},{"damage":16.0,"enemies":"Lagavulin","floor":10.0,"turns":6.0},{"damage":18.0,"enemies":"Red Slaver","floor":11.0,"turns":4.0},{"damage":25.0,"enemies":"Gremlin Nob","floor":14.0,"turns":4.0},{"damage":26.0,"enemies":"Slime Boss","floor":16.0,"turns":8.0},{"damage":4.0,"enemies":"Spheric Guardian","floor":18.0,"turns":3.0},{"damage":5.0,"enemies":"Chosen","floor":19.0,"turns":4.0},{"damage":17.0,"enemies":"Gremlin Leader","floor":23.0,"turns":7.0},{"damage":0.0,"enemies":"Sentry and Sphere","floor":25.0,"turns":6.0},{"damage":11.0,"enemies":"Slavers","floor":28.0,"turns":7.0},{"damage":8.0,"enemies":"Centurion and Healer","floor":29.0,"turns":7.0},{"damage":3.0,"enemies":"Book of Stabbing","floor":30.0,"turns":7.0},{"damage":0.0,"enemies":"Cultist and Chosen","floor":31.0,"turns":7.0},{"damage":6.0,"enemies":"Collector","floor":33.0,"turns":8.0},{"damage":0.0,"enemies":"3 Darklings","floor":35.0,"turns":6.0},{"damage":0.0,"enemies":"3 Shapes","floor":37.0,"turns":6.0},{"damage":26.0,"enemies":"Jaw Worm Horde","floor":39.0,"turns":6.0},{"damage":1.0,"enemies":"Nemesis","floor":41.0,"turns":6.0},{"damage":0.0,"enemies":"Maw","floor":45.0,"turns":7.0},{"damage":0.0,"enemies":"Transient","floor":46.0,"turns":5.0},{"damage":0.0,"enemies":"Reptomancer","floor":47.0,"turns":5.0},{"damage":0.0,"enemies":"Writhing Mass","floor":48.0,"turns":5.0},{"damage":6,"enemies":"Time Eater","floor":50,"turns":12},{"damage":6,"enemies":"Shield and Spear","floor":54,"turns":6},{"damage":39,"enemies":"The Heart","floor":55,"turns":8}],"seed_played":"-608353531700076211","potions_obtained":[{"floor":1.0,"key":"LiquidBronze"},{"floor":4.0,"key":"Dexterity Potion"},{"floor":6.0,"key":"Explosive Potion"},{"floor":8.0,"key":"AttackPotion"},{"floor":14.0,"key":"Ancient Potion"}],"is_trial":false,"path_per_floor":["M","M","$","M","M","E","R","M","T","E","M","R","?","E","R","B",null,"M","M","?","?","$","E","R","M","T","R","E","M","E","M","R","B",null,"M","?","M","?","M","R","E","R","T","?","M","M","E","M","R","B",null,"R","$","E","B"],"character_chosen":"DEFECT","items_purchased":["Self Repair","Cold Snap","Coolheaded","Capacitor","Defragment","Medical Kit","Cold Snap+1"],"campfire_rested":0,"item_purchase_floors":[3,22,22,22,53,53,53],"current_hp_per_floor":[52,50,50,56,58,43,43,49,49,54,50,50,50,39,39,27,68,78,81,81,40,40,37,37,40,40,40,40,39,40,40,40,40,40,40,38,38,38,19,19,32,32,32,32,38,38,38,38,38,38,38,38,38,38,0],"gold":85,"neow_bonus":"ONE_RARE_RELIC","is_prod":false,"is_daily":false,"chose_seed":false,"campfire_upgraded":9,"win_rate":0,"timestamp":1562073887,"path_taken":["M","M","$","M","M","E","R","M","T","E","M","R","?","E","R","BOSS","M","M","?","?","$","E","R","M","T","R","E","M","E","M","R","BOSS","M","?","M","?","?","R","E","R","T","?","M","M","E","M","R","BOSS","R","$","E","BOSS"],"build_version":"2019-01-23","purchased_purges":3,"victory":false,"max_hp_per_floor":[64,64,64,64,64,74,74,74,74,81,81,81,81,81,81,81,81,81,81,81,40,40,40,40,40,40,40,40,40,40,40,40,40,40,40,38,38,38,38,38,38,38,38,38,38,38,38,38,38,38,38,38,38,38,38],"card_choices":[{"not_picked":["Doom and Gloom","White Noise"],"picked":"Ball Lightning","floor":1.0},{"not_picked":["Leap","Heatsinks"],"picked":"Ball Lightning","floor":2.0},{"not_picked":["Static Discharge","Stack"],"picked":"Self Repair","floor":4.0},{"not_picked":["Stack","Hologram"],"picked":"Machine Learning","floor":5.0},{"not_picked":["Compile Driver","Sweeping Beam"],"picked":"Leap","floor":6.0},{"not_picked":["Turbo","Recycle"],"picked":"Capacitor","floor":8.0},{"not_picked":["Tempest","Skim","Blizzard"],"picked":"SKIP","floor":10.0},{"not_picked":["Recycle","Gash"],"picked":"Compile Driver","floor":11.0},{"not_picked":["Darkness","Skim"],"picked":"Coolheaded","floor":14.0},{"not_picked":["All For One","Reboot"],"picked":"Biased Cognition","floor":16.0},{"not_picked":["Scrape","Rebound","Redo"],"picked":"SKIP","floor":18.0},{"not_picked":["Static Discharge","Stack"],"picked":"BootSequence","floor":19.0},{"not_picked":["Conserve Battery","Beam Cell"],"picked":"Coolheaded","floor":23.0},{"not_picked":["Redo","Gash+1"],"picked":"Steam+1","floor":25.0},{"not_picked":["Reinforced Body","Conserve Battery"],"picked":"Undo+1","floor":28.0},{"not_picked":["Beam Cell+1","Cold Snap+1"],"picked":"Capacitor","floor":29.0},{"not_picked":["FTL+1","Barrage+1"],"picked":"Biased Cognition","floor":30.0},{"not_picked":["White Noise","Gash+1","Redo"],"picked":"SKIP","floor":31.0},{"not_picked":["Thunder Strike+1","Rainbow"],"picked":"Core Surge+1","floor":33.0},{"not_picked":["Gash+1","Conserve Battery+1"],"picked":"Ball Lightning+1","floor":35.0},{"not_picked":["Sweeping Beam+1","Coolheaded"],"picked":"Heatsinks+1","floor":37.0},{"not_picked":["Steam","Streamline+1"],"picked":"Undo+1","floor":39.0},{"not_picked":["Tempest+1","Ball Lightning+1"],"picked":"Electrodynamics","floor":41.0},{"not_picked":["Turbo+1","Sweeping Beam+1","Fusion"],"picked":"SKIP","floor":45.0},{"not_picked":["Coolheaded","Hello World+1"],"picked":"Lockon+1","floor":46.0},{"not_picked":["Hello World","Chaos"],"picked":"Creative AI","floor":47.0},{"not_picked":["FTL+1","Melter+1","Rebound+1"],"picked":"SKIP","floor":48.0},{"not_picked":["Barrage+1","Stack+1"],"picked":"Hologram+1","floor":54}],"player_experience":662531,"relics_obtained":[{"floor":6.0,"key":"Pear"},{"floor":9.0,"key":"Blue Candle"},{"floor":10.0,"key":"Strawberry"},{"floor":14.0,"key":"Calipers"},{"floor":23.0,"key":"PreservedInsect"},{"floor":26.0,"key":"Molten Egg 2"},{"floor":28.0,"key":"Pantograph"},{"floor":30.0,"key":"Sundial"},{"floor":41.0,"key":"Thread and Needle"},{"floor":47.0,"key":"Kunai"},{"floor":54,"key":"Bottled Tornado"}],"event_choices":[{"cards_removed":["Strike_B"],"damage_healed":0.0,"max_hp_gain":0.0,"max_hp_loss":0.0,"gold_gain":0.0,"event_name":"The Cleric","player_choice":"Card Removal","floor":13.0,"gold_loss":50.0,"damage_taken":0.0},{"damage_healed":0.0,"max_hp_gain":0.0,"max_hp_loss":0.0,"gold_gain":99.0,"event_name":"Nest","player_choice":"Stole From Cult","floor":20.0,"gold_loss":0.0,"damage_taken":0.0},{"damage_healed":0.0,"max_hp_gain":0.0,"max_hp_loss":41.0,"gold_gain":0.0,"event_name":"Ghosts","player_choice":"Became a Ghost","floor":21.0,"gold_loss":0.0,"damage_taken":0.0,"cards_obtained":["Ghostly","Ghostly","Ghostly","Ghostly","Ghostly"]},{"damage_healed":0.0,"max_hp_gain":0.0,"max_hp_loss":2.0,"gold_gain":0.0,"event_name":"Winding Halls","player_choice":"Max HP","floor":36.0,"gold_loss":0.0,"damage_taken":0.0},{"damage_healed":0.0,"max_hp_gain":0.0,"max_hp_loss":0.0,"gold_gain":0.0,"event_name":"The Woman in Blue","player_choice":"Bought 1 Potion","floor":38.0,"gold_loss":0.0,"damage_taken":0.0},{"damage_healed":0.0,"max_hp_gain":0.0,"max_hp_loss":0.0,"gold_gain":0.0,"event_name":"Tomb of Lord Red Mask","player_choice":"Ignored","floor":44.0,"gold_loss":0.0,"damage_taken":0.0}],"is_beta":false,"boss_relics":[{"not_picked":["Eternal Feather","Ectoplasm"],"picked":"Sozu"},{"not_picked":["Calling Bell","Runic Dome"],"picked":"Cursed Key"}],"items_purged_floors":[3,22,53],"is_endless":false,"potions_floor_spawned":[1,4,6,8,14,25,29,30,33,35,39,45,47,54],"killed_by":"The Heart","ascension_level":14}