{"gold_per_floor":[117,117,147,147,168,208,208,229,229,229,268,14,49,74,74,193,193,216,216,233,233,251,283,301,335,335,335,435,450,475,491,491,594,594,610,25,25,45,64,94,94,105,159,173,207,8,35,45,45,45,45,45,45,79,79],"floor_reached":56,"playtime":11567,"items_purged":["All Out Attack"],"score":2064,"play_id":"2ce257c8-d287-48e8-a133-618535affd28","local_time":"20190618161945","is_ascension_mode":true,"campfire_choices":[{"data":"Neutralize","floor":10,"key":"SMITH"},{"floor":15,"key":"REST"},{"data":"Apotheosis","floor":27,"key":"SMITH"},{"data":"Infinite Blades","floor":32,"key":"SMITH"},{"data":"1","floor":41,"key":"LIFT"},{"floor":49,"key":"RECALL"},{"data":"After Image","floor":52,"key":"SMITH"}],"neow_cost":"NONE","seed_source_timestamp":465625343928454,"circlet_count":0,"master_deck":["Survivor","Neutralize+1","Blur","Slice","Dodge and Roll","Adrenaline","Infinite Blades+1","Apotheosis+1","PiercingWail","Tools of the Trade","Slice","Poisoned Stab","Escape Plan+1","Sucker Punch","Slice","Blade Dance+1","Cloak And Dagger","Choke","Grand Finale","Backflip+1","Blade Dance","Terror","Calculated Gamble","Dodge and Roll","Backflip+1","Backflip","Accuracy","Malaise+1","Well Laid Plans","Noxious Fumes","Madness+1","Heel Hook","Deflect+1","Caltrops","After Image+1","Deflect+1","Tools of the Trade"],"relics":["Ring of the Snake","NeowsBlessing","Bloody Idol","Tiny Chest","Blue Candle","Ornamental Fan","Singing Bowl","Shuriken","Paper Crane","Gremlin Horn","Bag of Marbles","Pandora\u0027s Box","Matryoshka","Potion Belt","Blood Vial","War Paint","Omamori","Pocketwatch","Pear","Toxic Egg 2","White Beast Statue","Lantern","Frozen Eye","Girya","Mummified Hand","Pantograph","Chemical X","Pen Nib","Bird Faced Urn"],"potions_floor_usage":[11,11,30,33,39,55,55,55,55,55,55,55,55,55],"damage_taken":[{"damage":0,"enemies":"Jaw Worm","floor":1,"turns":1},{"damage":0,"enemies":"Small Slimes","floor":5,"turns":1},{"damage":0,"enemies":"Lagavulin","floor":6,"turns":1},{"damage":0,"enemies":"2 Louse","floor":8,"turns":3},{"damage":17,"enemies":"Gremlin Nob","floor":11,"turns":5},{"damage":0,"enemies":"3 Sentries","floor":13,"turns":8},{"damage":4,"enemies":"Slime Boss","floor":16,"turns":7},{"damage":2,"enemies":"Spheric Guardian","floor":18,"turns":4},{"damage":0,"enemies":"Chosen","floor":20,"turns":4},{"damage":0,"enemies":"Centurion and Healer","floor":22,"turns":3},{"damage":30,"enemies":"Slavers","floor":23,"turns":3},{"damage":12,"enemies":"Snecko","floor":24,"turns":5},{"damage":5,"enemies":"Book of Stabbing","floor":25,"turns":4},{"damage":13,"enemies":"Colosseum Slavers","floor":28,"turns":3},{"damage":2,"enemies":"Colosseum Nobs","floor":28,"turns":3},{"damage":0,"enemies":"Snake Plant","floor":29,"turns":3},{"damage":3,"enemies":"Slavers","floor":30,"turns":4},{"damage":3,"enemies":"Shelled Parasite and Fungi","floor":31,"turns":4},{"damage":12,"enemies":"Collector","floor":33,"turns":7},{"damage":15,"enemies":"3 Darklings","floor":35,"turns":3},{"damage":22,"enemies":"3 Shapes","floor":38,"turns":3},{"damage":7,"enemies":"Sphere and 2 Shapes","floor":39,"turns":4},{"damage":0,"enemies":"Nemesis","floor":40,"turns":5},{"damage":9,"enemies":"Writhing Mass","floor":42,"turns":6},{"damage":1,"enemies":"Spire Growth","floor":44,"turns":4},{"damage":0,"enemies":"Giant Head","floor":45,"turns":6},{"damage":0,"enemies":"Reptomancer","floor":47,"turns":4},{"damage":10,"enemies":"4 Shapes","floor":48,"turns":7},{"damage":15,"enemies":"Donu and Deca","floor":50,"turns":8},{"damage":23,"enemies":"Shield and Spear","floor":54,"turns":6},{"damage":0,"enemies":"The Heart","floor":55,"turns":7}],"seed_played":"-584224918629487166","potions_obtained":[{"floor":5,"key":"Regen Potion"},{"floor":6,"key":"PowerPotion"},{"floor":13,"key":"Poison Potion"},{"floor":18,"key":"Poison Potion"},{"floor":22,"key":"SpeedPotion"},{"floor":23,"key":"EntropicBrew"},{"floor":28,"key":"Fire Potion"},{"floor":31,"key":"SmokeBomb"},{"floor":35,"key":"SpeedPotion"},{"floor":38,"key":"AttackPotion"},{"floor":39,"key":"FairyPotion"},{"floor":40,"key":"SpeedPotion"},{"floor":42,"key":"Fire Potion"},{"floor":44,"key":"Energy Potion"},{"floor":45,"key":"SteroidPotion"},{"floor":48,"key":"Dexterity Potion"},{"floor":54,"key":"GhostInAJar"}],"is_trial":false,"path_per_floor":["M","?","?","T","M","E","?","M","T","R","E","$","E","T","R","B",null,"M","?","M","T","M","E","M","E","T","R","?","M","E","M","R","B",null,"M","$","?","M","M","E","R","M","T","M","E","$","E","M","R","B",null,"R","$","E","B",null],"character_chosen":"THE_SILENT","items_purchased":["Infinite Blades","Apotheosis","Lantern","Noxious Fumes","Madness+1","Frozen Eye","Chemical X"],"campfire_rested":1,"item_purchase_floors":[12,12,36,36,36,36,46],"current_hp_per_floor":[63,46,28,28,28,28,28,28,28,28,25,25,25,25,46,42,63,61,61,66,66,70,45,40,40,40,40,44,51,57,61,61,56,77,69,69,69,56,58,65,65,65,70,76,83,83,90,85,85,75,86,86,86,70,90],"gold":79,"neow_bonus":"THREE_ENEMY_KILL","is_prod":false,"is_daily":false,"chose_seed":false,"campfire_upgraded":4,"win_rate":0,"timestamp":1560863985,"path_taken":["M","?","?","?","?","E","?","M","T","R","E","$","E","?","R","BOSS","M","?","M","?","M","E","M","E","T","R","?","?","E","M","R","BOSS","M","$","?","M","M","E","R","M","T","M","E","?","E","M","R","BOSS","R","$","E","BOSS"],"build_version":"2019-01-23","purchased_purges":1,"victory":true,"max_hp_per_floor":[70,70,70,70,70,70,70,70,70,70,70,70,70,70,70,70,70,70,70,70,70,70,70,72,72,72,72,82,82,84,84,84,84,84,84,84,84,86,88,88,88,90,90,90,90,90,90,90,90,90,90,90,90,90,90],"card_choices":[{"not_picked":["Cloak And Dagger","PiercingWail"],"picked":"Blur","floor":1},{"not_picked":["Prepared","Tactician"],"picked":"Slice","floor":5},{"not_picked":["Blade Dance","Prepared"],"picked":"Dodge and Roll","floor":6},{"not_picked":["All Out Attack","Flying Knee"],"picked":"Adrenaline","floor":8},{"not_picked":["Bane","Deflect"],"picked":"All Out Attack","floor":11},{"not_picked":["Dagger Throw","Bane"],"picked":"PiercingWail","floor":13},{"not_picked":["Phantasmal Killer","Venomology"],"picked":"Tools of the Trade","floor":16},{"not_picked":["Prepared","Tactician+1"],"picked":"Backflip+1","floor":18},{"not_picked":["Escape Plan","Prepared"],"picked":"Blade Dance","floor":20},{"not_picked":["PiercingWail","Underhanded Strike+1"],"picked":"Terror","floor":22},{"not_picked":["PiercingWail","Quick Slash"],"picked":"Calculated Gamble","floor":23},{"not_picked":["Choke","Flying Knee","Slice"],"picked":"Singing Bowl","floor":24},{"not_picked":["Poisoned Stab","Distraction"],"picked":"Dodge and Roll","floor":25},{"not_picked":["Concentrate","Outmaneuver"],"picked":"Backflip+1","floor":28},{"not_picked":["Predator+1","Die Die Die"],"picked":"Backflip","floor":29},{"not_picked":["Predator","Deflect","Dagger Spray"],"picked":"Singing Bowl","floor":30},{"not_picked":["Slice+1","PiercingWail+1"],"picked":"Accuracy","floor":31},{"not_picked":["Phantasmal Killer+1","Wraith Form v2"],"picked":"Malaise+1","floor":33},{"not_picked":["Blur+1","Backflip+1"],"picked":"Well Laid Plans","floor":35},{"not_picked":["Dagger Throw","Flying Knee+1","Choke"],"picked":"Singing Bowl","floor":38},{"not_picked":["Sucker Punch","Skewer+1","Slice+1"],"picked":"Singing Bowl","floor":39},{"not_picked":["Deflect+1","Bouncing Flask+1"],"picked":"Heel Hook","floor":40},{"not_picked":["Dash+1","Sucker Punch","Underhanded Strike"],"picked":"Singing Bowl","floor":42},{"not_picked":["Expertise+1","Sucker Punch+1"],"picked":"Deflect+1","floor":44},{"not_picked":["Sucker Punch","Dagger Spray"],"picked":"Caltrops","floor":45},{"not_picked":["Concentrate+1","Prepared+1"],"picked":"After Image","floor":47},{"not_picked":["Expertise+1","Endless Agony+1"],"picked":"Deflect+1","floor":48},{"not_picked":["Prepared+1","Sucker Punch"],"picked":"Tools of the Trade","floor":54}],"player_experience":292802,"relics_obtained":[{"floor":4,"key":"Blue Candle"},{"floor":6,"key":"Ornamental Fan"},{"floor":9,"key":"Shuriken"},{"floor":11,"key":"Paper Crane"},{"floor":13,"key":"Gremlin Horn"},{"floor":14,"key":"Bag of Marbles"},{"floor":21,"key":"Matryoshka"},{"floor":23,"key":"Potion Belt"},{"floor":25,"key":"Blood Vial"},{"floor":26,"key":"War Paint"},{"floor":26,"key":"Omamori"},{"floor":28,"key":"Pocketwatch"},{"floor":28,"key":"Pear"},{"floor":30,"key":"Toxic Egg 2"},{"floor":40,"key":"Girya"},{"floor":43,"key":"Mummified Hand"},{"floor":45,"key":"Pantograph"},{"floor":47,"key":"Pen Nib"},{"floor":54,"key":"Bird Faced Urn"}],"event_choices":[{"damage_healed":0,"gold_gain":0,"player_choice":"Take Damage","damage_taken":17,"relics_obtained":["Golden Idol"],"max_hp_gain":0,"max_hp_loss":0,"event_name":"Golden Idol","floor":2,"gold_loss":0},{"damage_healed":0,"gold_gain":0,"player_choice":"Success","damage_taken":18,"relics_obtained":["Tiny Chest"],"max_hp_gain":0,"max_hp_loss":0,"event_name":"Scrap Ooze","floor":3,"gold_loss":0},{"damage_healed":0,"gold_gain":0,"player_choice":"Searched \u00271\u0027 times","damage_taken":0,"relics_obtained":["Singing Bowl"],"max_hp_gain":0,"max_hp_loss":0,"event_name":"Dead Adventurer","floor":7,"gold_loss":0},{"damage_healed":0,"gold_gain":0,"player_choice":"Gave Idol","damage_taken":0,"relics_obtained":["Bloody Idol"],"max_hp_gain":0,"max_hp_loss":0,"event_name":"Forgotten Altar","floor":19,"relics_lost":["Golden Idol"],"gold_loss":0},{"damage_healed":0,"gold_gain":0,"player_choice":"Fight","damage_taken":0,"max_hp_gain":0,"max_hp_loss":0,"event_name":"Colosseum","floor":28,"gold_loss":0},{"damage_healed":0,"gold_gain":0,"player_choice":"Fought Nobs","damage_taken":0,"max_hp_gain":0,"max_hp_loss":0,"event_name":"Colosseum","floor":28,"gold_loss":0},{"cards_removed":["All Out Attack"],"damage_healed":0,"gold_gain":0,"player_choice":"Purged","damage_taken":0,"max_hp_gain":0,"max_hp_loss":0,"event_name":"Purifier","floor":37,"gold_loss":0}],"is_beta":false,"boss_relics":[{"not_picked":["Ectoplasm","Black Star"],"picked":"Pandora\u0027s Box"},{"not_picked":["Snecko Eye","Velvet Choker"],"picked":"White Beast Statue"}],"items_purged_floors":[36],"is_endless":false,"potions_floor_spawned":[5,6,13,18,22,23,28,28,31,35,38,39,40,42,44,45,47,48,54],"ascension_level":9}