{"gold_per_floor":[119,135,149,168,188,221,221,283,283,263,297,311,311,324,324,403,403,423,423,373,385,405,405,431,431,431,120,145,161,211,242,242,316,346,363,378,1,20,34,34,64,64,64,76,106,106,206,223,223,223],"floor_reached":51,"playtime":5266,"items_purged":["Writhe","Pain"],"score":1370,"play_id":"1fe8c281-5455-4749-98ec-03570cdfe1ec","local_time":"20190713203822","is_ascension_mode":true,"campfire_choices":[{"floor":7.0,"key":"REST"},{"data":"Sunder","floor":15.0,"key":"SMITH"},{"floor":23.0,"key":"REST"},{"data":"Consume","floor":25.0,"key":"SMITH"},{"floor":32.0,"key":"REST"},{"floor":40,"key":"REST"},{"floor":42,"key":"REST"},{"floor":49,"key":"REST"}],"neow_cost":"TEN_PERCENT_HP_LOSS","seed_source_timestamp":0,"circlet_count":0,"master_deck":["AscendersBane","Defend_B","Defend_B","Defend_B","Defend_B","Zap","Dualcast","Core Surge","Sunder+1","Glacier","Glacier","Consume+1","Static Discharge","Compile Driver","Gash","Defragment+1","Compile Driver","Ball Lightning","Electrodynamics+1","Coolheaded","Hello World+1","Defragment+1","Heatsinks+1","Gash","Glacier","Capacitor+1","Thinking Ahead","Heatsinks+1","Cold Snap","Gash","All For One","Hologram","Bandage Up","Steam","Consume","Capacitor+1","Coolheaded","Hologram+1","Steam","Coolheaded"],"special_seed":0,"relics":["Cracked Core","Regal Pillow","Frozen Egg 2","Pen Nib","GremlinMask","Cursed Key","Girya","Omamori","Happy Flower","Ginger","Calling Bell","Tiny Chest","Shuriken","Emotion Chip","Runic Capacitor","Ancient Tea Set","Meat on the Bone","Prayer Wheel"],"potions_floor_usage":[39,41],"damage_taken":[{"damage":0.0,"enemies":"2 Louse","floor":1.0,"turns":1.0},{"damage":0.0,"enemies":"Cultist","floor":2.0,"turns":3.0},{"damage":12.0,"enemies":"Small Slimes","floor":3.0,"turns":2.0},{"damage":22.0,"enemies":"Exordium Thugs","floor":4.0,"turns":5.0},{"damage":6.0,"enemies":"2 Fungi Beasts","floor":5.0,"turns":5.0},{"damage":23.0,"enemies":"3 Sentries","floor":6.0,"turns":9.0},{"damage":24.0,"enemies":"Gremlin Nob","floor":11.0,"turns":4.0},{"damage":4.0,"enemies":"Red Slaver","floor":12.0,"turns":5.0},{"damage":1.0,"enemies":"3 Louse","floor":14.0,"turns":3.0},{"damage":5.0,"enemies":"The Guardian","floor":16.0,"turns":12.0},{"damage":17.0,"enemies":"2 Thieves","floor":18.0,"turns":4.0},{"damage":12.0,"enemies":"Chosen","floor":21.0,"turns":3.0},{"damage":0.0,"enemies":"Snake Plant","floor":22.0,"turns":5.0},{"damage":13.0,"enemies":"Slavers","floor":24.0,"turns":4.0},{"damage":16.0,"enemies":"Book of Stabbing","floor":28.0,"turns":7.0},{"damage":7.0,"enemies":"Centurion and Healer","floor":29.0,"turns":6.0},{"damage":20.0,"enemies":"Slavers","floor":31.0,"turns":5.0},{"damage":13.0,"enemies":"Champ","floor":33.0,"turns":9.0},{"damage":9,"enemies":"3 Shapes","floor":35,"turns":5},{"damage":20,"enemies":"Orb Walker","floor":36,"turns":4},{"damage":0,"enemies":"4 Shapes","floor":38,"turns":6},{"damage":0,"enemies":"Sphere and 2 Shapes","floor":39,"turns":3},{"damage":56,"enemies":"Reptomancer","floor":41,"turns":5},{"damage":7,"enemies":"Maw","floor":44,"turns":5},{"damage":0,"enemies":"Nemesis","floor":45,"turns":7},{"damage":0,"enemies":"Mind Bloom Boss Battle","floor":47,"turns":9},{"damage":26,"enemies":"Transient","floor":48,"turns":5},{"damage":19,"enemies":"Time Eater","floor":50,"turns":13}],"seed_played":"2130637862709237418","potions_obtained":[{"floor":1.0,"key":"Regen Potion"},{"floor":3.0,"key":"Dexterity Potion"},{"floor":4.0,"key":"Fruit Juice"},{"floor":6.0,"key":"SpeedPotion"},{"floor":10.0,"key":"Strength Potion"},{"floor":24.0,"key":"EssenceOfSteel"},{"floor":28.0,"key":"Block Potion"},{"floor":31.0,"key":"EssenceOfSteel"},{"floor":33.0,"key":"FocusPotion"},{"floor":35,"key":"Block Potion"},{"floor":41,"key":"Ancient Potion"},{"floor":44,"key":"FearPotion"}],"is_trial":false,"path_per_floor":["M","M","M","M","M","E","R","?","T","?","E","M","?","M","R","B",null,"M","?","?","M","M","R","E","R","T","$","E","M","?","E","R","B",null,"M","M","$","M","M","R","E","R","T","M","E","$","?","M","R","B",null],"character_chosen":"DEFECT","items_purchased":["Capacitor+1","Thinking Ahead","Runic Capacitor","Bandage Up"],"campfire_rested":6,"item_purchase_floors":[27,27,37,37],"current_hp_per_floor":[64,64,52,30,29,21,56,56,56,56,32,28,28,27,27,22,57,40,40,40,28,28,63,50,50,50,50,34,27,27,7,42,29,59,50,30,30,34,38,69,17,52,52,45,49,49,53,43,69,54],"gold":223,"neow_bonus":"TRANSFORM_TWO_CARDS","is_prod":false,"is_daily":false,"chose_seed":false,"campfire_upgraded":2,"win_rate":0,"timestamp":1563039502,"path_taken":["M","M","M","M","M","E","R","?","T","?","E","?","?","M","R","BOSS","M","?","?","M","?","R","E","R","T","$","E","M","?","E","R","BOSS","M","M","$","M","M","R","E","R","T","M","E","$","?","M","R","BOSS"],"build_version":"2019-07-05","purchased_purges":2,"victory":true,"max_hp_per_floor":[64,64,64,64,69,69,69,69,69,69,69,69,69,69,69,69,69,69,69,69,69,69,69,69,69,69,69,69,69,69,69,69,69,69,69,69,69,69,69,69,69,69,69,69,69,69,69,69,69,69],"card_choices":[{"not_picked":["Steam","Conserve Battery"],"picked":"Glacier","floor":1.0},{"not_picked":["Rebound","Compile Driver"],"picked":"Glacier","floor":2.0},{"not_picked":["Chaos","Coolheaded"],"picked":"Consume","floor":3.0},{"not_picked":["Creative AI","Recycle"],"picked":"Static Discharge","floor":4.0},{"not_picked":["Leap","Barrage"],"picked":"Compile Driver","floor":5.0},{"not_picked":["Multi-Cast","Redo"],"picked":"Gash","floor":6.0},{"not_picked":["Coolheaded","Blizzard"],"picked":"Defragment+1","floor":11.0},{"not_picked":["Leap","Stack"],"picked":"Compile Driver","floor":12.0},{"not_picked":["Hologram","Turbo"],"picked":"Ball Lightning","floor":14.0},{"not_picked":["Thunder Strike","Fission"],"picked":"Electrodynamics+1","floor":16.0},{"not_picked":["Gash","Compile Driver"],"picked":"Coolheaded","floor":18.0},{"not_picked":["Rebound","Double Energy"],"picked":"Heatsinks+1","floor":21.0},{"not_picked":["Go for the Eyes","FTL"],"picked":"Gash","floor":22.0},{"not_picked":["Barrage","Skim"],"picked":"Glacier","floor":24.0},{"not_picked":["Sweeping Beam","Go for the Eyes"],"picked":"Heatsinks+1","floor":28.0},{"not_picked":["Sweeping Beam","Rainbow"],"picked":"Cold Snap","floor":29.0},{"not_picked":["Streamline","Barrage"],"picked":"Gash","floor":31.0},{"not_picked":["Electrodynamics+1","Rainbow"],"picked":"All For One","floor":33.0},{"not_picked":["Fusion","Sweeping Beam"],"picked":"Hologram","floor":35},{"not_picked":["Barrage","White Noise","Stack"],"picked":"SKIP","floor":36},{"not_picked":["Blizzard","Fusion","Beam Cell+1"],"picked":"SKIP","floor":38},{"not_picked":["Reboot","Double Energy+1"],"picked":"Steam","floor":39},{"not_picked":["Compile Driver+1","Fusion+1"],"picked":"Consume","floor":41},{"not_picked":["Aggregate","Compile Driver"],"picked":"Capacitor+1","floor":44},{"not_picked":["Auto Shields","Force Field"],"picked":"Coolheaded","floor":45},{"not_picked":["Leap","Glacier+1"],"picked":"Hologram+1","floor":47},{"not_picked":["Ball Lightning","Genetic Algorithm+1"],"picked":"Steam","floor":48},{"not_picked":["Compile Driver+1","Hologram"],"picked":"Coolheaded","floor":48}],"player_experience":668327,"relics_obtained":[{"floor":6.0,"key":"Regal Pillow"},{"floor":9.0,"key":"Frozen Egg 2"},{"floor":11.0,"key":"Pen Nib"},{"floor":24.0,"key":"Girya"},{"floor":26.0,"key":"Omamori"},{"floor":28.0,"key":"Happy Flower"},{"floor":31.0,"key":"Ginger"},{"floor":34,"key":"Tiny Chest"},{"floor":34,"key":"Shuriken"},{"floor":34,"key":"Emotion Chip"},{"floor":41,"key":"Ancient Tea Set"},{"floor":45,"key":"Meat on the Bone"},{"floor":47,"key":"Prayer Wheel"}],"event_choices":[{"damage_healed":0.0,"max_hp_gain":0.0,"max_hp_loss":0.0,"gold_gain":62.0,"event_name":"Golden Wing","player_choice":"Gained Gold","floor":8.0,"gold_loss":0.0,"damage_taken":0.0},{"damage_healed":0.0,"max_hp_gain":0.0,"max_hp_loss":0.0,"gold_gain":0.0,"event_name":"The Woman in Blue","player_choice":"Bought 1 Potion","floor":10.0,"gold_loss":0.0,"damage_taken":0.0},{"damage_healed":0.0,"max_hp_gain":0.0,"max_hp_loss":0.0,"gold_gain":0.0,"event_name":"FaceTrader","player_choice":"Trade","floor":13.0,"gold_loss":0.0,"damage_taken":0.0,"relics_obtained":["GremlinMask"]},{"damage_healed":0.0,"max_hp_gain":0.0,"max_hp_loss":0.0,"gold_gain":0.0,"cards_transformed":["Strike_B","Strike_B"],"event_name":"Drug Dealer","player_choice":"Became Test Subject","floor":19.0,"gold_loss":0.0,"damage_taken":0.0,"cards_obtained":["Hello World","Defragment"]},{"damage_healed":0.0,"max_hp_gain":0.0,"max_hp_loss":0.0,"gold_gain":0.0,"event_name":"The Joust","player_choice":"Bet on Owner","floor":20.0,"gold_loss":50.0,"damage_taken":0.0},{"damage_healed":0.0,"max_hp_gain":0.0,"max_hp_loss":0.0,"gold_gain":50.0,"event_name":"Nest","player_choice":"Stole From Cult","floor":30.0,"gold_loss":0.0,"damage_taken":0.0},{"damage_healed":0,"gold_gain":0,"player_choice":"Fight","damage_taken":0,"max_hp_gain":0,"max_hp_loss":0,"event_name":"MindBloom","floor":47,"gold_loss":0}],"is_beta":false,"boss_relics":[{"not_picked":["Tiny House","Lizard Tail"],"picked":"Cursed Key"},{"not_picked":["FrozenCore","Nuclear Battery"],"picked":"Calling Bell"}],"items_purged_floors":[27,37],"is_endless":false,"potions_floor_spawned":[1,3,4,6,24,28,31,33,35,41,44],"ascension_level":15}