{"gold_per_floor":[116,116,41,67,78,103,103,103],"floor_reached":8,"playtime":373,"items_purged":[],"score":158,"play_id":"8c3a97d1-53b4-41a6-8c58-b2f13ead38a5","local_time":"20190718170427","is_ascension_mode":true,"campfire_choices":[],"neow_cost":"NONE","seed_source_timestamp":393665193682400,"circlet_count":0,"master_deck":["AscendersBane","Strike_G","Strike_G","Strike_G","Defend_G","Defend_G","Defend_G","Defend_G","Defend_G","Survivor","Neutralize","Well Laid Plans","Slice","Leg Sweep"],"relics":["Ring of the Snake","NeowsBlessing","Potion Belt","Dream Catcher"],"potions_floor_usage":[8],"damage_taken":[{"damage":0,"enemies":"Jaw Worm","floor":1,"turns":1},{"damage":0,"enemies":"2 Louse","floor":5,"turns":1},{"damage":0,"enemies":"3 Sentries","floor":6,"turns":1},{"damage":55,"enemies":"Gremlin Nob","floor":8,"turns":7}],"seed_played":"-8029918509791850403","potions_obtained":[{"floor":1,"key":"Explosive Potion"},{"floor":6,"key":"GhostInAJar"}],"is_trial":false,"path_per_floor":["M","?","?","T","M","E","?","E"],"character_chosen":"THE_SILENT","items_purchased":[],"campfire_rested":0,"item_purchase_floors":[],"current_hp_per_floor":[59,52,52,52,52,52,52,0],"gold":103,"neow_bonus":"THREE_ENEMY_KILL","is_prod":false,"is_daily":false,"chose_seed":false,"campfire_upgraded":0,"win_rate":0,"timestamp":1563458667,"path_taken":["M","?","?","?","M","E","?","E"],"build_version":"2019-07-17","purchased_purges":0,"victory":false,"max_hp_per_floor":[66,66,66,66,66,66,66,66],"card_choices":[{"not_picked":["PiercingWail","Deflect"],"picked":"Well Laid Plans","floor":1},{"not_picked":["All Out Attack","Blade Dance"],"picked":"Slice","floor":5},{"not_picked":["Flechettes","Catalyst"],"picked":"Leg Sweep","floor":6}],"player_experience":774112,"relics_obtained":[{"floor":4,"key":"Potion Belt"},{"floor":6,"key":"Dream Catcher"}],"event_choices":[{"cards_removed":["Strike_G"],"damage_healed":0,"gold_gain":0,"player_choice":"Card Removal","damage_taken":7,"max_hp_gain":0,"max_hp_loss":0,"event_name":"Golden Wing","floor":2,"gold_loss":0},{"cards_removed":["Strike_G"],"damage_healed":0,"gold_gain":0,"player_choice":"Card Removal","damage_taken":0,"max_hp_gain":0,"max_hp_loss":0,"event_name":"The Cleric","floor":3,"gold_loss":75},{"damage_healed":0,"gold_gain":0,"player_choice":"Ignored","damage_taken":0,"max_hp_gain":0,"max_hp_loss":0,"event_name":"Liars Game","floor":7,"gold_loss":0}],"is_beta":false,"boss_relics":[],"items_purged_floors":[],"is_endless":false,"potions_floor_spawned":[1,6],"killed_by":"Gremlin Nob","ascension_level":20}