{"gold_per_floor":[111,126,136,113,125,125,157,157,208,240,240,240,240,252,252,350,350,367,367,385,410,509,509,509,539,565,44,44,44,57,75,75,75],"floor_reached":33,"playtime":781,"items_purged":["Strike_R"],"score":287,"play_id":"41dfa12d-67d2-41bc-9367-1cf20b47ba67","local_time":"20190709134159","is_ascension_mode":true,"campfire_choices":[{"data":"Uppercut","floor":6,"key":"SMITH"},{"floor":8,"key":"REST"},{"floor":11,"key":"REST"},{"data":"Clash","floor":15,"key":"SMITH"},{"floor":23,"key":"REST"},{"floor":29,"key":"REST"},{"floor":32,"key":"REST"}],"neow_cost":"NONE","seed_source_timestamp":958428023366500,"circlet_count":0,"master_deck":["Strike_R","Strike_R","Strike_R","Strike_R","Defend_R","Defend_R","Defend_R","Defend_R","Bash","Burning Pact","Uppercut+1","Flex","Metallicize","Armaments","Headbutt","Parasite","Clash+1","Immolate","Spot Weakness","Shrug It Off","Warcry+1","Shockwave","Cleave+1","Bludgeon","Limit Break","Corruption"],"relics":["Burning Blood","NeowsBlessing","Blue Candle","Bag of Preparation","Anchor","Eternal Feather","Red Mask","Boot","Lantern","Blood Vial","Happy Flower"],"potions_floor_usage":[10,16,16,21,25,25],"damage_taken":[{"damage":0,"enemies":"Jaw Worm","floor":1,"turns":1},{"damage":0,"enemies":"Small Slimes","floor":2,"turns":1},{"damage":0,"enemies":"Cultist","floor":3,"turns":1},{"damage":11,"enemies":"3 Louse","floor":5,"turns":3},{"damage":31,"enemies":"Lagavulin","floor":7,"turns":5},{"damage":26,"enemies":"3 Sentries","floor":10,"turns":11},{"damage":7,"enemies":"Looter","floor":14,"turns":3},{"damage":63,"enemies":"Hexaghost","floor":16,"turns":12},{"damage":27,"enemies":"3 Byrds","floor":18,"turns":6},{"damage":24,"enemies":"Shell Parasite","floor":20,"turns":6},{"damage":9,"enemies":"Masked Bandits","floor":21,"turns":3},{"damage":41,"enemies":"Slavers","floor":25,"turns":7},{"damage":25,"enemies":"Centurion and Healer","floor":30,"turns":5},{"damage":15,"enemies":"Snecko","floor":31,"turns":3},{"damage":89,"enemies":"Champ","floor":33,"turns":9}],"seed_played":"-2542040528208038938","potions_obtained":[{"floor":2,"key":"SpeedPotion"},{"floor":5,"key":"SpeedPotion"},{"floor":7,"key":"Dexterity Potion"},{"floor":14,"key":"AttackPotion"},{"floor":20,"key":"AttackPotion"},{"floor":21,"key":"PowerPotion"}],"is_trial":false,"path_per_floor":["M","M","M","?","M","R","E","R","T","E","R","?","?","M","R","B",null,"M","?","M","?","?","R","?","E","T","$","?","R","M","M","R","B"],"character_chosen":"IRONCLAD","items_purchased":["Blood Vial","Happy Flower","Bludgeon"],"campfire_rested":5,"item_purchase_floors":[27,27,27],"current_hp_per_floor":[80,80,80,80,75,75,50,74,74,54,78,80,80,79,79,22,80,59,59,41,38,38,74,74,39,39,39,24,61,44,37,77,0],"gold":75,"neow_bonus":"THREE_ENEMY_KILL","is_prod":false,"is_daily":false,"chose_seed":false,"campfire_upgraded":2,"win_rate":0,"timestamp":1562694119,"path_taken":["M","M","M","?","M","R","E","R","T","E","R","?","?","M","R","BOSS","M","?","?","?","?","R","?","E","T","$","?","R","M","M","R","BOSS"],"build_version":"2019-07-05","purchased_purges":1,"victory":false,"max_hp_per_floor":[80,80,80,80,80,80,80,80,80,80,80,80,80,80,80,80,80,80,80,80,80,80,80,80,80,80,80,85,85,85,85,85,85],"card_choices":[{"not_picked":["Heavy Blade","Sentinel"],"picked":"Burning Pact","floor":1},{"not_picked":["Rampage","Spot Weakness"],"picked":"Uppercut","floor":2},{"not_picked":["Second Wind","Ghostly Armor"],"picked":"Flex","floor":3},{"not_picked":["Searing Blow","Flex"],"picked":"Metallicize","floor":5},{"not_picked":["Anger","Body Slam"],"picked":"Armaments","floor":7},{"not_picked":["Armaments","Power Through"],"picked":"Headbutt","floor":10},{"not_picked":["Flex","True Grit"],"picked":"Clash","floor":14},{"not_picked":["Double Tap","Barricade"],"picked":"Immolate","floor":16},{"not_picked":["Searing Blow","Clash"],"picked":"Spot Weakness","floor":18},{"not_picked":["Dual Wield","Sword Boomerang"],"picked":"Shrug It Off","floor":20},{"not_picked":["Thunderclap","Heavy Blade"],"picked":"Warcry+1","floor":21},{"not_picked":["Burning Pact","Searing Blow"],"picked":"Cleave+1","floor":25},{"not_picked":["True Grit","Spot Weakness"],"picked":"Limit Break","floor":30},{"not_picked":["Evolve","Carnage"],"picked":"Corruption","floor":31}],"player_experience":1813478,"relics_obtained":[{"floor":7,"key":"Blue Candle"},{"floor":9,"key":"Bag of Preparation"},{"floor":10,"key":"Anchor"},{"floor":21,"key":"Red Mask"},{"floor":25,"key":"Boot"},{"floor":26,"key":"Lantern"}],"event_choices":[{"damage_healed":0,"gold_gain":0,"player_choice":"Left Gold","damage_taken":0,"max_hp_gain":0,"max_hp_loss":0,"event_name":"World of Goop","floor":4,"gold_loss":23},{"damage_healed":20,"gold_gain":0,"player_choice":"Healed and dodged fight","damage_taken":0,"max_hp_gain":0,"max_hp_loss":0,"event_name":"Mushrooms","floor":12,"gold_loss":0,"cards_obtained":["Parasite"]},{"damage_healed":0,"gold_gain":0,"player_choice":"Searched \u00270\u0027 times","damage_taken":0,"max_hp_gain":0,"max_hp_loss":0,"event_name":"Dead Adventurer","floor":13,"gold_loss":0},{"damage_healed":0,"gold_gain":0,"player_choice":"Ignored","damage_taken":0,"max_hp_gain":0,"max_hp_loss":0,"event_name":"N\u0027loth","floor":19,"gold_loss":0},{"damage_healed":0,"gold_gain":0,"player_choice":"Fought Bandits","damage_taken":0,"max_hp_gain":0,"max_hp_loss":0,"event_name":"Masked Bandits","floor":21,"gold_loss":0},{"damage_healed":0,"gold_gain":99,"player_choice":"Stole From Cult","damage_taken":0,"max_hp_gain":0,"max_hp_loss":0,"event_name":"Nest","floor":22,"gold_loss":0},{"damage_healed":0,"gold_gain":0,"player_choice":"Read","damage_taken":0,"max_hp_gain":0,"max_hp_loss":0,"event_name":"The Library","floor":24,"gold_loss":0,"cards_obtained":["Shockwave"]},{"damage_healed":0,"gold_gain":0,"player_choice":"Shed Blood","damage_taken":20,"max_hp_gain":5,"max_hp_loss":0,"event_name":"Forgotten Altar","floor":28,"gold_loss":0}],"is_beta":false,"boss_relics":[{"not_picked":["Snecko Eye","Calling Bell"],"picked":"Eternal Feather"}],"items_purged_floors":[27],"is_endless":false,"potions_floor_spawned":[2,5,7,14,20,21],"killed_by":"Champ","ascension_level":1}