{"gold_per_floor":[15,25,25,100,118,118,144,4,75,85,97,8,8,8],"floor_reached":14,"playtime":899,"items_purged":[],"score":176,"play_id":"f23eca05-e8c1-40da-a8de-2b50d096c28b","local_time":"20190625224108","is_ascension_mode":true,"campfire_choices":[{"data":"Neutralize","floor":6.0,"key":"SMITH"},{"floor":13.0,"key":"REST"}],"neow_cost":"NO_GOLD","seed_source_timestamp":1103964091122725,"circlet_count":0,"master_deck":["AscendersBane","Defend_G","Defend_G","Defend_G","Defend_G","Defend_G","Strike_G","Strike_G","Strike_G","Survivor","Neutralize+1","Outmaneuver","Phantasmal Killer","Poisoned Stab","Poisoned Stab","Cloak And Dagger","Well Laid Plans","Slice","Deadly Poison","Footwork","Noxious Fumes"],"special_seed":0,"relics":["Ring of the Snake","Omamori","Shuriken"],"potions_floor_usage":[14,14],"damage_taken":[{"damage":1.0,"enemies":"Cultist","floor":1.0,"turns":5.0},{"damage":0.0,"enemies":"2 Louse","floor":2.0,"turns":3.0},{"damage":3.0,"enemies":"Jaw Worm","floor":5.0,"turns":5.0},{"damage":29.0,"enemies":"Lagavulin","floor":7.0,"turns":8.0},{"damage":5.0,"enemies":"Looter","floor":10.0,"turns":3.0},{"damage":9.0,"enemies":"Exordium Thugs","floor":11.0,"turns":5.0},{"damage":35,"enemies":"Gremlin Nob","floor":14,"turns":4}],"seed_played":"-4180933261052695617","potions_obtained":[{"floor":5.0,"key":"EssenceOfSteel"},{"floor":11.0,"key":"GamblersBrew"}],"is_trial":false,"path_per_floor":["M","M","?","?","M","R","E","$","T","M","M","$","R","E"],"character_chosen":"THE_SILENT","items_purchased":["Well Laid Plans","Slice","Noxious Fumes"],"campfire_rested":1,"item_purchase_floors":[8,8,12],"current_hp_per_floor":[58,58,58,47,44,44,15,15,15,10,1,1,20,0],"gold":8,"neow_bonus":"TRANSFORM_TWO_CARDS","is_prod":false,"is_daily":false,"chose_seed":false,"campfire_upgraded":1,"win_rate":0,"timestamp":1561491668,"path_taken":["M","?","?","?","M","R","E","$","T","M","M","?","R","E"],"build_version":"2019-01-23","purchased_purges":0,"victory":false,"max_hp_per_floor":[66,66,66,66,66,66,66,66,66,66,66,66,66,66],"card_choices":[{"not_picked":["Leg Sweep","Flying Knee"],"picked":"Poisoned Stab","floor":1.0},{"not_picked":["Distraction","Setup","Underhanded Strike"],"picked":"SKIP","floor":2.0},{"not_picked":["Distraction","Eviscerate"],"picked":"Poisoned Stab","floor":5.0},{"not_picked":["Night Terror","Prepared"],"picked":"Cloak And Dagger","floor":7.0},{"not_picked":["Heel Hook","Flechettes"],"picked":"Deadly Poison","floor":10.0},{"not_picked":["Concentrate","Eviscerate"],"picked":"Footwork","floor":11.0}],"player_experience":548907,"relics_obtained":[{"floor":7.0,"key":"Omamori"},{"floor":9.0,"key":"Shuriken"}],"event_choices":[{"damage_healed":0.0,"max_hp_gain":0.0,"max_hp_loss":0.0,"gold_gain":0.0,"event_name":"The Cleric","player_choice":"Leave","floor":3.0,"gold_loss":0.0,"damage_taken":0.0},{"damage_healed":0.0,"max_hp_gain":0.0,"max_hp_loss":0.0,"gold_gain":75.0,"event_name":"World of Goop","player_choice":"Gather Gold","floor":4.0,"gold_loss":0.0,"damage_taken":11.0}],"is_beta":false,"boss_relics":[],"items_purged_floors":[],"is_endless":false,"potions_floor_spawned":[5,11],"killed_by":"Gremlin Nob","ascension_level":19}