{"gold_per_floor":[110,127,147,159,172,197,197,212,212,239,251,276,276,11,11,111,111,125,145,37,37,67,100,100,129,152,152,18,32,6,38,38,143,143,156,170,184,47,147,147,158,158,183,196,244,244,279,294,294,294],"floor_reached":51,"playtime":2503,"items_purged":["Strike_R","Strike_R","Strike_R"],"score":996,"play_id":"262beb30-9d38-450c-8a4e-c78889c04001","local_time":"20190716155404","is_ascension_mode":true,"campfire_choices":[{"data":"Clothesline","floor":7.0,"key":"SMITH"},{"floor":15.0,"key":"REST"},{"floor":24.0,"key":"REST"},{"floor":27.0,"key":"REST"},{"data":"Brutality","floor":32,"key":"SMITH"},{"floor":40,"key":"REST"},{"floor":42,"key":"REST"},{"floor":49,"key":"REST"}],"neow_cost":"NONE","seed_source_timestamp":87761303263900,"circlet_count":0,"master_deck":["Strike_R","Strike_R","Defend_R","Defend_R+1","Defend_R","Defend_R+1","Bash","Brutality+1","Iron Wave+1","Twin Strike","Shrug It Off","Clothesline+1","Feed","Intimidate+1","Exhume","Juggernaut","Pommel Strike+1","Disarm","Bludgeon+1","Iron Wave+1","Immolate+1","Pommel Strike+1","Feel No Pain+1","Dark Embrace+1","Reckless Charge+1","Evolve+1","Cleave+1","Berserk+1","Disarm","Armaments+1","Reckless Charge+1","Blood for Blood+1","Seeing Red+1","Corruption+1","Ghostly Armor+1"],"special_seed":0,"relics":["Burning Blood","Boot","Letter Opener","Molten Egg 2","Bottled Lightning","Membership Card","Strawberry","Black Star","Enchiridion","Red Mask","Frozen Egg 2","Charon\u0027s Ashes","Bag of Preparation","Mercury Hourglass","Orichalcum","Matryoshka","Regal Pillow","Runic Cube","Torii","Vajra","War Paint","Dead Branch","Blood Vial","Dodecahedron","Anchor","Art of War"],"potions_floor_usage":[31,31,33,36,44,50,50,50],"damage_taken":[{"damage":8.0,"enemies":"Small Slimes","floor":1.0,"turns":4.0},{"damage":0.0,"enemies":"2 Louse","floor":2.0,"turns":4.0},{"damage":1.0,"enemies":"Jaw Worm","floor":3.0,"turns":3.0},{"damage":18.0,"enemies":"Large Slime","floor":4.0,"turns":6.0},{"damage":8.0,"enemies":"Blue Slaver","floor":5.0,"turns":4.0},{"damage":22.0,"enemies":"Gremlin Nob","floor":6.0,"turns":5.0},{"damage":2.0,"enemies":"Looter","floor":8.0,"turns":3.0},{"damage":30.0,"enemies":"3 Sentries","floor":10.0,"turns":11.0},{"damage":10.0,"enemies":"3 Louse","floor":11.0,"turns":3.0},{"damage":22.0,"enemies":"Lagavulin","floor":12.0,"turns":8.0},{"damage":57.0,"enemies":"Slime Boss","floor":16.0,"turns":13.0},{"damage":0.0,"enemies":"3 Byrds","floor":18.0,"turns":5.0},{"damage":26.0,"enemies":"Shell Parasite","floor":19.0,"turns":8.0},{"damage":31.0,"enemies":"Masked Bandits","floor":22.0,"turns":5.0},{"damage":33.0,"enemies":"Gremlin Leader","floor":23.0,"turns":7.0},{"damage":61.0,"enemies":"Book of Stabbing","floor":25.0,"turns":9.0},{"damage":0,"enemies":"Sentry and Sphere","floor":29,"turns":3},{"damage":9,"enemies":"Slavers","floor":31,"turns":3},{"damage":46,"enemies":"Collector","floor":33,"turns":10},{"damage":2,"enemies":"3 Shapes","floor":35,"turns":3},{"damage":6,"enemies":"Orb Walker","floor":36,"turns":3},{"damage":34,"enemies":"Sphere and 2 Shapes","floor":37,"turns":5},{"damage":18,"enemies":"Mind Bloom Boss Battle","floor":39,"turns":8},{"damage":47,"enemies":"Spire Growth","floor":41,"turns":6},{"damage":6,"enemies":"Writhing Mass","floor":44,"turns":6},{"damage":21,"enemies":"2 Orb Walkers","floor":45,"turns":5},{"damage":6,"enemies":"Nemesis","floor":47,"turns":3},{"damage":4,"enemies":"Maw","floor":48,"turns":5},{"damage":10,"enemies":"Awakened One","floor":50,"turns":5}],"seed_played":"-7222977923232098342","potions_obtained":[{"floor":2.0,"key":"BloodPotion"},{"floor":8.0,"key":"BloodPotion"},{"floor":10.0,"key":"PowerPotion"},{"floor":12.0,"key":"BloodPotion"},{"floor":29,"key":"Energy Potion"},{"floor":33,"key":"Block Potion"},{"floor":35,"key":"Dexterity Potion"},{"floor":41,"key":"Block Potion"},{"floor":45,"key":"Energy Potion"}],"is_trial":false,"path_per_floor":["M","M","M","M","M","E","R","M","T","E","M","E","?","$","R","B",null,"M","M","$","?","?","E","R","E","T","R","$","M","$","E","R","B",null,"M","M","M","$","?","R","M","R","T","M","?","T","E","M","R","B",null],"character_chosen":"IRONCLAD","items_purchased":["Membership Card","Strawberry","Immolate+1","Reckless Charge+1","Evolve+1","Explosive Potion","Explosive Potion","Regen Potion","Disarm"],"campfire_rested":6,"item_purchase_floors":[14,14,20,28,28,28,30,38,38],"current_hp_per_floor":[78,80,80,68,66,53,53,57,57,60,62,46,27,34,64,13,102,105,85,85,69,74,47,79,51,51,83,83,92,92,95,95,55,117,120,120,92,92,80,120,82,123,123,123,111,111,116,120,129,132],"gold":294,"neow_bonus":"ONE_RANDOM_RARE_CARD","is_prod":false,"is_daily":false,"chose_seed":false,"campfire_upgraded":2,"win_rate":0,"timestamp":1563306844,"path_taken":["M","M","M","M","M","E","R","M","T","E","M","E","?","$","R","BOSS","M","M","$","?","?","E","R","E","T","R","$","M","?","E","R","BOSS","M","M","M","$","?","R","M","R","T","M","?","?","E","M","R","BOSS"],"build_version":"2019-07-05","purchased_purges":3,"victory":true,"max_hp_per_floor":[80,80,80,80,80,83,83,83,83,89,95,95,95,102,102,102,102,105,105,105,105,108,108,108,108,108,108,108,111,111,117,117,117,117,120,120,120,120,120,120,123,123,123,123,126,126,129,129,129,132],"card_choices":[{"not_picked":["Headbutt","Clash"],"picked":"Iron Wave","floor":1.0},{"not_picked":["Warcry","Dual Wield"],"picked":"Twin Strike","floor":2.0},{"not_picked":["Headbutt","Warcry"],"picked":"Shrug It Off","floor":3.0},{"not_picked":["Reckless Charge","Shrug It Off"],"picked":"Clothesline","floor":4.0},{"not_picked":["Second Wind","Bloodletting"],"picked":"Feed","floor":5.0},{"not_picked":["Twin Strike","Armaments"],"picked":"Intimidate","floor":6.0},{"not_picked":["True Grit","Heavy Blade"],"picked":"Exhume","floor":8.0},{"not_picked":["Flame Barrier","Perfected Strike"],"picked":"Juggernaut","floor":10.0},{"not_picked":["Anger+1","Cleave+1"],"picked":"Pommel Strike+1","floor":11.0},{"not_picked":["Power Through","Battle Trance"],"picked":"Disarm","floor":12.0},{"not_picked":["Barricade","Dark Embrace"],"picked":"Bludgeon+1","floor":16.0},{"not_picked":["Sever Soul+1","Shrug It Off"],"picked":"Iron Wave+1","floor":18.0},{"not_picked":["Searing Blow+1","Perfected Strike+1","Rupture"],"picked":"SKIP","floor":19.0},{"not_picked":["Warcry+1","Sword Boomerang+1"],"picked":"Pommel Strike+1","floor":22.0},{"not_picked":["Headbutt+1","Heavy Blade+1"],"picked":"Feel No Pain","floor":23.0},{"not_picked":["Cleave+1","Twin Strike+1"],"picked":"Dark Embrace+1","floor":25.0},{"not_picked":["Sever Soul+1","Bloodletting"],"picked":"Cleave+1","floor":29},{"not_picked":["Second Wind","Perfected Strike+1","Headbutt+1"],"picked":"SKIP","floor":31},{"not_picked":["Reaper+1","Dark Embrace+1"],"picked":"Berserk+1","floor":33},{"not_picked":["Carnage+1","Cleave+1","Twin Strike+1"],"picked":"SKIP","floor":35},{"not_picked":["Twin Strike+1","Pommel Strike+1","Iron Wave+1"],"picked":"SKIP","floor":36},{"not_picked":["Fire Breathing+1","Feel No Pain+1","Armaments"],"picked":"SKIP","floor":37},{"not_picked":["Sword Boomerang+1","True Grit"],"picked":"Armaments+1","floor":39},{"not_picked":["Thunderclap+1","Twin Strike+1"],"picked":"Reckless Charge+1","floor":41},{"not_picked":["Power Through","Shrug It Off+1"],"picked":"Blood for Blood+1","floor":44},{"not_picked":["Whirlwind+1","Flex+1"],"picked":"Seeing Red+1","floor":45},{"not_picked":["Ghostly Armor+1","Sword Boomerang+1"],"picked":"Corruption+1","floor":47},{"not_picked":["Havoc","Clash+1"],"picked":"Ghostly Armor+1","floor":48}],"player_experience":1929057,"relics_obtained":[{"floor":6.0,"key":"Boot"},{"floor":9.0,"key":"Letter Opener"},{"floor":10.0,"key":"Molten Egg 2"},{"floor":12.0,"key":"Bottled Lightning"},{"floor":21.0,"key":"Enchiridion"},{"floor":22.0,"key":"Red Mask"},{"floor":23.0,"key":"Frozen Egg 2"},{"floor":23.0,"key":"Charon\u0027s Ashes"},{"floor":25.0,"key":"Bag of Preparation"},{"floor":25.0,"key":"Mercury Hourglass"},{"floor":26.0,"key":"Orichalcum"},{"floor":31,"key":"Matryoshka"},{"floor":31,"key":"Regal Pillow"},{"floor":39,"key":"Torii"},{"floor":43,"key":"Vajra"},{"floor":43,"key":"War Paint"},{"floor":45,"key":"Dead Branch"},{"floor":46,"key":"Blood Vial"},{"floor":46,"key":"Dodecahedron"},{"floor":47,"key":"Anchor"},{"floor":47,"key":"Art of War"}],"event_choices":[{"damage_healed":0.0,"max_hp_gain":0.0,"max_hp_loss":0.0,"gold_gain":0.0,"event_name":"Shining Light","player_choice":"Entered Light","floor":13.0,"gold_loss":0.0,"damage_taken":19.0,"cards_upgraded":["Iron Wave","Defend_R"]},{"damage_healed":0.0,"max_hp_gain":0.0,"max_hp_loss":0.0,"gold_gain":0.0,"event_name":"Cursed Tome","player_choice":"Obtained Book","floor":21.0,"gold_loss":0.0,"damage_taken":16.0},{"damage_healed":0.0,"max_hp_gain":0.0,"max_hp_loss":0.0,"gold_gain":0.0,"event_name":"Masked Bandits","player_choice":"Fought Bandits","floor":22.0,"gold_loss":0.0,"damage_taken":0.0},{"damage_healed":0,"gold_gain":0,"player_choice":"Fight","damage_taken":0,"max_hp_gain":0,"max_hp_loss":0,"event_name":"MindBloom","floor":39,"gold_loss":0},{"damage_healed":0,"gold_gain":0,"player_choice":"Fight","damage_taken":0,"max_hp_gain":0,"max_hp_loss":0,"event_name":"Mysterious Sphere","floor":45,"gold_loss":0}],"is_beta":false,"boss_relics":[{"not_picked":["Cursed Key","Empty Cage"],"picked":"Black Star"},{"not_picked":["Eternal Feather","Runic Dome"],"picked":"Runic Cube"}],"items_purged_floors":[20,28,38],"is_endless":false,"potions_floor_spawned":[2,8,10,12,16,18,29,33,35,41,45,48],"ascension_level":1}