{"gold_per_floor":[119,132,146,162,182,209,209,235,260,109,144,160,191,207,207,303,303,318,52,69,86,106,138,138,138,138,166,50,78,93,193,193,290,290,304,304,30,0,15,15,44,44,44,87,99,43,43,73,73,73],"floor_reached":51,"playtime":9678,"items_purged":[],"score":1097,"play_id":"def17aff-c203-4886-b93a-ccaec676ed16","local_time":"20190611010214","is_ascension_mode":true,"campfire_choices":[{"data":"Footwork","floor":7,"key":"SMITH"},{"floor":15,"key":"DIG"},{"data":"Footwork","floor":24,"key":"SMITH"},{"data":"Well Laid Plans","floor":32,"key":"SMITH"},{"floor":40,"key":"DIG"},{"floor":42,"key":"DIG"},{"floor":47,"key":"DIG"},{"floor":49,"key":"DIG"}],"neow_cost":"NONE","seed_source_timestamp":190564452683063,"circlet_count":0,"master_deck":["Defend_G+1","Defend_G+1","Defend_G+1","Defend_G+1","Defend_G+1","Strike_G+1","Strike_G+1","Strike_G+1","Strike_G+1","Strike_G+1","Survivor+1","Neutralize+1","Footwork+1","Deadly Poison+1","Burst+1","PiercingWail+1","Noxious Fumes+1","Backstab+1","Acrobatics+1","Acrobatics+1","Infinite Blades+1","Dagger Spray+1","Bullet Time+1","Dash+1","Blur+1","Well Laid Plans+1","Finesse+1","Dodge and Roll+1","Catalyst+1","Backflip+1","Noxious Fumes+1","Footwork+1","Calculated Gamble+1","Tools of the Trade+1","Deadly Poison+1","Acrobatics+1","Blur+1","Burst+1","Malaise+1","Deadly Poison+1","Crippling Poison+1","Deflect+1","Dodge and Roll+1","Catalyst+1","Well Laid Plans","Footwork"],"relics":["Ring of the Snake","Whetstone","Toxic Egg 2","Shovel","Lantern","Potion Belt","War Paint","Blood Vial","Anchor","WristBlade","Bronze Scales","Ninja Scroll","Centennial Puzzle","Mercury Hourglass","Torii","Matryoshka","Fusion Hammer","Frozen Eye","Red Mask","Oddly Smooth Stone","Bag of Marbles","MawBank","Paper Crane","Sundial","Mark of the Bloom","Incense Burner","Regal Pillow","Mummified Hand"],"potions_floor_usage":[16,33,33,41],"damage_taken":[{"damage":0,"enemies":"2 Louse","floor":1,"turns":3},{"damage":0,"enemies":"Small Slimes","floor":2,"turns":4},{"damage":0,"enemies":"Jaw Worm","floor":3,"turns":5},{"damage":0,"enemies":"Looter","floor":4,"turns":4},{"damage":2,"enemies":"Blue Slaver","floor":5,"turns":5},{"damage":27,"enemies":"3 Sentries","floor":6,"turns":10},{"damage":0,"enemies":"Lagavulin","floor":8,"turns":6},{"damage":17,"enemies":"3 Sentries","floor":11,"turns":7},{"damage":0,"enemies":"Lots of Slimes","floor":12,"turns":4},{"damage":0,"enemies":"Lagavulin","floor":13,"turns":8},{"damage":10,"enemies":"Looter","floor":14,"turns":3},{"damage":6,"enemies":"Hexaghost","floor":16,"turns":9},{"damage":6,"enemies":"Shell Parasite","floor":18,"turns":8},{"damage":1,"enemies":"Spheric Guardian","floor":20,"turns":6},{"damage":10,"enemies":"Snecko","floor":21,"turns":8},{"damage":0,"enemies":"Snake Plant","floor":22,"turns":4},{"damage":11,"enemies":"Book of Stabbing","floor":23,"turns":7},{"damage":0,"enemies":"Gremlin Leader","floor":27,"turns":5},{"damage":0,"enemies":"Slavers","floor":29,"turns":4},{"damage":0,"enemies":"3 Cultists","floor":30,"turns":5},{"damage":0,"enemies":"Colosseum Slavers","floor":31,"turns":4},{"damage":0,"enemies":"Colosseum Nobs","floor":31,"turns":3},{"damage":2,"enemies":"Collector","floor":33,"turns":8},{"damage":0,"enemies":"3 Shapes","floor":35,"turns":3},{"damage":0,"enemies":"Orb Walker","floor":39,"turns":3},{"damage":1,"enemies":"Reptomancer","floor":41,"turns":6},{"damage":0,"enemies":"Giant Head","floor":44,"turns":4},{"damage":1,"enemies":"Nemesis","floor":48,"turns":5},{"damage":0,"enemies":"Donu and Deca","floor":50,"turns":6}],"seed_played":"-1563370362764668225","potions_obtained":[{"floor":1,"key":"Strength Potion"},{"floor":6,"key":"SpeedPotion"},{"floor":12,"key":"AttackPotion"},{"floor":14,"key":"Fire Potion"},{"floor":16,"key":"Poison Potion"},{"floor":21,"key":"Block Potion"},{"floor":23,"key":"Block Potion"},{"floor":30,"key":"Block Potion"},{"floor":33,"key":"Weak Potion"},{"floor":35,"key":"GamblersBrew"},{"floor":41,"key":"SteroidPotion"},{"floor":44,"key":"SkillPotion"}],"is_trial":false,"path_per_floor":["M","M","M","M","M","E","R","E","T","$","E","M","E","M","R","B",null,"M","$","M","M","M","E","R","?","T","E","$","E","M","?","R","B",null,"M","?","$","?","M","R","E","R","T","E","?","$","R","E","R","B",null],"character_chosen":"THE_SILENT","items_purchased":["Potion Belt","Blur+1","Well Laid Plans","Finesse+1","Dodge and Roll+1","Tools of the Trade","Deadly Poison+1","Frozen Eye","Crippling Poison+1","Well Laid Plans"],"campfire_rested":0,"item_purchase_floors":[10,19,19,19,19,28,28,37,37,46],"current_hp_per_floor":[70,70,70,70,68,41,41,41,41,41,24,24,24,16,16,12,70,64,64,65,57,59,50,50,37,37,39,39,41,43,47,47,47,75,75,75,75,75,75,75,74,74,74,75,75,75,75,74,74,74],"gold":73,"neow_bonus":"RANDOM_COMMON_RELIC","is_prod":false,"is_daily":false,"chose_seed":false,"campfire_upgraded":3,"win_rate":1,"timestamp":1560204134,"path_taken":["M","M","M","M","M","E","R","E","T","$","E","M","E","M","R","BOSS","M","$","M","M","M","E","R","?","T","E","$","E","M","?","R","BOSS","M","?","$","?","?","R","E","R","T","E","?","$","R","E","R","BOSS"],"build_version":"2019-01-23","purchased_purges":0,"victory":true,"max_hp_per_floor":[70,70,70,70,70,70,70,70,70,70,70,70,70,70,70,70,70,70,70,70,70,70,70,70,75,75,75,75,75,75,75,75,75,75,75,75,75,75,75,75,75,75,75,75,75,75,75,75,75,75],"card_choices":[{"not_picked":["Tactician","Bane"],"picked":"Footwork","floor":1},{"not_picked":["Reflex","Poisoned Stab"],"picked":"Deadly Poison","floor":2},{"not_picked":["Quick Slash","Deflect"],"picked":"Dash","floor":3},{"not_picked":["Deadly Poison","Dodge and Roll"],"picked":"Burst","floor":4},{"not_picked":["Prepared","Caltrops"],"picked":"PiercingWail","floor":5},{"not_picked":["Underhanded Strike","Terror"],"picked":"Noxious Fumes","floor":6},{"not_picked":["Sucker Punch","Reflex+1"],"picked":"Backstab","floor":8},{"not_picked":["Underhanded Strike","Flying Knee"],"picked":"Acrobatics+1","floor":11},{"not_picked":["Phantasmal Killer+1","Flechettes"],"picked":"Acrobatics+1","floor":12},{"not_picked":["Endless Agony","Underhanded Strike"],"picked":"Infinite Blades","floor":13},{"not_picked":["Flechettes","Slice"],"picked":"Dagger Spray","floor":14},{"not_picked":["Unload","A Thousand Cuts"],"picked":"Bullet Time+1","floor":16},{"not_picked":["Calculated Gamble+1","Dagger Throw"],"picked":"Dash","floor":18},{"not_picked":["Eviscerate+1","Choke"],"picked":"Catalyst+1","floor":20},{"not_picked":["PiercingWail+1","Underhanded Strike"],"picked":"Backflip+1","floor":21},{"not_picked":["PiercingWail+1","Bouncing Flask+1"],"picked":"Noxious Fumes","floor":22},{"not_picked":["Outmaneuver+1","Terror+1"],"picked":"Footwork","floor":23},{"not_picked":["Riddle With Holes+1","Quick Slash+1"],"picked":"Calculated Gamble+1","floor":27},{"not_picked":["Flying Knee","Terror+1"],"picked":"Acrobatics+1","floor":29},{"not_picked":["Dagger Throw+1","Quick Slash"],"picked":"Blur+1","floor":30},{"not_picked":["Deflect+1","Escape Plan+1"],"picked":"Burst+1","floor":31},{"not_picked":["Corpse Explosion+1","Glass Knife"],"picked":"Malaise+1","floor":33},{"not_picked":["Bane+1","Flying Knee"],"picked":"Deadly Poison+1","floor":35},{"not_picked":["Poisoned Stab","Bane+1"],"picked":"Deflect+1","floor":39},{"not_picked":["Backstab+1","Dash"],"picked":"Dodge and Roll+1","floor":41},{"not_picked":["Outmaneuver+1","Predator"],"picked":"Catalyst+1","floor":44},{"not_picked":["Skewer+1","Reflex+1"],"picked":"Footwork","floor":48}],"player_experience":49579,"relics_obtained":[{"floor":6,"key":"Toxic Egg 2"},{"floor":8,"key":"Shovel"},{"floor":9,"key":"Lantern"},{"floor":11,"key":"War Paint"},{"floor":13,"key":"Blood Vial"},{"floor":15,"key":"Anchor"},{"floor":23,"key":"Bronze Scales"},{"floor":26,"key":"Ninja Scroll"},{"floor":27,"key":"Centennial Puzzle"},{"floor":29,"key":"Mercury Hourglass"},{"floor":31,"key":"Torii"},{"floor":31,"key":"Matryoshka"},{"floor":41,"key":"Oddly Smooth Stone"},{"floor":42,"key":"Bag of Marbles"},{"floor":43,"key":"MawBank"},{"floor":43,"key":"Paper Crane"},{"floor":44,"key":"Sundial"},{"floor":47,"key":"Incense Burner"},{"floor":48,"key":"Regal Pillow"},{"floor":49,"key":"Mummified Hand"}],"event_choices":[{"damage_healed":0,"gold_gain":0,"player_choice":"Shed Blood","damage_taken":18,"max_hp_gain":5,"max_hp_loss":0,"event_name":"Forgotten Altar","floor":25,"gold_loss":0},{"damage_healed":0,"gold_gain":0,"player_choice":"Fight","damage_taken":0,"max_hp_gain":0,"max_hp_loss":0,"event_name":"Colosseum","floor":31,"gold_loss":0},{"damage_healed":0,"gold_gain":0,"player_choice":"Fought Nobs","damage_taken":0,"max_hp_gain":0,"max_hp_loss":0,"event_name":"Colosseum","floor":31,"gold_loss":0},{"cards_removed":["Dash"],"damage_healed":0,"gold_gain":0,"player_choice":"Removed Attack","damage_taken":0,"max_hp_gain":0,"max_hp_loss":0,"event_name":"Falling","floor":36,"gold_loss":0},{"damage_healed":0,"gold_gain":0,"player_choice":"Paid","damage_taken":0,"relics_obtained":["Red Mask"],"max_hp_gain":0,"max_hp_loss":0,"event_name":"Tomb of Lord Red Mask","floor":38,"gold_loss":30},{"damage_healed":0,"gold_gain":0,"player_choice":"Upgrade","damage_taken":0,"relics_obtained":["Mark of the Bloom"],"max_hp_gain":0,"max_hp_loss":0,"event_name":"MindBloom","floor":45,"gold_loss":0,"cards_upgraded":["Defend_G","Defend_G","Defend_G","Defend_G","Defend_G","Strike_G","Strike_G","Strike_G","Neutralize","Deadly Poison","PiercingWail","Noxious Fumes","Backstab","Infinite Blades","Dagger Spray","Dash","Noxious Fumes","Tools of the Trade"]}],"is_beta":false,"boss_relics":[{"not_picked":["Velvet Choker","Busted Crown"],"picked":"WristBlade"},{"not_picked":["Runic Pyramid","Astrolabe"],"picked":"Fusion Hammer"}],"items_purged_floors":[],"is_endless":false,"potions_floor_spawned":[1,6,12,14,16,21,23,30,31,33,35,41,44],"ascension_level":1}