{"gold_per_floor":[361,30,41,41,55,84,84,117,193,193,97,97,129,141,141,237,237,249,70,70,90,102,102,117,151,178,206,206,239,239,271,271,367,367,387,387,235,235,48,48,81,81,107,138,150,180,180,192,192,192,192,192,15,46,46],"floor_reached":56,"playtime":13062,"items_purged":["Strike_B","Strike_B"],"score":1352,"play_id":"534bd3f6-8d96-4473-8848-5fef7519076b","local_time":"20190612000741","is_ascension_mode":true,"campfire_choices":[{"data":"Capacitor","floor":7.0,"key":"SMITH"},{"data":"Chill","floor":10.0,"key":"SMITH"},{"data":"Capacitor","floor":12.0,"key":"SMITH"},{"floor":15.0,"key":"RECALL"},{"data":"Coolheaded","floor":23.0,"key":"SMITH"},{"data":"Creative AI","floor":30.0,"key":"SMITH"},{"data":"Blizzard","floor":32.0,"key":"SMITH"},{"data":"Thinking Ahead","floor":40.0,"key":"SMITH"},{"data":"Seek","floor":42.0,"key":"SMITH"},{"data":"Defragment","floor":47.0,"key":"SMITH"},{"data":"Reinforced Body","floor":49.0,"key":"SMITH"},{"data":"Go for the Eyes","floor":52.0,"key":"SMITH"}],"neow_cost":"PERCENT_DAMAGE","seed_source_timestamp":0,"circlet_count":0,"master_deck":["Strike_B+1","Defend_B+1","Defend_B","Zap","Dualcast","Self Repair","BootSequence","Self Repair","Chill+1","Force Field+1","Capacitor+1","Conserve Battery","Cold Snap","Capacitor+1","Cold Snap","Reinforced Body+1","Creative AI+1","Go for the Eyes+1","Coolheaded+1","Blizzard+1","Conserve Battery","Sunder+1","Hologram+1","Fusion+1","Reinforced Body+1","Seek+1","Tempest","Thinking Ahead+1","Defragment+1","Recycle+1","Double Energy","Consume+1","Cold Snap"],"special_seed":0,"relics":["Cracked Core","Bag of Marbles","Mango","Boot","Whetstone","Shuriken","Coffee Dripper","Bottled Lightning","Bronze Scales","Darkstone Periapt","Matryoshka","PreservedInsect","Empty Cage","War Paint","Vajra","Sundial","Centennial Puzzle","Ancient Tea Set","Potion Belt","Blood Vial"],"potions_floor_usage":[55,55,55,55],"damage_taken":[{"damage":2.0,"enemies":"Small Slimes","floor":1.0,"turns":3.0},{"damage":1.0,"enemies":"Cultist","floor":3.0,"turns":4.0},{"damage":0.0,"enemies":"2 Louse","floor":5.0,"turns":2.0},{"damage":31.0,"enemies":"3 Sentries","floor":6.0,"turns":11.0},{"damage":31.0,"enemies":"Lagavulin","floor":8.0,"turns":10.0},{"damage":16.0,"enemies":"Gremlin Nob","floor":13.0,"turns":5.0},{"damage":8.0,"enemies":"Blue Slaver","floor":14.0,"turns":4.0},{"damage":36.0,"enemies":"The Guardian","floor":16.0,"turns":16.0},{"damage":12.0,"enemies":"3 Byrds","floor":18.0,"turns":8.0},{"damage":10.0,"enemies":"Spheric Guardian","floor":21.0,"turns":7.0},{"damage":0.0,"enemies":"Chosen and Byrds","floor":22.0,"turns":11.0},{"damage":15.0,"enemies":"Snake Plant","floor":24.0,"turns":8.0},{"damage":12.0,"enemies":"Gremlin Leader","floor":25.0,"turns":10.0},{"damage":15.0,"enemies":"Book of Stabbing","floor":27.0,"turns":7.0},{"damage":17.0,"enemies":"Slavers","floor":29.0,"turns":6.0},{"damage":10.0,"enemies":"Book of Stabbing","floor":31.0,"turns":7.0},{"damage":7.0,"enemies":"Collector","floor":33.0,"turns":12.0},{"damage":5.0,"enemies":"3 Shapes","floor":35.0,"turns":6.0},{"damage":30.0,"enemies":"Giant Head","floor":41.0,"turns":10.0},{"damage":31.0,"enemies":"Reptomancer","floor":44.0,"turns":6.0},{"damage":1.0,"enemies":"3 Darklings","floor":45.0,"turns":6.0},{"damage":22.0,"enemies":"Nemesis","floor":46.0,"turns":5.0},{"damage":5.0,"enemies":"Transient","floor":48.0,"turns":5.0},{"damage":27.0,"enemies":"Time Eater","floor":50.0,"turns":10.0},{"damage":10,"enemies":"Shield and Spear","floor":54,"turns":8},{"damage":84,"enemies":"The Heart","floor":55,"turns":14}],"seed_played":"-1208734740324881253","potions_obtained":[{"floor":1.0,"key":"FairyPotion"},{"floor":3.0,"key":"Explosive Potion"},{"floor":8.0,"key":"EntropicBrew"},{"floor":22.0,"key":"PowerPotion"},{"floor":27.0,"key":"SkillPotion"},{"floor":29.0,"key":"FearPotion"},{"floor":33.0,"key":"Explosive Potion"},{"floor":45.0,"key":"PowerPotion"}],"is_trial":false,"path_per_floor":["M","$","M","?","M","E","R","E","T","R","$","R","E","M","R","B",null,"M","$","?","M","M","R","M","E","T","E","?","E","R","E","R","B",null,"M","?","$","?","$","R","E","R","T","E","M","E","R","M","R","B",null,"R","$","E","B",null],"character_chosen":"DEFECT","items_purchased":["BootSequence","Bag of Marbles","Self Repair","Cold Snap","Capacitor","FocusPotion","War Paint","Thinking Ahead","Dexterity Potion","EssenceOfSteel","Block Potion"],"campfire_rested":0,"item_purchase_floors":[2,2,2,11,11,19,37,39,53,53,53],"current_hp_per_floor":[52,52,65,76,89,72,72,55,55,55,55,55,53,59,59,37,89,89,89,89,89,89,89,88,89,89,88,71,68,68,72,72,79,94,94,94,94,94,94,94,78,78,78,61,74,66,66,75,75,62,94,94,94,94,24],"gold":46,"neow_bonus":"TWO_FIFTY_GOLD","is_prod":false,"is_daily":false,"chose_seed":false,"campfire_upgraded":11,"win_rate":0,"timestamp":1560287261,"path_taken":["M","$","M","?","M","E","R","E","T","R","$","R","E","M","R","BOSS","M","$","?","?","M","R","M","E","T","E","?","E","R","E","R","BOSS","M","?","$","?","$","R","E","R","T","E","M","E","R","M","R","BOSS","R","$","E","BOSS"],"build_version":"2019-01-23","purchased_purges":2,"victory":true,"max_hp_per_floor":[75,75,75,89,89,89,89,89,89,89,89,89,89,89,89,89,89,89,89,89,89,89,89,89,89,89,89,94,94,94,94,94,94,94,94,94,94,94,94,94,94,94,94,94,94,94,94,94,94,94,94,94,94,94,94],"card_choices":[{"not_picked":["Rebound","Redo"],"picked":"Self Repair","floor":1.0},{"not_picked":["Hello World","Tempest"],"picked":"Chill","floor":3.0},{"not_picked":["Go for the Eyes","Aggregate"],"picked":"Force Field","floor":5.0},{"not_picked":["Barrage","Streamline"],"picked":"Capacitor","floor":6.0},{"not_picked":["Beam Cell","All For One"],"picked":"Conserve Battery","floor":8.0},{"not_picked":["Gash","Lockon"],"picked":"Cold Snap","floor":13.0},{"not_picked":["Ball Lightning","Turbo"],"picked":"Reinforced Body","floor":14.0},{"not_picked":["Core Surge","Thunder Strike"],"picked":"Creative AI","floor":16.0},{"not_picked":["Steam Power","Beam Cell+1"],"picked":"Go for the Eyes","floor":18.0},{"not_picked":["Static Discharge","Steam"],"picked":"Coolheaded","floor":21.0},{"not_picked":["Cold Snap","Hologram"],"picked":"Blizzard","floor":22.0},{"not_picked":["Steam Power","Rebound"],"picked":"Conserve Battery","floor":24.0},{"not_picked":["BootSequence","Steam"],"picked":"Sunder+1","floor":25.0},{"not_picked":["Sunder","Streamline"],"picked":"Hologram+1","floor":27.0},{"not_picked":["Ball Lightning","Undo"],"picked":"Fusion+1","floor":29.0},{"not_picked":["All For One","Go for the Eyes"],"picked":"Reinforced Body+1","floor":31.0},{"not_picked":["Meteor Strike","Hyperbeam"],"picked":"Seek","floor":33.0},{"not_picked":["Doom and Gloom+1","Heatsinks+1"],"picked":"Tempest","floor":35.0},{"not_picked":["Leap","Steam Power+1","Stack"],"picked":"SKIP","floor":41.0},{"not_picked":["Compile Driver+1","Ball Lightning+1"],"picked":"Defragment","floor":44.0},{"not_picked":["Aggregate+1","Turbo"],"picked":"Recycle+1","floor":45.0},{"not_picked":["Sweeping Beam+1","Rip and Tear+1"],"picked":"Double Energy","floor":46.0},{"not_picked":["Rebound","Go for the Eyes+1"],"picked":"Consume+1","floor":48.0},{"not_picked":["Gash","Darkness"],"picked":"Cold Snap","floor":54}],"player_experience":79845,"relics_obtained":[{"floor":6.0,"key":"Boot"},{"floor":8.0,"key":"Whetstone"},{"floor":13.0,"key":"Shuriken"},{"floor":25.0,"key":"Bottled Lightning"},{"floor":26.0,"key":"Bronze Scales"},{"floor":27.0,"key":"Darkstone Periapt"},{"floor":29.0,"key":"Matryoshka"},{"floor":31.0,"key":"PreservedInsect"},{"floor":41.0,"key":"Vajra"},{"floor":43.0,"key":"Sundial"},{"floor":43.0,"key":"Centennial Puzzle"},{"floor":44.0,"key":"Ancient Tea Set"},{"floor":46.0,"key":"Potion Belt"},{"floor":54,"key":"Blood Vial"}],"event_choices":[{"damage_healed":0.0,"max_hp_gain":0.0,"max_hp_loss":0.0,"gold_gain":0.0,"event_name":"Scrap Ooze","player_choice":"Success","floor":4.0,"gold_loss":0.0,"damage_taken":3.0,"relics_obtained":["Mango"]},{"damage_healed":0.0,"max_hp_gain":0.0,"max_hp_loss":0.0,"gold_gain":0.0,"event_name":"The Woman in Blue","player_choice":"Bought 0 Potions","floor":20.0,"gold_loss":0.0,"damage_taken":0.0},{"damage_healed":0.0,"max_hp_gain":5.0,"max_hp_loss":0.0,"gold_gain":0.0,"event_name":"Forgotten Altar","player_choice":"Shed Blood","floor":28.0,"gold_loss":0.0,"damage_taken":22.0},{"cards_removed":["Strike_B"],"damage_healed":0.0,"max_hp_gain":0.0,"max_hp_loss":0.0,"gold_gain":0.0,"event_name":"Falling","player_choice":"Removed Attack","floor":36.0,"gold_loss":0.0,"damage_taken":0.0},{"damage_healed":0.0,"max_hp_gain":0.0,"max_hp_loss":0.0,"gold_gain":0.0,"event_name":"Tomb of Lord Red Mask","player_choice":"Ignored","floor":38.0,"gold_loss":0.0,"damage_taken":0.0}],"is_beta":false,"boss_relics":[{"not_picked":["Cursed Key","Astrolabe"],"picked":"Coffee Dripper"},{"not_picked":["Pandora\u0027s Box","Eternal Feather"],"picked":"Empty Cage"}],"items_purged_floors":[2,19],"is_endless":false,"potions_floor_spawned":[1,3,8,22,27,29,33,45,54],"ascension_level":1}