{"gold_per_floor":[111,124,31,44,17,17,17,17,17,32,32,52,70,87,87,182,182,194,213,2,2,2,2,101,101,101,101,116,134,48,48],"floor_reached":31,"playtime":843,"items_purged":[],"score":227,"play_id":"69657635-65b7-44fc-822a-3c7322ee78b4","local_time":"20190712153043","is_ascension_mode":false,"campfire_choices":[{"data":"Intimidate","floor":6,"key":"SMITH"},{"data":"Cleave","floor":8,"key":"SMITH"},{"data":"Feel No Pain","floor":15,"key":"SMITH"},{"floor":23,"key":"REST"},{"data":"Dark Embrace","floor":25,"key":"SMITH"},{"data":"Barricade","floor":27,"key":"SMITH"}],"neow_cost":"NONE","seed_source_timestamp":16805438297699,"circlet_count":0,"master_deck":["Strike_R","Strike_R","Strike_R","Strike_R","Strike_R","Defend_R","Defend_R","Defend_R","Defend_R","Bash","Heavy Blade","Cleave+1","Feel No Pain+1","Shrug It Off","Intimidate+1","Cleave+1","Sever Soul+1","Spot Weakness","Dark Embrace+1","Shrug It Off","Barricade+1","True Grit","True Grit","Impervious","Flex","Dramatic Entrance","True Grit+1","Uppercut","Madness"],"relics":["Burning Blood"],"potions_floor_usage":[10,18,31],"damage_taken":[{"damage":5,"enemies":"Cultist","floor":1,"turns":4},{"damage":2,"enemies":"2 Louse","floor":2,"turns":4},{"damage":11,"enemies":"Jaw Worm","floor":4,"turns":2},{"damage":11,"enemies":"Exordium Thugs","floor":10,"turns":4},{"damage":9,"enemies":"2 Fungi Beasts","floor":12,"turns":2},{"damage":0,"enemies":"Exordium Wildlife","floor":13,"turns":3},{"damage":7,"enemies":"Looter","floor":14,"turns":3},{"damage":43,"enemies":"Slime Boss","floor":16,"turns":11},{"damage":35,"enemies":"Spheric Guardian","floor":18,"turns":7},{"damage":23,"enemies":"Chosen","floor":19,"turns":8},{"damage":42,"enemies":"Centurion and Healer","floor":28,"turns":12},{"damage":13,"enemies":"Snecko","floor":29,"turns":7},{"damage":28,"enemies":"3 Cultists","floor":31,"turns":4}],"seed_played":"4175295272214935228","potions_obtained":[{"floor":1,"key":"Explosive Potion"},{"floor":2,"key":"Block Potion"},{"floor":13,"key":"LiquidBronze"},{"floor":19,"key":"Dexterity Potion"},{"floor":28,"key":"Dexterity Potion"}],"is_trial":false,"path_per_floor":["M","M","$","M","$","R","?","R","T","M","?","M","M","M","R","B",null,"M","M","$","?","$","R","?","R","T","R","M","M","$","M"],"character_chosen":"IRONCLAD","items_purchased":["Feel No Pain","Shrug It Off","Cleave","Impervious","Flex","Madness"],"campfire_rested":1,"item_purchase_floors":[3,3,5,20,20,30],"current_hp_per_floor":[88,88,88,83,83,83,83,83,83,78,78,75,81,80,80,43,88,59,42,42,42,42,68,68,68,68,68,32,25,25,0],"gold":48,"neow_bonus":"TEN_PERCENT_HP_BONUS","is_prod":false,"is_daily":false,"chose_seed":false,"campfire_upgraded":5,"win_rate":0,"timestamp":1562959843,"path_taken":["M","M","$","?","$","R","?","R","T","?","?","M","M","M","R","BOSS","M","M","$","?","?","R","?","R","T","R","?","M","$","M"],"build_version":"2019-07-05","purchased_purges":0,"victory":false,"max_hp_per_floor":[88,88,88,88,88,88,88,88,88,88,88,88,88,88,88,88,88,88,88,88,88,88,88,88,88,88,88,88,88,88,88],"card_choices":[{"not_picked":["Pummel","Clash"],"picked":"Heavy Blade","floor":1},{"not_picked":["Headbutt","Twin Strike"],"picked":"Cleave","floor":2},{"not_picked":["Heavy Blade","Clash"],"picked":"Intimidate","floor":4},{"not_picked":["Searing Blow","Pommel Strike"],"picked":"Sever Soul","floor":10},{"not_picked":["Combust","Feel No Pain"],"picked":"Spot Weakness","floor":12},{"not_picked":["Sword Boomerang","Infernal Blade"],"picked":"Dark Embrace","floor":13},{"not_picked":["Pommel Strike","Dropkick"],"picked":"Shrug It Off","floor":14},{"not_picked":["Feed","Dark Embrace"],"picked":"Barricade","floor":16},{"not_picked":["Power Through","Thunderclap"],"picked":"True Grit","floor":18},{"not_picked":["Iron Wave","Thunderclap"],"picked":"True Grit","floor":19},{"not_picked":["Feed","Flame Barrier"],"picked":"True Grit+1","floor":28},{"not_picked":["Anger","Ghostly Armor"],"picked":"Uppercut","floor":29}],"player_experience":1850829,"relics_obtained":[],"event_choices":[{"damage_healed":0,"gold_gain":0,"player_choice":"Upgraded","damage_taken":0,"max_hp_gain":0,"max_hp_loss":0,"event_name":"Upgrade Shrine","floor":7,"gold_loss":0,"cards_upgraded":["Cleave"]},{"damage_healed":0,"gold_gain":0,"player_choice":"Forge","damage_taken":0,"max_hp_gain":0,"max_hp_loss":0,"event_name":"Accursed Blacksmith","floor":11,"gold_loss":0,"cards_upgraded":["Sever Soul"]},{"damage_healed":0,"gold_gain":0,"player_choice":"1 cards matched","damage_taken":0,"max_hp_gain":0,"max_hp_loss":0,"event_name":"Match and Keep!","floor":21,"gold_loss":0,"cards_obtained":["Dramatic Entrance"]},{"damage_healed":0,"gold_gain":99,"player_choice":"Stole From Cult","damage_taken":0,"max_hp_gain":0,"max_hp_loss":0,"event_name":"Nest","floor":24,"gold_loss":0}],"is_beta":false,"boss_relics":[{"not_picked":["Tiny House","Velvet Choker","Busted Crown"]}],"items_purged_floors":[],"is_endless":false,"potions_floor_spawned":[1,2,13,19,28,29],"killed_by":"3 Cultists","ascension_level":0}