{"gold_per_floor":[109,109,23,43,53,86,86,115,115,131,131,131,151,181,181,256,256,266,4,34,47,65,98,98,18,92,7,7,37,37,47,47,47],"floor_reached":33,"playtime":1299,"items_purged":[],"score":631,"play_id":"e82e0815-90c0-474e-ae15-70e6e0ca60e7","local_time":"20190702090332","is_ascension_mode":true,"campfire_choices":[{"data":"Hemokinesis","floor":12,"key":"SMITH"},{"data":"Wild Strike","floor":15,"key":"SMITH"},{"floor":32,"key":"REST"}],"neow_cost":"PERCENT_DAMAGE","seed_source_timestamp":336403257308700,"circlet_count":0,"master_deck":["AscendersBane","Strike_R","Strike_R","Strike_R","Defend_R","Defend_R","Defend_R","Defend_R","Bash","Wild Strike+1","Armaments","Pummel","Evolve","Iron Wave","Hemokinesis+1","Thunderclap","Impervious","Pummel","Flame Barrier","Barricade+1","Shrug It Off","Shrug It Off+1","Inflame+1"],"relics":["Burning Blood","Red Skull","Pocketwatch","Frozen Egg 2","Singing Bowl","Sozu","Meat on the Bone","Red Mask","Juzu Bracelet","The Courier","Charon\u0027s Ashes","Ornamental Fan"],"potions_floor_usage":[10,14,16,16,18],"damage_taken":[{"damage":9,"enemies":"2 Louse","floor":1,"turns":4},{"damage":6,"enemies":"Cultist","floor":4,"turns":3},{"damage":4,"enemies":"Small Slimes","floor":5,"turns":3},{"damage":50,"enemies":"Lagavulin","floor":6,"turns":8},{"damage":20,"enemies":"3 Sentries","floor":8,"turns":7},{"damage":4,"enemies":"Blue Slaver","floor":10,"turns":3},{"damage":4,"enemies":"Gremlin Gang","floor":13,"turns":4},{"damage":22,"enemies":"Lagavulin","floor":14,"turns":3},{"damage":19,"enemies":"Hexaghost","floor":16,"turns":7},{"damage":23,"enemies":"Shell Parasite","floor":18,"turns":5},{"damage":52,"enemies":"Masked Bandits","floor":20,"turns":5},{"damage":2,"enemies":"3 Byrds","floor":21,"turns":3},{"damage":17,"enemies":"3 Cultists","floor":22,"turns":5},{"damage":41,"enemies":"Book of Stabbing","floor":23,"turns":6},{"damage":22,"enemies":"Slavers","floor":29,"turns":4},{"damage":28,"enemies":"Cultist and Chosen","floor":31,"turns":5},{"damage":67,"enemies":"Collector","floor":33,"turns":7}],"seed_played":"4470539552534187096","potions_obtained":[{"floor":6,"key":"Dexterity Potion"},{"floor":8,"key":"Block Potion"},{"floor":10,"key":"Poison Potion"},{"floor":14,"key":"BloodPotion"},{"floor":16,"key":"Regen Potion"}],"is_trial":false,"path_per_floor":["M","?","$","M","M","E","?","E","T","M","?","R","M","E","R","B",null,"M","$","?","M","M","E","?","$","T","?","?","E","?","M","R","B"],"character_chosen":"IRONCLAD","items_purchased":["Wild Strike","Armaments","Meat on the Bone","Inflame+1"],"campfire_rested":1,"item_purchase_floors":[3,3,19,25],"current_hp_per_floor":[61,89,89,89,89,45,38,24,24,26,26,26,28,12,12,21,72,69,69,37,53,56,35,35,35,35,35,35,33,33,25,54,0],"gold":47,"neow_bonus":"TWENTY_PERCENT_HP_BONUS","is_prod":false,"is_daily":false,"chose_seed":false,"campfire_upgraded":2,"win_rate":0,"timestamp":1562072612,"path_taken":["M","?","$","?","M","E","?","E","T","M","?","R","?","E","R","BOSS","M","$","?","M","M","E","?","?","T","?","?","E","?","M","R","BOSS"],"build_version":"2019-07-01","purchased_purges":0,"victory":false,"max_hp_per_floor":[89,89,89,89,89,89,89,89,89,89,89,89,89,89,89,89,89,89,89,91,91,93,95,95,95,95,95,95,97,97,99,99,99],"card_choices":[{"not_picked":["Perfected Strike","Headbutt"],"picked":"Hemokinesis","floor":1},{"not_picked":["True Grit","Heavy Blade"],"picked":"Pummel","floor":4},{"not_picked":["Perfected Strike","Iron Wave"],"picked":"Evolve","floor":5},{"not_picked":["Barricade","Armaments"],"picked":"Iron Wave","floor":6},{"not_picked":["Warcry","Evolve"],"picked":"Hemokinesis","floor":8},{"not_picked":["Headbutt","Perfected Strike"],"picked":"Thunderclap","floor":10},{"not_picked":["Clash","Body Slam"],"picked":"Pummel","floor":13},{"not_picked":["Spot Weakness","Wild Strike"],"picked":"Flame Barrier","floor":14},{"not_picked":["Feed","Impervious"],"picked":"Barricade+1","floor":16},{"not_picked":["Clash","Hemokinesis"],"picked":"Shrug It Off","floor":18},{"not_picked":["Flex","Hemokinesis","Dropkick"],"picked":"Singing Bowl","floor":20},{"not_picked":["Cleave","Anger"],"picked":"Shrug It Off+1","floor":21},{"not_picked":["Reckless Charge","Evolve+1","Armaments"],"picked":"Singing Bowl","floor":22},{"not_picked":["Wild Strike","Havoc","Pummel"],"picked":"Singing Bowl","floor":23},{"not_picked":["Cleave","Wild Strike","Infernal Blade"],"picked":"Singing Bowl","floor":29},{"not_picked":["Warcry+1","Flame Barrier","Reckless Charge"],"picked":"Singing Bowl","floor":31}],"player_experience":1642682,"relics_obtained":[{"floor":6,"key":"Red Skull"},{"floor":8,"key":"Pocketwatch"},{"floor":9,"key":"Frozen Egg 2"},{"floor":14,"key":"Singing Bowl"},{"floor":20,"key":"Red Mask"},{"floor":23,"key":"Juzu Bracelet"},{"floor":26,"key":"The Courier"},{"floor":29,"key":"Ornamental Fan"}],"event_choices":[{"cards_removed":["Hemokinesis"],"damage_healed":28,"gold_gain":0,"player_choice":"Offered Uncommon","damage_taken":0,"max_hp_gain":0,"max_hp_loss":0,"event_name":"Bonfire Elementals","floor":2,"gold_loss":0},{"cards_removed":["Strike_R"],"damage_healed":0,"gold_gain":0,"player_choice":"Card Removal","damage_taken":7,"max_hp_gain":0,"max_hp_loss":0,"event_name":"Golden Wing","floor":7,"gold_loss":0},{"damage_healed":0,"gold_gain":0,"cards_transformed":["Strike_R"],"player_choice":"Transformed","damage_taken":0,"max_hp_gain":0,"max_hp_loss":0,"event_name":"Transmorgrifier","floor":11,"gold_loss":0,"cards_obtained":["Impervious"]},{"damage_healed":0,"gold_gain":0,"player_choice":"Fought Bandits","damage_taken":0,"max_hp_gain":0,"max_hp_loss":0,"event_name":"Masked Bandits","floor":20,"gold_loss":0},{"damage_healed":0,"gold_gain":0,"player_choice":"Ignored","damage_taken":0,"max_hp_gain":0,"max_hp_loss":0,"event_name":"Vampires","floor":24,"gold_loss":0},{"damage_healed":0,"gold_gain":0,"player_choice":"Obtained Relic","damage_taken":0,"relics_obtained":["Charon\u0027s Ashes"],"max_hp_gain":0,"max_hp_loss":0,"event_name":"Addict","floor":27,"gold_loss":85},{"damage_healed":0,"gold_gain":0,"player_choice":"0 cards matched","damage_taken":0,"max_hp_gain":0,"max_hp_loss":0,"event_name":"Match and Keep!","floor":28,"gold_loss":0,"cards_obtained":[]},{"damage_healed":0,"gold_gain":0,"player_choice":"Got Potions","damage_taken":0,"max_hp_gain":0,"max_hp_loss":0,"event_name":"Lab","floor":30,"gold_loss":0}],"is_beta":false,"boss_relics":[{"not_picked":["Busted Crown","Black Blood"],"picked":"Sozu"}],"items_purged_floors":[],"is_endless":false,"potions_floor_spawned":[6,8,10,14,16,21,22,29],"killed_by":"Collector","ascension_level":20}