{"gold_per_floor":[110,29,79,94,105,105,139,156,182,229,254,266,292,323,335,421,433,456,126,157,188,206,256,256,289,289,289,343,343,381,122,122,199,199,234,29,39,39,69,69,120,138,138,138,238,264,2,2,2,2,42,42,42,5,32,32],"floor_reached":57,"playtime":8903,"items_purged":["Infinite Blades+1","Strike_G"],"score":2878,"play_id":"40a79876-1815-4ab1-9110-f9115d156d36","local_time":"20190725113644","is_ascension_mode":true,"campfire_choices":[{"data":"Noxious Fumes","floor":6.0,"key":"SMITH"},{"floor":12.0,"key":"REST"},{"data":"Well Laid Plans","floor":15.0,"key":"SMITH"},{"floor":24,"key":"REST"},{"data":"Malaise","floor":27,"key":"SMITH"},{"data":"Wraith Form v2","floor":29,"key":"SMITH"},{"data":"Catalyst","floor":32,"key":"SMITH"},{"data":"Leg Sweep","floor":40,"key":"SMITH"},{"floor":44,"key":"RECALL"},{"data":"Footwork","floor":49,"key":"SMITH"},{"floor":53,"key":"REST"}],"neow_cost":"NONE","seed_source_timestamp":469108680995813,"circlet_count":0,"master_deck":["AscendersBane","Strike_G","Defend_G","Defend_G","Defend_G","Defend_G","Survivor","Neutralize","Catalyst+1","Night Terror+1","Sucker Punch","Noxious Fumes+1","Dash","Poisoned Stab","Blur","Deadly Poison","Well Laid Plans+1","Wraith Form v2+1","HandOfGreed","Riddle With Holes","PiercingWail+1","Backflip","Malaise+1","Predator","Predator","Catalyst+1","Night Terror","Footwork+1","Leg Sweep+1","Leg Sweep","Noxious Fumes","Caltrops","Crippling Poison"],"special_seed":0,"relics":["Astrolabe","Orichalcum","MawBank","Omamori","Snecko Eye","PreservedInsect","Singing Bowl","Meat on the Bone","HoveringKite","Happy Flower","Potion Belt","Mango","Smiling Mask","Bottled Lightning","Gremlin Horn"],"potions_floor_usage":[23,51,51,56,56],"damage_taken":[{"damage":8.0,"enemies":"2 Louse","floor":1.0,"turns":4.0},{"damage":0.0,"enemies":"Cultist","floor":4.0,"turns":3.0},{"damage":4.0,"enemies":"Jaw Worm","floor":5.0,"turns":5.0},{"damage":23.0,"enemies":"Gremlin Nob","floor":7.0,"turns":4.0},{"damage":0.0,"enemies":"Blue Slaver","floor":8.0,"turns":5.0},{"damage":7.0,"enemies":"Lagavulin","floor":10.0,"turns":5.0},{"damage":12.0,"enemies":"Large Slime","floor":11.0,"turns":3.0},{"damage":1.0,"enemies":"Looter","floor":13.0,"turns":3.0},{"damage":13.0,"enemies":"2 Fungi Beasts","floor":14.0,"turns":4.0},{"damage":9.0,"enemies":"Hexaghost","floor":16.0,"turns":9.0},{"damage":4.0,"enemies":"3 Byrds","floor":18.0,"turns":5.0},{"damage":0.0,"enemies":"Spheric Guardian","floor":20.0,"turns":8.0},{"damage":9.0,"enemies":"3 Cultists","floor":21.0,"turns":6.0},{"damage":12.0,"enemies":"Snake Plant","floor":22.0,"turns":5.0},{"damage":31,"enemies":"Slavers","floor":23,"turns":7},{"damage":0,"enemies":"Gremlin Leader","floor":25,"turns":5},{"damage":0,"enemies":"Centurion and Healer","floor":28,"turns":8},{"damage":5,"enemies":"Sentry and Sphere","floor":30,"turns":8},{"damage":5,"enemies":"Champ","floor":33,"turns":5},{"damage":7,"enemies":"3 Shapes","floor":35,"turns":6},{"damage":0,"enemies":"Orb Walker","floor":37,"turns":4},{"damage":11,"enemies":"3 Darklings","floor":39,"turns":5},{"damage":41,"enemies":"Nemesis","floor":41,"turns":7},{"damage":0,"enemies":"Transient","floor":42,"turns":6},{"damage":0,"enemies":"Mind Bloom Boss Battle","floor":45,"turns":6},{"damage":0,"enemies":"Giant Head","floor":46,"turns":5},{"damage":26,"enemies":"Donu and Deca","floor":50,"turns":10},{"damage":14,"enemies":"Awakened One","floor":51,"turns":17},{"damage":0,"enemies":"Shield and Spear","floor":55,"turns":4},{"damage":76,"enemies":"The Heart","floor":56,"turns":11}],"seed_played":"7169501862721657717","potions_obtained":[{"floor":4.0,"key":"SteroidPotion"},{"floor":5.0,"key":"GamblersBrew"},{"floor":7.0,"key":"SteroidPotion"},{"floor":13.0,"key":"FairyPotion"},{"floor":22.0,"key":"GhostInAJar"},{"floor":23,"key":"Ancient Potion"},{"floor":33,"key":"GamblersBrew"},{"floor":45,"key":"Regen Potion"},{"floor":46,"key":"Dexterity Potion"}],"is_trial":false,"path_per_floor":["M","$","?","M","M","R","E","M","T","E","M","R","M","M","R","B",null,"M","$","M","M","M","E","R","E","T","R","M","R","M","$","R","B",null,"M","$","M","?","M","R","E","M","T","R","?","E","$","?","R","B","B",null,"R","$","E","B",null],"character_chosen":"THE_SILENT","items_purchased":["Noxious Fumes","HandOfGreed","Riddle With Holes","Predator","Catalyst","Footwork","Happy Flower","Bottled Lightning","Caltrops"],"campfire_rested":3,"item_purchase_floors":[2,19,19,31,31,36,36,47,54],"current_hp_per_floor":[51,51,51,51,47,47,24,24,24,17,5,24,23,10,10,1,50,46,46,46,37,25,6,25,25,25,25,37,37,46,46,46,41,61,56,56,58,58,47,47,20,34,34,34,60,60,60,60,60,46,47,76,86,86,86,22],"gold":32,"neow_bonus":"BOSS_RELIC","is_prod":false,"is_daily":false,"chose_seed":false,"campfire_upgraded":7,"win_rate":0,"timestamp":1564043804,"path_taken":["M","$","?","M","M","R","E","M","T","E","M","R","M","M","R","BOSS","M","$","M","M","?","E","R","E","T","R","M","R","M","?","R","BOSS","M","$","M","?","M","R","E","M","T","R","?","E","$","?","R","BOSS","BOSS","R","$","E","BOSS"],"build_version":"2019-07-17","purchased_purges":2,"victory":true,"max_hp_per_floor":[66,66,66,66,66,66,66,66,66,66,66,66,66,66,66,66,66,66,66,66,66,66,66,66,66,66,66,66,66,68,68,68,68,68,70,70,72,68,68,68,70,72,72,72,86,86,86,86,86,86,86,86,86,86,86,86],"card_choices":[{"not_picked":["Flying Knee","Finisher"],"picked":"Sucker Punch","floor":1.0},{"not_picked":["Infinite Blades","Bane"],"picked":"Dash","floor":4.0},{"not_picked":["Heel Hook","Sucker Punch"],"picked":"Poisoned Stab","floor":5.0},{"not_picked":["Eviscerate","Dagger Spray"],"picked":"Blur","floor":7.0},{"not_picked":["Predator","Deflect"],"picked":"Deadly Poison","floor":8.0},{"not_picked":["Poisoned Stab","Setup"],"picked":"Well Laid Plans","floor":10.0},{"not_picked":["Sucker Punch","Underhanded Strike","Finisher"],"picked":"SKIP","floor":11.0},{"not_picked":["Storm of Steel","Flying Knee","Underhanded Strike"],"picked":"SKIP","floor":13.0},{"not_picked":["Blade Dance","Endless Agony","Outmaneuver"],"picked":"SKIP","floor":14.0},{"not_picked":["Grand Finale","Burst"],"picked":"Wraith Form v2","floor":16.0},{"not_picked":["Escape Plan","Backstab","Slice+1"],"picked":"SKIP","floor":18.0},{"not_picked":["Cloak And Dagger+1","Blade Dance+1"],"picked":"PiercingWail+1","floor":20.0},{"not_picked":["Reflex","Tactician","All Out Attack"],"picked":"SKIP","floor":21.0},{"not_picked":["Deadly Poison","Caltrops"],"picked":"Backflip","floor":22.0},{"not_picked":["Underhanded Strike","Cloak And Dagger","Slice"],"picked":"SKIP","floor":23},{"not_picked":["Outmaneuver","Concentrate"],"picked":"Malaise","floor":25},{"not_picked":["Poisoned Stab","Reflex"],"picked":"Predator","floor":28},{"not_picked":["Deflect","Flechettes","Skewer"],"picked":"Singing Bowl","floor":30},{"not_picked":["Phantasmal Killer","Storm of Steel"],"picked":"Night Terror","floor":33},{"not_picked":["Outmaneuver+1","Underhanded Strike","Deflect"],"picked":"Singing Bowl","floor":35},{"not_picked":["Reflex+1","Escape Plan+1","Distraction"],"picked":"Singing Bowl","floor":37},{"not_picked":["Bane","Prepared"],"picked":"Leg Sweep","floor":39},{"not_picked":["Dagger Spray+1","Flying Knee","Escape Plan+1"],"picked":"Singing Bowl","floor":41},{"not_picked":["Prepared+1","Infinite Blades","Expertise"],"picked":"Singing Bowl","floor":42},{"not_picked":["Infinite Blades","Heel Hook"],"picked":"Leg Sweep","floor":45},{"not_picked":["Blade Dance+1","Doppelganger"],"picked":"Noxious Fumes","floor":46},{"not_picked":["Dagger Spray","Deflect+1"],"picked":"Crippling Poison","floor":55}],"player_experience":961276,"relics_obtained":[{"floor":7.0,"key":"Orichalcum"},{"floor":9.0,"key":"MawBank"},{"floor":10.0,"key":"Omamori"},{"floor":23,"key":"PreservedInsect"},{"floor":25,"key":"Singing Bowl"},{"floor":26,"key":"Meat on the Bone"},{"floor":41,"key":"Potion Belt"},{"floor":45,"key":"Mango"},{"floor":46,"key":"Smiling Mask"},{"floor":55,"key":"Gremlin Horn"}],"event_choices":[{"damage_healed":0.0,"max_hp_gain":0.0,"max_hp_loss":0.0,"gold_gain":50.0,"event_name":"Golden Shrine","player_choice":"Pray","floor":3.0,"gold_loss":0.0,"damage_taken":0.0},{"damage_healed":0,"gold_gain":0,"player_choice":"Max HP","damage_taken":0,"max_hp_gain":0,"max_hp_loss":4,"event_name":"Winding Halls","floor":38,"gold_loss":0},{"damage_healed":0,"gold_gain":0,"player_choice":"Fight","damage_taken":0,"max_hp_gain":0,"max_hp_loss":0,"event_name":"MindBloom","floor":45,"gold_loss":0},{"cards_removed":["Defend_G"],"damage_healed":0,"gold_gain":0,"player_choice":"Removed Skill","damage_taken":0,"max_hp_gain":0,"max_hp_loss":0,"event_name":"Falling","floor":48,"gold_loss":0}],"is_beta":false,"boss_relics":[{"not_picked":["Ectoplasm","Empty Cage"],"picked":"Snecko Eye"},{"not_picked":["WristBlade","Busted Crown"],"picked":"HoveringKite"}],"items_purged_floors":[19,31],"is_endless":false,"potions_floor_spawned":[4,5,7,13,14,20,22,23,33,35,45,46],"ascension_level":20}