{"gold_per_floor":[114,133,133,5,5,43,43,87,87,87,126,145,185,185,185,278,278,297,312,312,335,27,67,67,87,87,87,111,152,152,185,185,281,281,305,320,153,28,48,48,88,88,88,7,76,120,120,160,160,160,160],"floor_reached":51,"playtime":6549,"items_purged":["Strike_R","Strike_R"],"score":1609,"play_id":"47504c47-638a-4efb-a822-fc6939bba330","local_time":"20190720202151","is_ascension_mode":true,"campfire_choices":[{"data":"Bludgeon","floor":7.0,"key":"SMITH"},{"floor":10.0,"key":"REST"},{"data":"Bash","floor":15.0,"key":"SMITH"},{"floor":24.0,"key":"REST"},{"floor":30.0,"key":"REST"},{"floor":32.0,"key":"REST"},{"floor":40.0,"key":"RECALL"},{"floor":42.0,"key":"REST"},{"floor":49.0,"key":"REST"}],"neow_cost":"NONE","seed_source_timestamp":70780105558768,"circlet_count":0,"master_deck":["AscendersBane","Defend_R","Defend_R","Defend_R","Defend_R","Bash+1","Bludgeon+1","Battle Trance","Headbutt","Headbutt","Cleave","Anger","Carnage","Shrug It Off","Fiend Fire","Inflame+1","Seeing Red","Demon Form+1","Corruption+1","Pommel Strike+1","Flame Barrier","Shockwave","Rage","Heavy Blade+1","Armaments","Entrench","Spot Weakness","Impervious","Spot Weakness+1","Carnage+1","Wild Strike+1","Sword Boomerang","Body Slam+1","Armaments","Dropkick","Ghostly Armor+1","Battle Trance","Flame Barrier","Flame Barrier","Thinking Ahead","Dark Shackles","Chrysalis","Pommel Strike+1"],"special_seed":0,"relics":["Orrery","Matryoshka","Golden Idol","Boot","Happy Flower","Lantern","Frozen Egg 2","Mango","Question Card","Juzu Bracelet","Kunai","Fusion Hammer","Bag of Marbles","Red Skull","Shuriken","StoneCalendar","Incense Burner","Astrolabe","Vajra","Dodecahedron","Magic Flower","Orichalcum","Molten Egg 2"],"potions_floor_usage":[],"damage_taken":[{"damage":7.0,"enemies":"2 Louse","floor":1.0,"turns":3.0},{"damage":0.0,"enemies":"Small Slimes","floor":2.0,"turns":2.0},{"damage":20.0,"enemies":"Lagavulin","floor":6.0,"turns":4.0},{"damage":8.0,"enemies":"Gremlin Nob","floor":8.0,"turns":3.0},{"damage":15.0,"enemies":"Lagavulin","floor":11.0,"turns":3.0},{"damage":7.0,"enemies":"Jaw Worm","floor":12.0,"turns":2.0},{"damage":8.0,"enemies":"Gremlin Nob","floor":13.0,"turns":3.0},{"damage":11.0,"enemies":"The Guardian","floor":16.0,"turns":7.0},{"damage":24.0,"enemies":"2 Thieves","floor":18.0,"turns":4.0},{"damage":0.0,"enemies":"Spheric Guardian","floor":19.0,"turns":3.0},{"damage":0.0,"enemies":"Centurion and Healer","floor":21.0,"turns":3.0},{"damage":14.0,"enemies":"Book of Stabbing","floor":23.0,"turns":2.0},{"damage":14.0,"enemies":"3 Cultists","floor":25.0,"turns":4.0},{"damage":18.0,"enemies":"Snake Plant","floor":28.0,"turns":3.0},{"damage":34.0,"enemies":"Slavers","floor":29.0,"turns":4.0},{"damage":18.0,"enemies":"Book of Stabbing","floor":31.0,"turns":4.0},{"damage":12.0,"enemies":"Champ","floor":33.0,"turns":8.0},{"damage":0.0,"enemies":"3 Shapes","floor":35.0,"turns":3.0},{"damage":0.0,"enemies":"Orb Walker","floor":36.0,"turns":2.0},{"damage":0.0,"enemies":"3 Darklings","floor":39.0,"turns":3.0},{"damage":7.0,"enemies":"Giant Head","floor":41.0,"turns":5.0},{"damage":11.0,"enemies":"2 Orb Walkers","floor":45.0,"turns":3.0},{"damage":13.0,"enemies":"Nemesis","floor":46.0,"turns":7.0},{"damage":67.0,"enemies":"Giant Head","floor":48.0,"turns":8.0},{"damage":51,"enemies":"Awakened One","floor":50,"turns":11},{"damage":36,"enemies":"Donu and Deca","floor":51,"turns":6}],"seed_played":"-8162557100646837209","potions_obtained":[{"floor":1.0,"key":"EntropicBrew"},{"floor":2.0,"key":"Energy Potion"},{"floor":11.0,"key":"EssenceOfSteel"},{"floor":19.0,"key":"Energy Potion"},{"floor":23.0,"key":"Strength Potion"},{"floor":25.0,"key":"Regen Potion"},{"floor":33.0,"key":"Regen Potion"},{"floor":48.0,"key":"Strength Potion"}],"is_trial":false,"path_per_floor":["M","M","?","$","?","E","R","E","T","R","E","M","E","T","R","B",null,"M","M","$","M","$","E","R","M","T","?","M","E","R","E","R","B",null,"M","M","$","$","M","R","E","R","T","$","?","E","?","E","R","B","B"],"character_chosen":"IRONCLAD","items_purchased":["Shrug It Off","Bag of Marbles","Shockwave","Strength Potion","Vajra","Armaments","Battle Trance"],"campfire_rested":6,"item_purchase_floors":[4,22,22,22,37,38,44],"current_hp_per_floor":[61,61,50,50,50,30,30,22,22,42,41,34,26,26,26,15,65,41,41,41,41,41,27,51,37,37,92,74,40,67,49,76,64,85,85,85,85,85,85,85,78,92,92,92,81,68,58,53,80,29,0],"gold":160,"neow_bonus":"BOSS_RELIC","is_prod":false,"is_daily":false,"chose_seed":false,"campfire_upgraded":2,"win_rate":0,"timestamp":1563643311,"path_taken":["M","M","?","$","?","E","R","E","T","R","E","M","E","?","R","BOSS","M","M","$","M","$","E","R","M","T","?","M","E","R","E","R","BOSS","M","M","?","$","M","R","E","R","T","$","?","E","?","E","R","BOSS","BOSS"],"build_version":"2019-07-17","purchased_purges":2,"victory":false,"max_hp_per_floor":[75,75,75,75,68,68,68,68,68,68,82,82,82,82,82,82,82,82,82,82,82,82,82,82,82,82,92,92,92,92,92,92,92,92,92,92,92,92,92,92,92,92,92,92,92,92,92,92,92,92,92],"card_choices":[{"not_picked":["Cleave","Clash"],"picked":"Bludgeon","floor":0.0},{"not_picked":["Warcry","Burning Pact"],"picked":"Battle Trance","floor":0.0},{"not_picked":["True Grit","Clash"],"picked":"Headbutt","floor":0.0},{"not_picked":["Rage","Battle Trance"],"picked":"Headbutt","floor":0.0},{"not_picked":["True Grit","Reckless Charge"],"picked":"Cleave","floor":0.0},{"not_picked":["Twin Strike","Flex"],"picked":"Anger","floor":1.0},{"not_picked":["Second Wind","Disarm"],"picked":"Carnage","floor":2.0},{"not_picked":["Twin Strike","Cleave","Whirlwind"],"picked":"SKIP","floor":6.0},{"not_picked":["Second Wind","Iron Wave"],"picked":"Fiend Fire","floor":8.0},{"not_picked":["Infernal Blade","Carnage"],"picked":"Bludgeon","floor":11.0},{"not_picked":["Anger","Burning Pact"],"picked":"Inflame+1","floor":12.0},{"not_picked":["Pommel Strike","Iron Wave"],"picked":"Seeing Red","floor":13.0},{"not_picked":["Offering","Dark Embrace+1","Barricade+1"],"picked":"Demon Form+1","floor":16.0},{"not_picked":["Infernal Blade","Shockwave+1","Headbutt"],"picked":"Corruption+1","floor":18.0},{"not_picked":["Perfected Strike","Whirlwind","Warcry"],"picked":"Pommel Strike+1","floor":19.0},{"not_picked":["Sever Soul","Blood for Blood","Demon Form+1"],"picked":"Flame Barrier","floor":21.0},{"not_picked":["Dropkick","Hemokinesis+1","Perfected Strike+1"],"picked":"Rage","floor":23.0},{"not_picked":["Warcry","Hemokinesis","Wild Strike"],"picked":"Heavy Blade+1","floor":25.0},{"not_picked":["Sword Boomerang+1","Rampage","True Grit"],"picked":"Armaments","floor":28.0},{"not_picked":["Inflame+1","Seeing Red","Perfected Strike"],"picked":"Entrench","floor":29.0},{"not_picked":["Iron Wave","Pummel","Body Slam"],"picked":"Spot Weakness","floor":31.0},{"not_picked":["Exhume","Brutality+1","Offering"],"picked":"Impervious","floor":33.0},{"not_picked":["Heavy Blade","Clothesline","Juggernaut+1"],"picked":"Sword Boomerang","floor":35.0},{"not_picked":["Iron Wave","Clash+1","Heavy Blade"],"picked":"Body Slam+1","floor":36.0},{"not_picked":["Wild Strike+1","Metallicize+1","Hemokinesis+1"],"picked":"Dropkick","floor":39.0},{"not_picked":["Cleave+1","Spot Weakness","True Grit"],"picked":"Ghostly Armor+1","floor":41.0},{"not_picked":["Rage","Shockwave+1","Searing Blow+1"],"picked":"Flame Barrier","floor":45.0},{"not_picked":["Intimidate+1","Sever Soul","Hemokinesis+1"],"picked":"Flame Barrier","floor":46.0},{"not_picked":["Swift Strike","Forethought","Good Instincts"],"picked":"Thinking Ahead","floor":47.0},{"not_picked":["Flash of Steel","Bandage Up","Secret Technique"],"picked":"Dark Shackles","floor":47.0},{"not_picked":["Bandage Up","PanicButton","Secret Technique"],"picked":"Chrysalis","floor":47.0},{"not_picked":["Anger","Rage","Cleave"],"picked":"Pommel Strike","floor":48.0}],"player_experience":826695,"relics_obtained":[{"floor":6.0,"key":"Boot"},{"floor":8.0,"key":"Happy Flower"},{"floor":9.0,"key":"Lantern"},{"floor":9.0,"key":"Frozen Egg 2"},{"floor":11.0,"key":"Mango"},{"floor":13.0,"key":"Question Card"},{"floor":14.0,"key":"Juzu Bracelet"},{"floor":14.0,"key":"Kunai"},{"floor":23.0,"key":"Red Skull"},{"floor":26.0,"key":"Shuriken"},{"floor":29.0,"key":"StoneCalendar"},{"floor":31.0,"key":"Incense Burner"},{"floor":41.0,"key":"Dodecahedron"},{"floor":45.0,"key":"Magic Flower"},{"floor":46.0,"key":"Orichalcum"},{"floor":48.0,"key":"Molten Egg 2"}],"event_choices":[{"damage_healed":0.0,"max_hp_gain":0.0,"max_hp_loss":0.0,"gold_gain":0.0,"event_name":"Scrap Ooze","player_choice":"Success","floor":3.0,"gold_loss":0.0,"damage_taken":11.0,"relics_obtained":["Matryoshka"]},{"damage_healed":0.0,"max_hp_gain":0.0,"max_hp_loss":7.0,"gold_gain":0.0,"event_name":"Golden Idol","player_choice":"Lose Max HP","floor":5.0,"gold_loss":0.0,"damage_taken":0.0,"relics_obtained":["Golden Idol"]},{"cards_removed":["Bludgeon"],"damage_healed":45.0,"max_hp_gain":10.0,"max_hp_loss":0.0,"gold_gain":0.0,"event_name":"Bonfire Elementals","player_choice":"Offered Rare","floor":27.0,"gold_loss":0.0,"damage_taken":0.0},{"damage_healed":0.0,"max_hp_gain":0.0,"max_hp_loss":0.0,"gold_gain":0.0,"event_name":"Mysterious Sphere","player_choice":"Fight","floor":45.0,"gold_loss":0.0,"damage_taken":0.0},{"damage_healed":0.0,"max_hp_gain":0.0,"max_hp_loss":0.0,"gold_gain":0.0,"event_name":"SensoryStone","player_choice":"Memory 3","floor":47.0,"gold_loss":0.0,"damage_taken":10.0}],"is_beta":false,"boss_relics":[{"not_picked":["Mark of Pain","Cursed Key"],"picked":"Fusion Hammer"},{"not_picked":["Pandora\u0027s Box","Runic Dome"],"picked":"Astrolabe"}],"items_purged_floors":[4,38],"is_endless":false,"potions_floor_spawned":[1,2,11,19,23,25,33,41,45,48],"killed_by":"Donu and Deca","ascension_level":20}