{"gold_per_floor":[114,134,161,1,17,52,52,83,83,83,83,94,94,125,125,201,201,218,218,2,2,2,29,29,29,59,77,105,105,124,153,153,226,226,243,257,257,268,268,299,299,324,370,370,370,390,407,440,440,440,440,440,166,193,193],"floor_reached":56,"playtime":7170,"items_purged":["Strike_G","Slice"],"score":2064,"play_id":"4ce7c485-933f-4d1b-8662-bb9f2e3eccd1","local_time":"20190624024048","is_ascension_mode":true,"campfire_choices":[{"data":"Noxious Fumes","floor":7.0,"key":"SMITH"},{"floor":10.0,"key":"REST"},{"data":"Neutralize","floor":15.0,"key":"SMITH"},{"data":"Footwork","floor":24.0,"key":"SMITH"},{"data":"Dash","floor":29.0,"key":"SMITH"},{"data":"Well Laid Plans","floor":32.0,"key":"SMITH"},{"data":"Well Laid Plans","floor":41.0,"key":"SMITH"},{"floor":49.0,"key":"RECALL"},{"data":"Dash","floor":52.0,"key":"SMITH"}],"neow_cost":"NONE","seed_source_timestamp":938484655992199,"circlet_count":0,"master_deck":["AscendersBane","Defend_G","Defend_G+1","Defend_G+1","Defend_G+1","Defend_G+1","Strike_G+1","Strike_G+1","Survivor","Neutralize+1","Well Laid Plans+1","Dagger Spray","Well Laid Plans+1","Corpse Explosion","Noxious Fumes+1","Terror","Cloak And Dagger+1","Outmaneuver+1","Die Die Die","Concentrate+1","Necronomicurse","Footwork+1","PiercingWail+1","All Out Attack","Sucker Punch","Dodge and Roll+1","Dash+1","Dash+1","Backflip+1","Night Terror+1","Leg Sweep+1","Deflect+1","Caltrops+1","Dark Shackles+1","Flash of Steel","Bouncing Flask+1","Prepared+1","Deflect+1","Deflect+1"],"special_seed":0,"relics":["Ring of the Snake","Lantern","Centennial Puzzle","Whetstone","Meat on the Bone","Toxic Egg 2","Dream Catcher","Coffee Dripper","Necronomicon","Pantograph","Tiny Chest","Letter Opener","Bottled Tornado","Sozu","Strawberry","Anchor","Bronze Scales","Ornamental Fan","War Paint","Pen Nib","Kunai"],"potions_floor_usage":[],"damage_taken":[{"damage":2.0,"enemies":"Cultist","floor":1.0,"turns":4.0},{"damage":1.0,"enemies":"Small Slimes","floor":2.0,"turns":4.0},{"damage":7.0,"enemies":"Jaw Worm","floor":5.0,"turns":3.0},{"damage":19.0,"enemies":"3 Sentries","floor":6.0,"turns":3.0},{"damage":16.0,"enemies":"Gremlin Nob","floor":8.0,"turns":4.0},{"damage":0.0,"enemies":"Large Slime","floor":12.0,"turns":4.0},{"damage":7.0,"enemies":"3 Sentries","floor":14.0,"turns":4.0},{"damage":45.0,"enemies":"Slime Boss","floor":16.0,"turns":8.0},{"damage":16.0,"enemies":"Spheric Guardian","floor":18.0,"turns":6.0},{"damage":8.0,"enemies":"Book of Stabbing","floor":23.0,"turns":4.0},{"damage":6.0,"enemies":"Shell Parasite","floor":27.0,"turns":4.0},{"damage":6.0,"enemies":"Slavers","floor":28.0,"turns":2.0},{"damage":2.0,"enemies":"Chosen and Byrds","floor":30.0,"turns":6.0},{"damage":0.0,"enemies":"Gremlin Leader","floor":31.0,"turns":6.0},{"damage":7.0,"enemies":"Automaton","floor":33.0,"turns":9.0},{"damage":0.0,"enemies":"3 Shapes","floor":35.0,"turns":1.0},{"damage":3.0,"enemies":"Orb Walker","floor":36.0,"turns":4.0},{"damage":39.0,"enemies":"Writhing Mass","floor":38.0,"turns":10.0},{"damage":17.0,"enemies":"Nemesis","floor":40.0,"turns":9.0},{"damage":0.0,"enemies":"Giant Head","floor":42.0,"turns":9.0},{"damage":0.0,"enemies":"3 Darklings","floor":46.0,"turns":4.0},{"damage":2.0,"enemies":"Jaw Worm Horde","floor":47.0,"turns":5.0},{"damage":0.0,"enemies":"Nemesis","floor":48.0,"turns":9.0},{"damage":20.0,"enemies":"Awakened One","floor":50.0,"turns":18.0},{"damage":32.0,"enemies":"Shield and Spear","floor":54.0,"turns":5.0},{"damage":42,"enemies":"The Heart","floor":55,"turns":12}],"seed_played":"-7588381634276546484","potions_obtained":[{"floor":5.0,"key":"Strength Potion"},{"floor":6.0,"key":"Fire Potion"},{"floor":8.0,"key":"Regen Potion"},{"floor":14.0,"key":"GhostInAJar"},{"floor":27.0,"key":"Strength Potion"},{"floor":31.0,"key":"Fire Potion"},{"floor":33.0,"key":"EntropicBrew"}],"is_trial":false,"path_per_floor":["M","M","T","$","M","E","R","E","T","R","?","M","?","E","R","B",null,"M","?","$","?","?","E","R","$","T","M","E","R","M","E","R","B",null,"M","M","?","M","$","E","R","E","T","?","T","M","M","E","R","B",null,"R","$","E","B",null],"character_chosen":"THE_SILENT","items_purchased":["Well Laid Plans","Corpse Explosion","Footwork","PiercingWail+1","SteroidPotion","Deflect+1","Pen Nib"],"campfire_rested":1,"item_purchase_floors":[4,4,20,20,20,53,53],"current_hp_per_floor":[61,60,60,60,53,34,34,18,18,39,25,37,60,53,53,20,58,42,26,26,26,13,17,17,17,17,23,29,29,39,39,39,57,71,71,68,75,48,48,43,43,43,43,33,33,45,43,43,43,48,74,74,74,42,37],"gold":193,"neow_bonus":"RANDOM_COMMON_RELIC","is_prod":false,"is_daily":false,"chose_seed":false,"campfire_upgraded":7,"win_rate":0,"timestamp":1561333248,"path_taken":["M","M","?","$","?","E","R","E","T","R","?","M","?","E","R","BOSS","M","?","$","?","?","E","R","?","T","?","E","R","M","E","R","BOSS","M","M","?","?","$","E","R","E","T","?","?","M","M","E","R","BOSS","R","$","E","BOSS"],"build_version":"2019-01-23","purchased_purges":2,"victory":true,"max_hp_per_floor":[70,70,70,70,70,70,70,70,70,70,70,70,70,70,70,70,70,70,70,70,70,75,75,75,75,75,75,75,75,75,75,75,75,75,75,75,82,82,82,82,82,82,82,82,82,82,82,82,82,82,82,82,82,82,82],"card_choices":[{"not_picked":["Prepared","Deflect"],"picked":"Well Laid Plans","floor":1.0},{"not_picked":["Slice","Distraction"],"picked":"Dagger Spray","floor":2.0},{"not_picked":["Wraith Form v2","Cloak And Dagger"],"picked":"Noxious Fumes","floor":5.0},{"not_picked":["Reflex","Grand Finale"],"picked":"Slice","floor":6.0},{"not_picked":["Distraction","Backflip"],"picked":"Terror","floor":8.0},{"not_picked":["Accuracy","Underhanded Strike"],"picked":"Cloak And Dagger+1","floor":12.0},{"not_picked":["Slice","Eviscerate"],"picked":"Outmaneuver+1","floor":14.0},{"not_picked":["Storm of Steel+1","Envenom"],"picked":"Die Die Die","floor":16.0},{"not_picked":["Prepared+1","Blade Dance+1"],"picked":"Concentrate+1","floor":18.0},{"not_picked":["Slice+1","Catalyst+1"],"picked":"Dodge and Roll+1","floor":23.0},{"not_picked":["Deadly Poison+1","Sucker Punch"],"picked":"Dash","floor":27.0},{"not_picked":["Endless Agony","Accuracy","Dagger Spray"],"picked":"SKIP","floor":28.0},{"not_picked":["Cloak And Dagger+1","Dagger Throw"],"picked":"Dash","floor":30.0},{"not_picked":["Deadly Poison+1","Storm of Steel+1"],"picked":"Backflip+1","floor":31.0},{"not_picked":["Glass Knife","Wraith Form v2"],"picked":"Night Terror+1","floor":33.0},{"not_picked":["Infinite Blades","Heel Hook","Cloak And Dagger+1"],"picked":"SKIP","floor":35.0},{"not_picked":["Flying Knee","Blade Dance+1"],"picked":"Leg Sweep+1","floor":36.0},{"not_picked":["Dagger Spray","Cloak And Dagger+1","Flechettes"],"picked":"SKIP","floor":38.0},{"not_picked":["Masterful Stab","Dagger Spray+1"],"picked":"Deflect+1","floor":40.0},{"not_picked":["Finisher","Sucker Punch+1"],"picked":"Caltrops+1","floor":42.0},{"not_picked":["HandOfGreed","Magnetism"],"picked":"Dark Shackles+1","floor":44.0},{"not_picked":["Jack Of All Trades+1","Trip+1"],"picked":"Flash of Steel","floor":44.0},{"not_picked":["Quick Slash","Infinite Blades+1"],"picked":"Bouncing Flask+1","floor":46.0},{"not_picked":["Outmaneuver+1","Predator+1"],"picked":"Prepared+1","floor":47.0},{"not_picked":["Infinite Blades","Quick Slash","Dagger Spray"],"picked":"SKIP","floor":48.0},{"not_picked":["Dagger Throw","Sucker Punch"],"picked":"Deflect+1","floor":54.0}],"player_experience":472585,"relics_obtained":[{"floor":3.0,"key":"Centennial Puzzle"},{"floor":6.0,"key":"Whetstone"},{"floor":8.0,"key":"Meat on the Bone"},{"floor":9.0,"key":"Toxic Egg 2"},{"floor":14.0,"key":"Dream Catcher"},{"floor":19.0,"key":"Necronomicon"},{"floor":23.0,"key":"Pantograph"},{"floor":26.0,"key":"Tiny Chest"},{"floor":28.0,"key":"Letter Opener"},{"floor":31.0,"key":"Bottled Tornado"},{"floor":40.0,"key":"Anchor"},{"floor":42.0,"key":"Bronze Scales"},{"floor":45.0,"key":"Ornamental Fan"},{"floor":48.0,"key":"War Paint"},{"floor":54.0,"key":"Kunai"}],"event_choices":[{"damage_healed":0.0,"max_hp_gain":0.0,"max_hp_loss":0.0,"gold_gain":0.0,"event_name":"Shining Light","player_choice":"Entered Light","floor":11.0,"gold_loss":0.0,"damage_taken":14.0,"cards_upgraded":["Defend_G","Defend_G"]},{"damage_healed":23.0,"max_hp_gain":0.0,"max_hp_loss":0.0,"gold_gain":0.0,"event_name":"Big Fish","player_choice":"Banana","floor":13.0,"gold_loss":0.0,"damage_taken":0.0},{"damage_healed":0.0,"max_hp_gain":0.0,"max_hp_loss":0.0,"gold_gain":0.0,"event_name":"Cursed Tome","player_choice":"Obtained Book","floor":19.0,"gold_loss":0.0,"damage_taken":16.0},{"damage_healed":0.0,"max_hp_gain":0.0,"max_hp_loss":0.0,"gold_gain":0.0,"cards_transformed":["Strike_G","Strike_G"],"event_name":"Drug Dealer","player_choice":"Became Test Subject","floor":21.0,"gold_loss":0.0,"damage_taken":0.0,"cards_obtained":["All Out Attack","Sucker Punch"]},{"damage_healed":0.0,"max_hp_gain":5.0,"max_hp_loss":0.0,"gold_gain":0.0,"event_name":"Forgotten Altar","player_choice":"Shed Blood","floor":22.0,"gold_loss":0.0,"damage_taken":18.0},{"damage_healed":0.0,"max_hp_gain":0.0,"max_hp_loss":0.0,"gold_gain":0.0,"event_name":"WeMeetAgain","player_choice":"Gave Potion","floor":37.0,"gold_loss":0.0,"damage_taken":0.0,"relics_obtained":["Strawberry"]},{"damage_healed":0.0,"max_hp_gain":0.0,"max_hp_loss":0.0,"gold_gain":0.0,"event_name":"SensoryStone","player_choice":"Memory 3","floor":44.0,"gold_loss":0.0,"damage_taken":10.0}],"is_beta":false,"boss_relics":[{"not_picked":["Ring of the Serpent","Velvet Choker"],"picked":"Coffee Dripper"},{"not_picked":["Tiny House","Cursed Key"],"picked":"Sozu"}],"items_purged_floors":[20,53],"is_endless":false,"potions_floor_spawned":[5,6,8,14,27,31,33,35,40,46,47],"ascension_level":13}