{"gold_per_floor":[116,132,147,72,91,419,419,419,419,419,429,429,461,473,473,473],"floor_reached":16,"playtime":462,"items_purged":["Strike_R"],"score":137,"play_id":"42508c2f-e1bb-479d-889f-50b2270f7132","local_time":"20190711150113","is_ascension_mode":false,"campfire_choices":[{"floor":7,"key":"REST"},{"floor":10,"key":"REST"},{"floor":12,"key":"REST"},{"floor":15,"key":"REST"}],"neow_cost":"NONE","seed_source_timestamp":1136301361297300,"circlet_count":0,"master_deck":["Strike_R","Strike_R","Strike_R","Defend_R","Defend_R","Defend_R","Defend_R","Bash","Dropkick"],"relics":["Fusion Hammer","Old Coin","Molten Egg 2","Self Forming Clay"],"potions_floor_usage":[6,6,13,16],"damage_taken":[{"damage":1,"enemies":"Cultist","floor":1,"turns":4},{"damage":0,"enemies":"Small Slimes","floor":2,"turns":3},{"damage":1,"enemies":"2 Louse","floor":3,"turns":3},{"damage":16,"enemies":"Red Slaver","floor":5,"turns":4},{"damage":0,"enemies":"Lagavulin","floor":6,"turns":3},{"damage":2,"enemies":"Blue Slaver","floor":11,"turns":2},{"damage":34,"enemies":"3 Sentries","floor":13,"turns":11},{"damage":6,"enemies":"Exordium Thugs","floor":14,"turns":5},{"damage":81,"enemies":"Hexaghost","floor":16,"turns":13}],"seed_played":"4443251626781677783","potions_obtained":[{"floor":3,"key":"SpeedPotion"},{"floor":5,"key":"AttackPotion"},{"floor":6,"key":"Regen Potion"},{"floor":11,"key":"Strength Potion"}],"is_trial":false,"path_per_floor":["M","M","M","$","M","E","R","?","T","R","M","R","E","M","R","B"],"character_chosen":"IRONCLAD","items_purchased":[],"campfire_rested":4,"item_purchase_floors":[],"current_hp_per_floor":[79,79,78,78,62,62,80,80,80,80,78,80,46,40,64,0],"gold":473,"neow_bonus":"BOSS_RELIC","is_prod":false,"is_daily":false,"chose_seed":false,"campfire_upgraded":0,"win_rate":0,"timestamp":1562871673,"path_taken":["M","M","?","$","?","E","R","?","T","R","?","R","E","M","R","BOSS"],"build_version":"2019-07-05","purchased_purges":1,"victory":false,"max_hp_per_floor":[80,80,80,80,80,80,80,80,80,80,80,80,80,80,80,80],"card_choices":[{"not_picked":["Shrug It Off","Clash","Sever Soul"],"picked":"SKIP","floor":1},{"not_picked":["Bloodletting","Pummel"],"picked":"Dropkick","floor":2},{"not_picked":["Pommel Strike","Havoc","Seeing Red"],"picked":"SKIP","floor":3},{"not_picked":["Pommel Strike","Feed","Flex"],"picked":"SKIP","floor":5},{"not_picked":["Pummel","Anger","Armaments"],"picked":"SKIP","floor":6},{"not_picked":["Inflame","Anger+1","Blood for Blood+1"],"picked":"SKIP","floor":11},{"not_picked":["Infernal Blade","Anger+1","Fiend Fire+1"],"picked":"SKIP","floor":13},{"not_picked":["Seeing Red","Sword Boomerang+1","Carnage+1"],"picked":"SKIP","floor":14}],"player_experience":1828478,"relics_obtained":[{"floor":6,"key":"Old Coin"},{"floor":9,"key":"Molten Egg 2"},{"floor":13,"key":"Self Forming Clay"}],"event_choices":[{"cards_removed":["Strike_R"],"damage_healed":0,"gold_gain":0,"player_choice":"Purged","damage_taken":0,"max_hp_gain":0,"max_hp_loss":0,"event_name":"Purifier","floor":8,"gold_loss":0}],"is_beta":false,"boss_relics":[],"items_purged_floors":[4],"is_endless":false,"potions_floor_spawned":[3,5,6,11],"killed_by":"Hexaghost","ascension_level":0}