{"gold_per_floor":[109,119,119,131,150,150,164,192,272,272,272,272,16,42,42,147,147,164,183,194,25,25,55,0,0,300,319,319,244,262,282,282,387,387,404,98,116,127,176,208,227,241,267,299,299,328,328,354,354,354],"floor_reached":51,"playtime":8634,"items_purged":["Strike_R","Defend_R"],"score":847,"play_id":"637a14a8-5c1f-4f4b-9462-36589329a03d","local_time":"20190717220206","is_ascension_mode":false,"campfire_choices":[{"data":"Armaments","floor":6.0,"key":"SMITH"},{"data":"Shrug It Off","floor":10.0,"key":"SMITH"},{"data":"Cleave","floor":12.0,"key":"SMITH"},{"data":"Disarm","floor":15,"key":"SMITH"},{"floor":25,"key":"REST"},{"floor":32,"key":"REST"},{"floor":45,"key":"REST"},{"floor":47,"key":"REST"},{"data":"Demon Form","floor":49,"key":"SMITH"}],"neow_cost":"NONE","seed_source_timestamp":0,"circlet_count":0,"master_deck":["Strike_R+1","Strike_R","Strike_R","Defend_R","Defend_R","Defend_R+1","Bash+1","Ghostly Armor","Clothesline+1","Armaments+1","Cleave+1","Shrug It Off+1","Disarm+1","Spot Weakness+1","Demon Form+1","Anger","Corruption+1","Flex","Master of Strategy","Anger+1","Reaper","Flame Barrier+1","Wild Strike+1","Dark Embrace","Carnage+1","Inflame+1","Flex+1","True Grit+1","Anger","Disarm+1","Headbutt+1","Heavy Blade","Battle Trance","Battle Trance","Headbutt+1","Evolve+1"],"special_seed":0,"relics":["Burning Blood","Whetstone","Ornamental Fan","Bronze Scales","Mango","Black Star","Dream Catcher","Oddly Smooth Stone","Old Coin","Mercury Hourglass","Lizard Tail","Happy Flower","Ginger","Orichalcum","War Paint","Juzu Bracelet","Strawberry","Bottled Lightning","Bird Faced Urn","Ice Cream","Blood Vial","PreservedInsect"],"potions_floor_usage":[18,19,23,30,30,31,33,39,39,44,50,50],"damage_taken":[{"damage":6.0,"enemies":"Jaw Worm","floor":1.0,"turns":3.0},{"damage":3.0,"enemies":"Small Slimes","floor":2.0,"turns":3.0},{"damage":1.0,"enemies":"2 Louse","floor":4.0,"turns":3.0},{"damage":10.0,"enemies":"Large Slime","floor":5.0,"turns":11.0},{"damage":10.0,"enemies":"Looter","floor":7.0,"turns":2.0},{"damage":24.0,"enemies":"Lagavulin","floor":8.0,"turns":9.0},{"damage":10.0,"enemies":"Gremlin Nob","floor":14.0,"turns":4.0},{"damage":46,"enemies":"Slime Boss","floor":16,"turns":14},{"damage":37,"enemies":"2 Thieves","floor":18,"turns":5},{"damage":31,"enemies":"Spheric Guardian","floor":19,"turns":6},{"damage":4,"enemies":"Centurion and Healer","floor":20,"turns":7},{"damage":27,"enemies":"Gremlin Leader","floor":23,"turns":7},{"damage":6,"enemies":"3 Cultists","floor":27,"turns":5},{"damage":19,"enemies":"Sentry and Sphere","floor":30,"turns":4},{"damage":0,"enemies":"Snecko","floor":31,"turns":4},{"damage":52,"enemies":"Collector","floor":33,"turns":8},{"damage":41,"enemies":"3 Darklings","floor":35,"turns":3},{"damage":18,"enemies":"Orb Walker","floor":37,"turns":5},{"damage":38,"enemies":"Maw","floor":38,"turns":9},{"damage":33,"enemies":"2 Orb Walkers","floor":39,"turns":5},{"damage":45,"enemies":"Reptomancer","floor":40,"turns":7},{"damage":21,"enemies":"Jaw Worm Horde","floor":41,"turns":4},{"damage":2,"enemies":"Writhing Mass","floor":42,"turns":7},{"damage":37,"enemies":"Giant Head","floor":44,"turns":8},{"damage":45,"enemies":"Nemesis","floor":46,"turns":7},{"damage":19,"enemies":"Giant Head","floor":48,"turns":7},{"damage":148,"enemies":"Donu and Deca","floor":50,"turns":9}],"seed_played":"-6592081754042024671","potions_obtained":[{"floor":1.0,"key":"Weak Potion"},{"floor":4.0,"key":"Energy Potion"},{"floor":5.0,"key":"Poison Potion"},{"floor":18,"key":"GamblersBrew"},{"floor":23,"key":"Strength Potion"},{"floor":27,"key":"LiquidBronze"},{"floor":30,"key":"AttackPotion"},{"floor":38,"key":"BloodPotion"},{"floor":40,"key":"EssenceOfSteel"},{"floor":42,"key":"BloodPotion"},{"floor":48,"key":"Ancient Potion"}],"is_trial":false,"path_per_floor":["M","M","?","M","M","R","M","E","T","R","?","R","$","E","R","B",null,"M","M","M","$","?","E","?","R","T","M","?","?","M","M","R","B",null,"M","$","M","M","?","E","M","M","T","E","R","E","R","E","R","B",null],"character_chosen":"IRONCLAD","items_purchased":["Disarm","Bronze Scales","Master of Strategy","Happy Flower","PowerPotion"],"campfire_rested":4,"item_purchase_floors":[13,13,21,36,36],"current_hp_per_floor":[88,88,88,88,84,84,80,62,62,62,67,67,67,77,77,37,107,76,51,53,53,31,10,10,43,43,43,43,43,30,38,71,31,112,77,77,65,46,47,20,62,66,66,70,105,66,101,119,119,23],"gold":354,"neow_bonus":"TEN_PERCENT_HP_BONUS","is_prod":false,"is_daily":false,"chose_seed":false,"campfire_upgraded":5,"win_rate":0.0,"timestamp":1563397326,"path_taken":["M","M","?","M","M","R","M","E","T","R","?","R","$","E","R","BOSS","M","M","M","$","?","E","?","R","T","M","?","?","M","M","R","BOSS","M","$","M","M","?","E","M","M","T","E","R","E","R","E","R","BOSS"],"build_version":"2019-07-05","purchased_purges":2,"victory":true,"max_hp_per_floor":[88,88,88,88,88,88,88,88,88,88,93,93,93,107,107,107,107,107,107,107,107,112,112,112,112,112,112,112,112,112,112,112,112,112,112,112,112,112,112,112,112,112,112,119,119,119,119,119,119,119],"card_choices":[{"not_picked":["Heavy Blade","Anger"],"picked":"Ghostly Armor","floor":1.0},{"not_picked":["Dual Wield","Shrug It Off"],"picked":"Clothesline","floor":2.0},{"not_picked":["Searing Blow","Anger"],"picked":"Armaments","floor":4.0},{"not_picked":["Wild Strike","Blood for Blood"],"picked":"Cleave","floor":5.0},{"not_picked":["Pommel Strike","Seeing Red"],"picked":"Shrug It Off","floor":7.0},{"not_picked":["Armaments","Immolate","Demon Form"],"picked":"SKIP","floor":8.0},{"not_picked":["Clash","Hemokinesis"],"picked":"Spot Weakness","floor":14.0},{"not_picked":["Brutality","Berserk"],"picked":"Demon Form","floor":16},{"not_picked":["Entrench+1","True Grit"],"picked":"Anger","floor":18},{"not_picked":["Sword Boomerang+1","Entrench"],"picked":"Corruption+1","floor":19},{"not_picked":["Cleave","Perfected Strike"],"picked":"Flex","floor":20},{"not_picked":["Twin Strike","Havoc+1","Reckless Charge+1"],"picked":"SKIP","floor":23},{"not_picked":["Pummel","Second Wind+1"],"picked":"Anger+1","floor":25},{"not_picked":["Havoc","Cleave+1"],"picked":"Reaper","floor":27},{"not_picked":["Armaments","Twin Strike"],"picked":"Flame Barrier+1","floor":30},{"not_picked":["Cleave","Thunderclap","Body Slam"],"picked":"SKIP","floor":31},{"not_picked":["Cleave","Clash"],"picked":"Wild Strike+1","floor":32},{"not_picked":["Reaper","Impervious"],"picked":"Dark Embrace","floor":33},{"not_picked":["Clothesline+1","Body Slam"],"picked":"Carnage+1","floor":35},{"not_picked":["Clash+1","Flex"],"picked":"Inflame+1","floor":37},{"not_picked":["Combust","Blood for Blood"],"picked":"Flex+1","floor":38},{"not_picked":["Sword Boomerang","Clash+1"],"picked":"True Grit+1","floor":39},{"not_picked":["Havoc","Twin Strike"],"picked":"Anger","floor":40},{"not_picked":["Body Slam+1","True Grit+1"],"picked":"Disarm+1","floor":41},{"not_picked":["Pummel","Spot Weakness"],"picked":"Headbutt+1","floor":42},{"not_picked":["Immolate","Reaper"],"picked":"Heavy Blade","floor":44},{"not_picked":["Clothesline+1","Burning Pact"],"picked":"Battle Trance","floor":45},{"not_picked":["Perfected Strike+1","Armaments+1"],"picked":"Battle Trance","floor":46},{"not_picked":["Cleave","Perfected Strike"],"picked":"Headbutt+1","floor":47},{"not_picked":["Pummel+1","Warcry+1"],"picked":"Evolve+1","floor":48}],"player_experience":317909,"relics_obtained":[{"floor":8.0,"key":"Whetstone"},{"floor":9.0,"key":"Ornamental Fan"},{"floor":14.0,"key":"Mango"},{"floor":23,"key":"Dream Catcher"},{"floor":23,"key":"Oddly Smooth Stone"},{"floor":26,"key":"Old Coin"},{"floor":39,"key":"Ginger"},{"floor":40,"key":"Orichalcum"},{"floor":40,"key":"War Paint"},{"floor":43,"key":"Juzu Bracelet"},{"floor":44,"key":"Strawberry"},{"floor":44,"key":"Bottled Lightning"},{"floor":46,"key":"Bird Faced Urn"},{"floor":46,"key":"Ice Cream"},{"floor":48,"key":"Blood Vial"},{"floor":48,"key":"PreservedInsect"}],"event_choices":[{"damage_healed":0.0,"max_hp_gain":0.0,"max_hp_loss":0.0,"gold_gain":0.0,"event_name":"Living Wall","player_choice":"Grow","floor":3.0,"gold_loss":0.0,"damage_taken":0.0,"cards_upgraded":["Bash"]},{"damage_healed":0.0,"max_hp_gain":5.0,"max_hp_loss":0.0,"gold_gain":0.0,"event_name":"Big Fish","player_choice":"Donut","floor":11.0,"gold_loss":0.0,"damage_taken":0.0},{"damage_healed":0,"gold_gain":0,"player_choice":"Shed Blood","damage_taken":27,"max_hp_gain":5,"max_hp_loss":0,"event_name":"Forgotten Altar","floor":22,"gold_loss":0},{"damage_healed":0,"gold_gain":0,"player_choice":"Paid Fearfully","damage_taken":0,"max_hp_gain":0,"max_hp_loss":0,"event_name":"Masked Bandits","floor":24,"gold_loss":55},{"damage_healed":0,"gold_gain":0,"player_choice":"Opened","damage_taken":0,"relics_obtained":["Mercury Hourglass"],"max_hp_gain":0,"max_hp_loss":0,"event_name":"The Mausoleum","floor":28,"gold_loss":0},{"cards_removed":["Strike_R"],"damage_healed":0,"gold_gain":0,"player_choice":"Gave Gold","damage_taken":0,"max_hp_gain":0,"max_hp_loss":0,"event_name":"Beggar","floor":29,"gold_loss":75},{"damage_healed":0,"gold_gain":0,"player_choice":"Fight","damage_taken":0,"max_hp_gain":0,"max_hp_loss":0,"event_name":"Mysterious Sphere","floor":39,"gold_loss":0}],"is_beta":false,"boss_relics":[{"not_picked":["White Beast Statue","Runic Dome"],"picked":"Black Star"},{"not_picked":["Cursed Key","Eternal Feather"],"picked":"Lizard Tail"}],"items_purged_floors":[13,36],"is_endless":false,"potions_floor_spawned":[1,4,5,18,23,27,30,38,40,42,48],"ascension_level":0}