{"gold_per_floor":[211,15,74,105,139,194,194,260,260,302,347,347,432,432,432,533,533,551,588,603,646,706,706,782,800,800,69,79,79,139,139,139,139],"floor_reached":33,"playtime":4986,"items_purged":["Strike_R"],"score":631,"play_id":"7ac183cc-008a-48ba-8596-37547047966d","local_time":"20190717165203","is_ascension_mode":true,"campfire_choices":[{"data":"HandOfGreed","floor":7.0,"key":"SMITH"},{"floor":12.0,"key":"REST"},{"data":"Warcry","floor":15.0,"key":"SMITH"},{"floor":23.0,"key":"REST"},{"floor":29.0,"key":"REST"},{"floor":32.0,"key":"REST"}],"neow_cost":"NONE","seed_source_timestamp":300872915204390,"circlet_count":0,"master_deck":["AscendersBane","Strike_R","Strike_R","Strike_R","Strike_R","Defend_R","Defend_R","Defend_R","Defend_R","Bash","Havoc","HandOfGreed+1","Carnage","Armaments","Shrug It Off","Uppercut","Headbutt","Fiend Fire","Warcry+1","Immolate","Entrench","Power Through","Sentinel","Flame Barrier","Shockwave","Seeing Red","Headbutt","Havoc","Armaments+1","Shrug It Off+1","Disarm","Shrug It Off","Inflame","Juggernaut","Clothesline+1","Second Wind"],"special_seed":0,"relics":["Burning Blood","Lantern","Prayer Wheel","Bottled Lightning","FaceOfCleric","Philosopher\u0027s Stone","Calipers","Centennial Puzzle","Medical Kit","Mummified Hand","Paper Frog","Ornamental Fan"],"potions_floor_usage":[33],"damage_taken":[{"damage":2.0,"enemies":"Cultist","floor":1.0,"turns":4.0},{"damage":14.0,"enemies":"Small Slimes","floor":3.0,"turns":4.0},{"damage":7.0,"enemies":"Jaw Worm","floor":4.0,"turns":3.0},{"damage":10.0,"enemies":"2 Fungi Beasts","floor":5.0,"turns":5.0},{"damage":39.0,"enemies":"Lagavulin","floor":6.0,"turns":7.0},{"damage":10.0,"enemies":"3 Louse","floor":8.0,"turns":4.0},{"damage":4.0,"enemies":"Exordium Thugs","floor":10.0,"turns":6.0},{"damage":5.0,"enemies":"Gremlin Gang","floor":11.0,"turns":4.0},{"damage":22.0,"enemies":"3 Sentries","floor":13.0,"turns":8.0},{"damage":8.0,"enemies":"Hexaghost","floor":16.0,"turns":9.0},{"damage":39.0,"enemies":"Shell Parasite","floor":18.0,"turns":4.0},{"damage":18.0,"enemies":"Chosen","floor":19.0,"turns":5.0},{"damage":0.0,"enemies":"Snake Plant","floor":20.0,"turns":2.0},{"damage":0.0,"enemies":"Chosen and Byrds","floor":21.0,"turns":3.0},{"damage":14.0,"enemies":"Cultist and Chosen","floor":22.0,"turns":4.0},{"damage":46.0,"enemies":"Slavers","floor":24.0,"turns":6.0},{"damage":0.0,"enemies":"3 Cultists","floor":25.0,"turns":4.0},{"damage":1.0,"enemies":"Snecko","floor":28.0,"turns":5.0},{"damage":40.0,"enemies":"Gremlin Leader","floor":30.0,"turns":7.0},{"damage":54,"enemies":"Collector","floor":33,"turns":8}],"seed_played":"-4447928493929565482","potions_obtained":[{"floor":3.0,"key":"SkillPotion"},{"floor":4.0,"key":"EssenceOfSteel"},{"floor":8.0,"key":"Weak Potion"},{"floor":11.0,"key":"Block Potion"},{"floor":19.0,"key":"FearPotion"},{"floor":20.0,"key":"Ancient Potion"},{"floor":21.0,"key":"Strength Potion"},{"floor":25.0,"key":"LiquidBronze"}],"is_trial":false,"path_per_floor":["M","$","M","M","M","E","R","M","T","M","M","R","E","?","R","B",null,"M","M","M","M","M","R","E","M","T","$","M","R","E","T","R","B"],"character_chosen":"IRONCLAD","items_purchased":["HandOfGreed","Shrug It Off","Inflame","Medical Kit","Mummified Hand","Strength Potion"],"campfire_rested":4,"item_purchase_floors":[2,27,27,27,27,27],"current_hp_per_floor":[72,72,64,63,59,26,26,22,22,24,25,47,31,31,31,30,65,33,22,29,36,29,53,14,21,21,21,27,52,19,19,44,0],"gold":139,"neow_bonus":"HUNDRED_GOLD","is_prod":false,"is_daily":false,"chose_seed":false,"campfire_upgraded":2,"win_rate":0,"timestamp":1563371523,"path_taken":["M","$","?","?","M","E","R","M","T","M","M","R","E","?","R","BOSS","M","M","?","M","M","R","E","M","T","$","M","R","E","?","R","BOSS"],"build_version":"2019-07-05","purchased_purges":1,"victory":false,"max_hp_per_floor":[75,75,75,75,75,75,75,75,75,75,75,75,75,75,75,76,76,77,78,79,80,81,81,82,83,83,83,84,84,85,85,85,85],"card_choices":[{"not_picked":["Flex","True Grit"],"picked":"Havoc","floor":1.0},{"not_picked":["Perfected Strike","Thunderclap"],"picked":"Carnage","floor":3.0},{"not_picked":["Thunderclap","Sever Soul","Perfected Strike"],"picked":"SKIP","floor":4.0},{"not_picked":["Twin Strike","Perfected Strike"],"picked":"Armaments","floor":5.0},{"not_picked":["Clothesline","Anger"],"picked":"Shrug It Off","floor":6.0},{"not_picked":["Sentinel","Inflame"],"picked":"Uppercut","floor":8.0},{"not_picked":["True Grit","Rupture"],"picked":"Headbutt","floor":10.0},{"not_picked":["Dual Wield","True Grit"],"picked":"Fiend Fire","floor":10.0},{"not_picked":["Iron Wave","Anger","Clothesline"],"picked":"SKIP","floor":11.0},{"not_picked":["Iron Wave","Cleave","Wild Strike"],"picked":"SKIP","floor":11.0},{"not_picked":["Bloodletting","True Grit"],"picked":"Warcry","floor":13.0},{"not_picked":["Double Tap","Dark Embrace"],"picked":"Immolate","floor":16.0},{"not_picked":["Shockwave","Wild Strike"],"picked":"Entrench","floor":18.0},{"not_picked":["Headbutt","Pommel Strike+1"],"picked":"Power Through","floor":18.0},{"not_picked":["Sword Boomerang","True Grit"],"picked":"Sentinel","floor":19.0},{"not_picked":["Heavy Blade","Pommel Strike","Twin Strike"],"picked":"SKIP","floor":19.0},{"not_picked":["Sentinel","Pommel Strike"],"picked":"Flame Barrier","floor":20.0},{"not_picked":["Cleave","Blood for Blood"],"picked":"Shockwave","floor":20.0},{"not_picked":["Pommel Strike","Headbutt"],"picked":"Seeing Red","floor":21.0},{"not_picked":["Immolate","Infernal Blade"],"picked":"Headbutt","floor":21.0},{"not_picked":["Shockwave","Sever Soul"],"picked":"Havoc","floor":22.0},{"not_picked":["Rampage","Shrug It Off"],"picked":"Armaments+1","floor":22.0},{"not_picked":["Wild Strike","True Grit","Cleave"],"picked":"SKIP","floor":24.0},{"not_picked":["Second Wind+1","Warcry"],"picked":"Shrug It Off+1","floor":25.0},{"not_picked":["Berserk","Armaments"],"picked":"Disarm","floor":25.0},{"not_picked":["Pommel Strike","Sword Boomerang"],"picked":"Juggernaut","floor":28.0},{"not_picked":["Armaments","Pummel"],"picked":"Clothesline+1","floor":28.0},{"not_picked":["Searing Blow","Heavy Blade"],"picked":"Second Wind","floor":30.0}],"player_experience":738856,"relics_obtained":[{"floor":6.0,"key":"Lantern"},{"floor":9.0,"key":"Prayer Wheel"},{"floor":13.0,"key":"Bottled Lightning"},{"floor":24.0,"key":"Calipers"},{"floor":26.0,"key":"Centennial Puzzle"},{"floor":30.0,"key":"Paper Frog"},{"floor":31.0,"key":"Ornamental Fan"}],"event_choices":[{"damage_healed":0.0,"max_hp_gain":0.0,"max_hp_loss":0.0,"gold_gain":0.0,"event_name":"FaceTrader","player_choice":"Trade","floor":14.0,"gold_loss":0.0,"damage_taken":0.0,"relics_obtained":["FaceOfCleric"]}],"is_beta":false,"boss_relics":[{"not_picked":["Calling Bell","Eternal Feather"],"picked":"Philosopher\u0027s Stone"}],"items_purged_floors":[27],"is_endless":false,"potions_floor_spawned":[3,4,8,11,13,19,20,21,25],"killed_by":"Collector","ascension_level":20}