{"gold_per_floor":[364,380,16,27,44,44,77,96,148,177,10,29,57,7,7,106,106,124,124,143,143,5,36,36,62,62,62,88,102,132,132,132,231,231,247,68,79,79,94,125,125,138,216,244,258,277,293,304,304,304,304,304,3,28,28],"floor_reached":56,"playtime":8947,"items_purged":["Strike_R","Strike_R","Strike_R"],"score":2121,"play_id":"9ba72f64-be7c-4ad3-a193-2e5c8c13681b","local_time":"20190623145807","is_ascension_mode":true,"campfire_choices":[{"data":"Clothesline","floor":6.0,"key":"SMITH"},{"data":"Bash","floor":15.0,"key":"SMITH"},{"data":"Demon Form","floor":24.0,"key":"SMITH"},{"data":"Ghostly Armor","floor":27.0,"key":"SMITH"},{"data":"Seeing Red","floor":32.0,"key":"SMITH"},{"data":"Feel No Pain","floor":41,"key":"SMITH"},{"floor":49,"key":"RECALL"},{"floor":52,"key":"REST"}],"neow_cost":"TEN_PERCENT_HP_LOSS","seed_source_timestamp":894838575001283,"circlet_count":0,"master_deck":["AscendersBane","Strike_R+1","Defend_R","Defend_R","Defend_R","Defend_R","Bash+1","Pommel Strike+1","Battle Trance","Rampage","Carnage","Seeing Red+1","Clothesline+1","Headbutt","Shrug It Off","Offering","Master of Strategy","Seeing Red","Headbutt","Demon Form+1","True Grit","Sever Soul+1","Feel No Pain+1","Heavy Blade","Armaments+1","Ghostly Armor+1","Feel No Pain","Flex+1","Intimidate+1","Offering","Sentinel+1","Feel No Pain","Sentinel","True Grit","Bandage Up","Bloodletting","Headbutt+1","Feel No Pain","Feel No Pain+1","Second Wind","Burning Pact","Body Slam+1","Intimidate+1","Entrench","True Grit","Barricade"],"special_seed":0,"relics":["Burning Blood","Membership Card","Strawberry","Oddly Smooth Stone","Whetstone","Letter Opener","Anchor","Blood Vial","Runic Pyramid","WarpedTongs","Lantern","Omamori","Pen Nib","Bag of Marbles","Paper Frog","FossilizedHelix","Philosopher\u0027s Stone","Orichalcum","Dodecahedron","Vajra","Happy Flower","Self Forming Clay"],"potions_floor_usage":[33,55],"damage_taken":[{"damage":17.0,"enemies":"Small Slimes","floor":1.0,"turns":5.0},{"damage":1.0,"enemies":"Cultist","floor":2.0,"turns":3.0},{"damage":1.0,"enemies":"2 Louse","floor":4.0,"turns":2.0},{"damage":0.0,"enemies":"Exordium Wildlife","floor":5.0,"turns":2.0},{"damage":17.0,"enemies":"Gremlin Nob","floor":7.0,"turns":4.0},{"damage":6.0,"enemies":"2 Fungi Beasts","floor":8.0,"turns":3.0},{"damage":19.0,"enemies":"Lagavulin","floor":10.0,"turns":6.0},{"damage":0.0,"enemies":"Blue Slaver","floor":12.0,"turns":3.0},{"damage":13.0,"enemies":"Gremlin Nob","floor":13.0,"turns":4.0},{"damage":6.0,"enemies":"Slime Boss","floor":16.0,"turns":5.0},{"damage":31.0,"enemies":"2 Thieves","floor":18.0,"turns":4.0},{"damage":2.0,"enemies":"Chosen","floor":20.0,"turns":3.0},{"damage":18.0,"enemies":"Gremlin Leader","floor":23.0,"turns":6.0},{"damage":6.0,"enemies":"Book of Stabbing","floor":25.0,"turns":5.0},{"damage":7.0,"enemies":"Slavers","floor":28.0,"turns":6.0},{"damage":6.0,"enemies":"Centurion and Healer","floor":29.0,"turns":6.0},{"damage":6.0,"enemies":"Book of Stabbing","floor":30.0,"turns":4.0},{"damage":7,"enemies":"Automaton","floor":33,"turns":9},{"damage":0,"enemies":"Orb Walker","floor":35,"turns":1},{"damage":6,"enemies":"3 Shapes","floor":37,"turns":4},{"damage":16,"enemies":"Spire Growth","floor":39,"turns":5},{"damage":0,"enemies":"Nemesis","floor":40,"turns":5},{"damage":6,"enemies":"4 Shapes","floor":42,"turns":2},{"damage":9,"enemies":"Giant Head","floor":44,"turns":6},{"damage":0,"enemies":"Maw","floor":45,"turns":4},{"damage":6,"enemies":"Transient","floor":46,"turns":5},{"damage":0,"enemies":"4 Shapes","floor":47,"turns":3},{"damage":15,"enemies":"Jaw Worm Horde","floor":48,"turns":4},{"damage":25,"enemies":"Donu and Deca","floor":50,"turns":8},{"damage":57,"enemies":"Shield and Spear","floor":54,"turns":10},{"damage":32,"enemies":"The Heart","floor":55,"turns":9}],"seed_played":"2515074699154351290","potions_obtained":[{"floor":1.0,"key":"Strength Potion"},{"floor":2.0,"key":"SteroidPotion"},{"floor":25.0,"key":"Weak Potion"},{"floor":35,"key":"Ancient Potion"}],"is_trial":false,"path_per_floor":["M","M","$","M","M","R","E","M","T","E","$","M","E","?","R","B",null,"M","?","M","?","$","E","R","E","T","R","E","M","E","?","R","B",null,"M","$","M","?","M","E","R","M","T","E","M","M","M","M","R","B",null,"R","$","E","B",null],"character_chosen":"IRONCLAD","items_purchased":["Membership Card","Rampage","Carnage","Strawberry","Anchor","Master of Strategy","Lantern","Feel No Pain","Heavy Blade","Feel No Pain","Sentinel","True Grit","Bandage Up","Vajra","Happy Flower","Entrench","PowerPotion","True Grit"],"campfire_rested":1,"item_purchase_floors":[3,3,3,3,11,11,22,22,22,36,36,36,36,53,53,53,53,53],"current_hp_per_floor":[61,66,73,78,79,79,68,68,68,55,55,61,54,54,54,56,73,50,50,56,56,56,46,46,48,48,48,49,51,53,38,38,39,73,81,81,83,83,80,84,84,84,84,84,84,84,84,79,79,65,79,84,84,33,15],"gold":28,"neow_bonus":"TWO_FIFTY_GOLD","is_prod":false,"is_daily":false,"chose_seed":false,"campfire_upgraded":6,"win_rate":0,"timestamp":1561291087,"path_taken":["M","M","$","M","M","R","E","M","T","E","$","M","E","?","R","BOSS","M","?","?","?","?","E","R","E","T","R","E","M","E","?","R","BOSS","M","$","M","?","M","E","R","?","T","E","M","M","M","M","R","BOSS","R","$","E","BOSS"],"build_version":"2019-01-23","purchased_purges":3,"victory":true,"max_hp_per_floor":[72,72,79,79,79,79,79,79,79,79,79,79,79,79,79,79,79,79,79,79,79,79,79,79,79,79,79,79,79,79,84,84,84,84,84,84,84,84,84,84,84,84,84,84,84,84,84,84,84,84,84,84,84,84,84],"card_choices":[{"not_picked":["Clash","Power Through"],"picked":"Pommel Strike","floor":1.0},{"not_picked":["Pommel Strike","Heavy Blade"],"picked":"Battle Trance","floor":2.0},{"not_picked":["Blood for Blood","Clash"],"picked":"Seeing Red","floor":4.0},{"not_picked":["Rage","Sword Boomerang"],"picked":"Clothesline","floor":5.0},{"not_picked":["Infernal Blade","Armaments"],"picked":"Headbutt","floor":7.0},{"not_picked":["Reckless Charge","Fiend Fire"],"picked":"Shrug It Off","floor":8.0},{"not_picked":["Evolve","Clothesline"],"picked":"Offering","floor":10.0},{"not_picked":["Rupture","Power Through"],"picked":"Seeing Red","floor":12.0},{"not_picked":["Cleave","Hemokinesis"],"picked":"Headbutt","floor":13.0},{"not_picked":["Barricade","Offering"],"picked":"Demon Form","floor":16.0},{"not_picked":["Whirlwind+1","Dual Wield"],"picked":"True Grit","floor":18.0},{"not_picked":["Perfected Strike","Reckless Charge"],"picked":"Sever Soul+1","floor":20.0},{"not_picked":["Uppercut","Carnage"],"picked":"Armaments+1","floor":23.0},{"not_picked":["Twin Strike","Clash"],"picked":"Ghostly Armor","floor":25.0},{"not_picked":["Feed","Infernal Blade+1"],"picked":"Feel No Pain","floor":28.0},{"not_picked":["Whirlwind+1","Ghostly Armor"],"picked":"Flex+1","floor":29.0},{"not_picked":["Clothesline+1","Battle Trance"],"picked":"Intimidate+1","floor":30.0},{"not_picked":["Limit Break","Immolate"],"picked":"Offering","floor":33},{"not_picked":["Pommel Strike","Body Slam+1"],"picked":"Sentinel+1","floor":35},{"not_picked":["Hemokinesis+1","Clash"],"picked":"Bloodletting","floor":37},{"not_picked":["Clash+1","Perfected Strike+1"],"picked":"Headbutt+1","floor":39},{"not_picked":["Wild Strike+1","Iron Wave+1"],"picked":"Feel No Pain","floor":40},{"not_picked":["Iron Wave","Headbutt+1","Wild Strike+1"],"picked":"SKIP","floor":42},{"not_picked":["Iron Wave","Headbutt+1","Wild Strike+1"],"picked":"SKIP","floor":42},{"not_picked":["Combust+1","Anger+1"],"picked":"Feel No Pain+1","floor":44},{"not_picked":["Sword Boomerang","Armaments"],"picked":"Second Wind","floor":45},{"not_picked":["Perfected Strike+1","Thunderclap"],"picked":"Burning Pact","floor":46},{"not_picked":["Thunderclap","Flex+1"],"picked":"Body Slam+1","floor":47},{"not_picked":["Shockwave","Fire Breathing+1"],"picked":"Intimidate+1","floor":48},{"not_picked":["Thunderclap+1","Havoc+1"],"picked":"Barricade","floor":54}],"player_experience":433548,"relics_obtained":[{"floor":7.0,"key":"Oddly Smooth Stone"},{"floor":9.0,"key":"Whetstone"},{"floor":10.0,"key":"Letter Opener"},{"floor":13.0,"key":"Blood Vial"},{"floor":23.0,"key":"Omamori"},{"floor":25.0,"key":"Pen Nib"},{"floor":26.0,"key":"Bag of Marbles"},{"floor":28.0,"key":"Paper Frog"},{"floor":30.0,"key":"FossilizedHelix"},{"floor":40,"key":"Orichalcum"},{"floor":44,"key":"Dodecahedron"},{"floor":54,"key":"Self Forming Clay"}],"event_choices":[{"cards_removed":["Strike_R"],"damage_healed":0.0,"max_hp_gain":0.0,"max_hp_loss":0.0,"gold_gain":0.0,"event_name":"The Cleric","player_choice":"Card Removal","floor":14.0,"gold_loss":50.0,"damage_taken":0.0},{"damage_healed":0.0,"max_hp_gain":0.0,"max_hp_loss":0.0,"gold_gain":0.0,"event_name":"Accursed Blacksmith","player_choice":"Rummage","floor":19.0,"gold_loss":0.0,"damage_taken":0.0,"relics_obtained":["WarpedTongs"],"cards_obtained":["Pain"]},{"cards_removed":["Pain"],"damage_healed":0.0,"max_hp_gain":0.0,"max_hp_loss":0.0,"gold_gain":0.0,"event_name":"Back to Basics","player_choice":"Elegance","floor":21.0,"gold_loss":0.0,"damage_taken":0.0},{"damage_healed":0.0,"max_hp_gain":5.0,"max_hp_loss":0.0,"gold_gain":0.0,"event_name":"Forgotten Altar","player_choice":"Shed Blood","floor":31.0,"gold_loss":0.0,"damage_taken":20.0},{"damage_healed":0,"gold_gain":0,"player_choice":"Got Potions","damage_taken":0,"max_hp_gain":0,"max_hp_loss":0,"event_name":"Lab","floor":38,"gold_loss":0}],"is_beta":false,"boss_relics":[{"not_picked":["Eternal Feather","Pandora\u0027s Box"],"picked":"Runic Pyramid"},{"not_picked":["Busted Crown","Tiny House"],"picked":"Philosopher\u0027s Stone"}],"items_purged_floors":[3,36,53],"is_endless":false,"potions_floor_spawned":[1,2,7,13,16,18,20,25,28,30,35,40,45,46,48],"ascension_level":11}