{"gold_per_floor":[119,132,2,16,91,119,119,38,38,38,57,87,87,87,87,163,163,180,180,279,459,293,325,353,365,377,389,418,459,491,532,544,632,644,670,698,721,733,234,234,264,281,281,292,320,370,390,410,410,410],"floor_reached":51,"playtime":8903,"items_purged":["Strike_G","Heel Hook"],"score":1478,"play_id":"ffe7256c-a91e-4d05-a9af-6c99d0b35074","local_time":"20190624144102","is_ascension_mode":true,"campfire_choices":[{"data":"Poisoned Stab","floor":7.0,"key":"SMITH"},{"data":"Footwork","floor":10.0,"key":"SMITH"},{"data":"Noxious Fumes","floor":13.0,"key":"SMITH"},{"data":"Well Laid Plans","floor":15.0,"key":"SMITH"},{"floor":25.0,"key":"REST"},{"data":"Tools of the Trade","floor":27.0,"key":"SMITH"},{"data":"Burst","floor":32.0,"key":"SMITH"},{"floor":40,"key":"RECALL"},{"data":"Neutralize","floor":49,"key":"SMITH"}],"neow_cost":"TEN_PERCENT_HP_LOSS","seed_source_timestamp":980662046891493,"circlet_count":0,"master_deck":["AscendersBane","Defend_G","Defend_G","Defend_G","Defend_G","Defend_G","Survivor","Neutralize+1","Dodge and Roll","Backstab","Well Laid Plans+1","Poisoned Stab+1","Adrenaline","Footwork+1","Bane","Noxious Fumes+1","Tools of the Trade+1","Glass Knife+1","Calculated Gamble+1","Tactician+1","Deadly Poison+1","Finesse","Well Laid Plans","Escape Plan","Burst+1","Dodge and Roll","Corpse Explosion","Escape Plan+1","PiercingWail","Deflect","Dash+1","Dodge and Roll","Backflip+1","Sucker Punch","Bouncing Flask"],"special_seed":0,"relics":["Ring of the Snake","Tingsha","Mercury Hourglass","Vajra","Pantograph","Astrolabe","Enchiridion","MawBank","Pear","PreservedInsect","Oddly Smooth Stone","Cursed Key","Bottled Tornado","Bag of Marbles","Strawberry","Centennial Puzzle","Mango"],"potions_floor_usage":[36,46],"damage_taken":[{"damage":1.0,"enemies":"Cultist","floor":1.0,"turns":4.0},{"damage":0.0,"enemies":"2 Louse","floor":2.0,"turns":4.0},{"damage":2.0,"enemies":"Small Slimes","floor":4.0,"turns":4.0},{"damage":13.0,"enemies":"3 Sentries","floor":6.0,"turns":11.0},{"damage":0.0,"enemies":"Exordium Wildlife","floor":11.0,"turns":3.0},{"damage":0.0,"enemies":"Lagavulin","floor":12.0,"turns":6.0},{"damage":34.0,"enemies":"Hexaghost","floor":16.0,"turns":10.0},{"damage":4.0,"enemies":"Shell Parasite","floor":18.0,"turns":4.0},{"damage":7.0,"enemies":"Slavers","floor":23.0,"turns":4.0},{"damage":0.0,"enemies":"3 Byrds","floor":24.0,"turns":4.0},{"damage":6.0,"enemies":"Snake Plant","floor":28.0,"turns":3.0},{"damage":12.0,"enemies":"Gremlin Leader","floor":29.0,"turns":6.0},{"damage":0.0,"enemies":"Centurion and Healer","floor":30.0,"turns":4.0},{"damage":13.0,"enemies":"Book of Stabbing","floor":31.0,"turns":3.0},{"damage":25.0,"enemies":"Champ","floor":33.0,"turns":10.0},{"damage":0.0,"enemies":"Orb Walker","floor":35.0,"turns":4.0},{"damage":2,"enemies":"3 Darklings","floor":36,"turns":3},{"damage":1,"enemies":"Sphere and 2 Shapes","floor":37,"turns":3},{"damage":0,"enemies":"Reptomancer","floor":41,"turns":5},{"damage":0,"enemies":"Maw","floor":42,"turns":6},{"damage":0,"enemies":"3 Darklings","floor":44,"turns":3},{"damage":0,"enemies":"Nemesis","floor":45,"turns":8},{"damage":0,"enemies":"2 Orb Walkers","floor":46,"turns":3},{"damage":0,"enemies":"4 Shapes","floor":47,"turns":3},{"damage":0,"enemies":"Sphere and 2 Shapes","floor":48,"turns":4},{"damage":12,"enemies":"Awakened One","floor":50,"turns":18}],"seed_played":"7151642889092362795","potions_obtained":[{"floor":1.0,"key":"AttackPotion"},{"floor":11.0,"key":"SteroidPotion"},{"floor":12.0,"key":"Energy Potion"},{"floor":24.0,"key":"Energy Potion"},{"floor":28.0,"key":"Ancient Potion"},{"floor":29.0,"key":"Fire Potion"},{"floor":30.0,"key":"Explosive Potion"},{"floor":33.0,"key":"LiquidBronze"},{"floor":36,"key":"Block Potion"},{"floor":45,"key":"PowerPotion"}],"is_trial":false,"path_per_floor":["M","M","$","M","?","E","R","$","T","R","M","E","R","?","R","B",null,"M","?","?","?","$","E","M","R","T","R","M","E","M","E","R","B",null,"M","M","M","?","$","R","E","M","T","M","E","?","M","M","R","B",null],"character_chosen":"THE_SILENT","items_purchased":["Well Laid Plans","Poison Potion","Footwork","Finesse","Bottled Tornado","Bag of Marbles"],"campfire_rested":1,"item_purchase_floors":[3,3,8,22,39,39],"current_hp_per_floor":[58,58,58,56,45,32,32,32,32,32,32,32,32,37,37,28,56,52,36,36,18,18,11,11,30,40,40,34,22,22,9,9,9,59,59,57,56,56,56,56,63,63,63,63,63,77,77,77,77,84],"gold":410,"neow_bonus":"ONE_RARE_RELIC","is_prod":false,"is_daily":false,"chose_seed":false,"campfire_upgraded":7,"win_rate":0,"timestamp":1561376462,"path_taken":["M","M","?","M","?","E","R","$","T","R","M","E","R","?","R","BOSS","M","?","?","?","$","E","M","R","T","R","M","E","?","E","R","BOSS","M","M","M","?","$","R","E","?","T","M","E","?","M","M","R","BOSS"],"build_version":"2019-01-23","purchased_purges":2,"victory":true,"max_hp_per_floor":[60,60,60,60,60,60,60,60,60,60,60,60,60,65,65,65,65,65,65,65,65,65,65,65,65,75,75,75,75,75,75,75,75,75,75,75,75,75,75,75,82,82,82,82,82,96,96,96,96,96],"card_choices":[{"not_picked":["Concentrate","Slice"],"picked":"Dodge and Roll","floor":1.0},{"not_picked":["Dagger Spray","Predator"],"picked":"Backstab","floor":2.0},{"not_picked":["Deflect","Escape Plan"],"picked":"Poisoned Stab","floor":4.0},{"not_picked":["Expertise","Backflip"],"picked":"Adrenaline","floor":6.0},{"not_picked":["Underhanded Strike","Deflect"],"picked":"Bane","floor":11.0},{"not_picked":["Quick Slash","Unload"],"picked":"Noxious Fumes","floor":12.0},{"not_picked":["Adrenaline","Night Terror"],"picked":"Tools of the Trade","floor":16.0},{"not_picked":["Distraction","Deflect"],"picked":"Deadly Poison+1","floor":18.0},{"not_picked":["Slice","Blur"],"picked":"Well Laid Plans","floor":23.0},{"not_picked":["Underhanded Strike","Reflex+1"],"picked":"Escape Plan","floor":24.0},{"not_picked":["Terror","Eviscerate","Deadly Poison"],"picked":"SKIP","floor":28.0},{"not_picked":["Eviscerate","Outmaneuver"],"picked":"Burst","floor":29.0},{"not_picked":["Masterful Stab","Dagger Spray","Flying Knee+1"],"picked":"SKIP","floor":30.0},{"not_picked":["Finisher","Sucker Punch"],"picked":"Dodge and Roll","floor":31.0},{"not_picked":["Die Die Die","Envenom"],"picked":"Corpse Explosion","floor":33.0},{"not_picked":["Poisoned Stab+1","Terror"],"picked":"Escape Plan+1","floor":35.0},{"not_picked":["Cloak And Dagger","Flechettes"],"picked":"PiercingWail","floor":36},{"not_picked":["Dash","Slice"],"picked":"Deflect","floor":37},{"not_picked":["Masterful Stab+1","Dagger Throw+1","Outmaneuver"],"picked":"SKIP","floor":41},{"not_picked":["Setup","Deflect"],"picked":"Dash+1","floor":42},{"not_picked":["Envenom","Reflex"],"picked":"Dodge and Roll","floor":44},{"not_picked":["Blade Dance","Dodge and Roll+1"],"picked":"Backflip+1","floor":45},{"not_picked":["Slice","Sucker Punch","Cloak And Dagger+1"],"picked":"SKIP","floor":47},{"not_picked":["Slice","Cloak And Dagger+1"],"picked":"Sucker Punch","floor":47},{"not_picked":["Bane","Reflex"],"picked":"Bouncing Flask","floor":48}],"player_experience":479755,"relics_obtained":[{"floor":6.0,"key":"Mercury Hourglass"},{"floor":9.0,"key":"Vajra"},{"floor":12.0,"key":"Pantograph"},{"floor":19.0,"key":"Enchiridion"},{"floor":23.0,"key":"MawBank"},{"floor":26.0,"key":"Pear"},{"floor":29.0,"key":"PreservedInsect"},{"floor":31.0,"key":"Oddly Smooth Stone"},{"floor":41,"key":"Strawberry"},{"floor":45,"key":"Centennial Puzzle"},{"floor":46,"key":"Mango"}],"event_choices":[{"damage_healed":0.0,"max_hp_gain":0.0,"max_hp_loss":0.0,"gold_gain":75.0,"event_name":"World of Goop","player_choice":"Gather Gold","floor":5.0,"gold_loss":0.0,"damage_taken":11.0},{"damage_healed":0.0,"max_hp_gain":5.0,"max_hp_loss":0.0,"gold_gain":0.0,"event_name":"Big Fish","player_choice":"Donut","floor":14.0,"gold_loss":0.0,"damage_taken":0.0},{"damage_healed":0.0,"max_hp_gain":0.0,"max_hp_loss":0.0,"gold_gain":0.0,"event_name":"Cursed Tome","player_choice":"Obtained Book","floor":19.0,"gold_loss":0.0,"damage_taken":16.0},{"damage_healed":0.0,"max_hp_gain":0.0,"max_hp_loss":0.0,"gold_gain":99.0,"event_name":"Nest","player_choice":"Stole From Cult","floor":20.0,"gold_loss":0.0,"damage_taken":0.0},{"damage_healed":0.0,"max_hp_gain":0.0,"max_hp_loss":0.0,"gold_gain":180.0,"event_name":"Knowing Skull","player_choice":"GOLD GOLD ","floor":21.0,"potions_obtained":[],"gold_loss":0.0,"damage_taken":18.0,"cards_obtained":[]},{"damage_healed":0,"gold_gain":0,"cards_transformed":["Strike_G"],"player_choice":"Transformed","damage_taken":0,"max_hp_gain":0,"max_hp_loss":0,"event_name":"Transmorgrifier","floor":38,"gold_loss":0,"cards_obtained":["Heel Hook"]},{"damage_healed":0,"gold_gain":0,"player_choice":"Fight","damage_taken":0,"max_hp_gain":0,"max_hp_loss":0,"event_name":"Mysterious Sphere","floor":46,"gold_loss":0}],"is_beta":false,"boss_relics":[{"not_picked":["Philosopher\u0027s Stone","Snecko Eye"],"picked":"Astrolabe"},{"not_picked":["Busted Crown","Ring of the Serpent"],"picked":"Cursed Key"}],"items_purged_floors":[22,39],"is_endless":false,"potions_floor_spawned":[1,11,12,24,28,29,30,33,36,37,44,45],"ascension_level":14}