{"gold_per_floor":[111,125,75,4,16,44,44,60,60,21,41,41,66,85,85,187,187,204,220,135,154,0,26,26,26,53,82,102,116,116,141,141,242,242,259,67,85,185,185,211,226,237,286,302,302,315,347,364,364,364],"floor_reached":51,"playtime":7820,"items_purged":[],"score":861,"play_id":"735d9093-e737-4f99-85a7-bcd9ffdb9736","local_time":"20190726094233","is_ascension_mode":false,"campfire_choices":[{"floor":7.0,"key":"REST"},{"floor":12.0,"key":"RECALL"},{"data":"Armaments","floor":15.0,"key":"SMITH"},{"data":"Armaments","floor":25.0,"key":"SMITH"},{"data":"Corruption","floor":30.0,"key":"SMITH"},{"data":"Inflame","floor":32.0,"key":"SMITH"},{"data":"Barricade","floor":45,"key":"SMITH"},{"data":"Shockwave","floor":49,"key":"SMITH"}],"neow_cost":"NONE","seed_source_timestamp":539568982341000,"circlet_count":0,"master_deck":["Strike_R","Strike_R","Strike_R","Strike_R","Defend_R","Defend_R","Defend_R+1","Defend_R","Bash","Thunderclap","Carnage","Shrug It Off","Heavy Blade","Shockwave+1","Armaments+1","Clothesline","Corruption+1","Feed","Second Wind+1","Inflame+1","Flex","Armaments+1","Sentinel+1","Armaments+1","Flame Barrier","Limit Break+1","Disarm","Feel No Pain+1","Rage","Barricade+1","Shrug It Off+1","Dual Wield+1","Havoc+1","Inflame+1","Shockwave","Entrench","Body Slam+1"],"special_seed":0,"relics":["Burning Blood","Mummified Hand","Dead Branch","Magic Flower","Orrery","Meat on the Bone","Omamori","Oddly Smooth Stone","Centennial Puzzle","Bottled Tornado","War Paint","White Beast Statue","Brimstone","Unceasing Top","Mercury Hourglass","Bag of Marbles","Lantern"],"potions_floor_usage":[47],"damage_taken":[{"damage":15.0,"enemies":"Jaw Worm","floor":1.0,"turns":4.0},{"damage":7.0,"enemies":"Cultist","floor":2.0,"turns":5.0},{"damage":0.0,"enemies":"2 Louse","floor":5.0,"turns":2.0},{"damage":48.0,"enemies":"3 Sentries","floor":6.0,"turns":7.0},{"damage":8.0,"enemies":"Blue Slaver","floor":8.0,"turns":4.0},{"damage":7.0,"enemies":"Large Slime","floor":11.0,"turns":5.0},{"damage":22.0,"enemies":"Gremlin Nob","floor":13.0,"turns":5.0},{"damage":4.0,"enemies":"Looter","floor":14.0,"turns":3.0},{"damage":13.0,"enemies":"Slime Boss","floor":16.0,"turns":9.0},{"damage":15.0,"enemies":"2 Thieves","floor":18.0,"turns":4.0},{"damage":33.0,"enemies":"Spheric Guardian","floor":19.0,"turns":4.0},{"damage":5.0,"enemies":"Cultist and Chosen","floor":21.0,"turns":5.0},{"damage":10.0,"enemies":"Gremlin Leader","floor":23.0,"turns":5.0},{"damage":19.0,"enemies":"Slavers","floor":27.0,"turns":4.0},{"damage":0.0,"enemies":"Snecko","floor":28.0,"turns":5.0},{"damage":0.0,"enemies":"Centurion and Healer","floor":29.0,"turns":5.0},{"damage":4.0,"enemies":"Automaton","floor":33.0,"turns":5.0},{"damage":2.0,"enemies":"3 Shapes","floor":35.0,"turns":3.0},{"damage":1.0,"enemies":"3 Darklings","floor":37.0,"turns":2.0},{"damage":3.0,"enemies":"Mind Bloom Boss Battle","floor":38.0,"turns":2.0},{"damage":4.0,"enemies":"Giant Head","floor":40.0,"turns":5.0},{"damage":0.0,"enemies":"Maw","floor":41.0,"turns":4.0},{"damage":0,"enemies":"Writhing Mass","floor":42,"turns":2},{"damage":5,"enemies":"4 Shapes","floor":44,"turns":2},{"damage":0,"enemies":"3 Darklings","floor":46,"turns":2},{"damage":10,"enemies":"Reptomancer","floor":47,"turns":2},{"damage":0,"enemies":"Writhing Mass","floor":48,"turns":1},{"damage":0,"enemies":"Donu and Deca","floor":50,"turns":3}],"seed_played":"195813447555296728","potions_obtained":[{"floor":1.0,"key":"LiquidBronze"},{"floor":5.0,"key":"SteroidPotion"},{"floor":6.0,"key":"SneckoOil"},{"floor":14.0,"key":"Energy Potion"},{"floor":16.0,"key":"FearPotion"},{"floor":23.0,"key":"GamblersBrew"},{"floor":29.0,"key":"Energy Potion"},{"floor":40.0,"key":"Weak Potion"},{"floor":41.0,"key":"Energy Potion"},{"floor":47,"key":"Fire Potion"}],"is_trial":false,"path_per_floor":["M","M","?","$","M","E","R","M","T","$","M","R","E","M","R","B",null,"M","M","?","M","$","E","?","R","T","E","M","M","R","T","R","B",null,"M","$","M","?","?","E","M","M","T","M","R","M","E","M","R","B",null],"character_chosen":"IRONCLAD","items_purchased":["Carnage","Shockwave","BloodPotion","Flame Barrier","Brimstone"],"campfire_rested":1,"item_purchase_floors":[4,10,22,22,36],"current_hp_per_floor":[79,78,78,78,84,42,68,66,66,66,65,65,49,54,54,50,88,82,63,63,72,72,71,71,71,71,66,75,89,89,89,89,94,100,104,104,104,104,104,104,104,104,104,104,104,104,103,104,104,104],"gold":364,"neow_bonus":"TEN_PERCENT_HP_BONUS","is_prod":false,"is_daily":false,"chose_seed":false,"campfire_upgraded":6,"win_rate":0,"timestamp":1564130553,"path_taken":["M","M","?","?","M","E","R","M","T","$","M","R","E","M","R","BOSS","M","M","?","M","$","E","?","R","T","E","M","M","R","?","R","BOSS","M","$","M","?","?","E","M","?","T","M","R","M","E","M","R","BOSS"],"build_version":"2019-07-17","purchased_purges":0,"victory":true,"max_hp_per_floor":[88,88,88,88,88,88,88,88,88,88,88,88,88,88,88,88,88,88,91,91,94,94,94,94,94,94,97,97,100,100,100,100,100,100,104,104,104,104,104,104,104,104,104,104,104,104,104,104,104,104],"card_choices":[{"not_picked":["Rupture","Hemokinesis","Perfected Strike"],"picked":"SKIP","floor":1.0},{"not_picked":["Dual Wield","Sword Boomerang"],"picked":"Thunderclap","floor":2.0},{"not_picked":["Second Wind","Rage"],"picked":"Shrug It Off","floor":5.0},{"not_picked":["Headbutt","Twin Strike"],"picked":"Heavy Blade","floor":6.0},{"not_picked":["Perfected Strike","True Grit","Iron Wave"],"picked":"SKIP","floor":8.0},{"not_picked":["Pommel Strike","Fire Breathing"],"picked":"Armaments","floor":11.0},{"not_picked":["Shrug It Off","Reckless Charge"],"picked":"Clothesline","floor":13.0},{"not_picked":["Pummel","Thunderclap"],"picked":"Corruption","floor":14.0},{"not_picked":["Double Tap","Berserk"],"picked":"Feed","floor":16.0},{"not_picked":["Hemokinesis","Clothesline"],"picked":"Second Wind","floor":17.0},{"not_picked":["Body Slam","Shockwave"],"picked":"Inflame","floor":17.0},{"not_picked":["Cleave","Rupture"],"picked":"Flex","floor":17.0},{"not_picked":["Juggernaut","Thunderclap"],"picked":"Armaments","floor":18.0},{"not_picked":["Body Slam","Rampage"],"picked":"Sentinel+1","floor":19.0},{"not_picked":["Evolve+1","Rage"],"picked":"Armaments+1","floor":21.0},{"not_picked":["Evolve","Wild Strike"],"picked":"Limit Break","floor":23.0},{"not_picked":["Pommel Strike","Uppercut"],"picked":"Disarm","floor":27.0},{"not_picked":["Flame Barrier","Body Slam"],"picked":"Feel No Pain+1","floor":28.0},{"not_picked":["Carnage","Perfected Strike"],"picked":"Rage","floor":29.0},{"not_picked":["Offering","Fiend Fire"],"picked":"Barricade","floor":33.0},{"not_picked":["Iron Wave","Cleave+1"],"picked":"Shrug It Off+1","floor":35.0},{"not_picked":["Armaments+1","Seeing Red"],"picked":"Dual Wield+1","floor":37.0},{"not_picked":["Disarm","Evolve+1"],"picked":"Havoc+1","floor":40.0},{"not_picked":["Bloodletting+1","Battle Trance"],"picked":"Inflame+1","floor":41.0},{"not_picked":["Bloodletting+1","Carnage"],"picked":"Shockwave","floor":42},{"not_picked":["Perfected Strike","Rampage","Blood for Blood+1"],"picked":"SKIP","floor":44},{"not_picked":["Perfected Strike","Anger","Clothesline"],"picked":"SKIP","floor":46},{"not_picked":["Blood for Blood","Power Through+1"],"picked":"Entrench","floor":47},{"not_picked":["Iron Wave+1","Clothesline"],"picked":"Body Slam+1","floor":48}],"player_experience":441986,"relics_obtained":[{"floor":6.0,"key":"Mummified Hand"},{"floor":9.0,"key":"Dead Branch"},{"floor":13.0,"key":"Magic Flower"},{"floor":23.0,"key":"Omamori"},{"floor":26.0,"key":"Centennial Puzzle"},{"floor":27.0,"key":"Bottled Tornado"},{"floor":31.0,"key":"War Paint"},{"floor":38.0,"key":"Unceasing Top"},{"floor":40.0,"key":"Mercury Hourglass"},{"floor":43,"key":"Bag of Marbles"},{"floor":47,"key":"Lantern"}],"event_choices":[{"cards_removed":["Strike_R"],"damage_healed":0.0,"max_hp_gain":0.0,"max_hp_loss":0.0,"gold_gain":0.0,"event_name":"The Cleric","player_choice":"Card Removal","floor":3.0,"gold_loss":50.0,"damage_taken":0.0},{"damage_healed":0.0,"max_hp_gain":0.0,"max_hp_loss":0.0,"gold_gain":0.0,"event_name":"Addict","player_choice":"Obtained Relic","floor":20.0,"gold_loss":85.0,"damage_taken":0.0,"relics_obtained":["Meat on the Bone"]},{"damage_healed":0.0,"max_hp_gain":0.0,"max_hp_loss":0.0,"gold_gain":0.0,"event_name":"The Mausoleum","player_choice":"Opened","floor":24.0,"gold_loss":0.0,"damage_taken":0.0,"relics_obtained":["Oddly Smooth Stone"]},{"damage_healed":0.0,"max_hp_gain":0.0,"max_hp_loss":0.0,"gold_gain":0.0,"event_name":"MindBloom","player_choice":"Fight","floor":38.0,"gold_loss":0.0,"damage_taken":0.0},{"damage_healed":0.0,"max_hp_gain":0.0,"max_hp_loss":0.0,"gold_gain":0.0,"event_name":"Upgrade Shrine","player_choice":"Upgraded","floor":39.0,"gold_loss":0.0,"damage_taken":0.0,"cards_upgraded":["Limit Break"]}],"is_beta":false,"boss_relics":[{"not_picked":["Astrolabe","Empty Cage"],"picked":"Orrery"},{"not_picked":["Mark of Pain","Calling Bell"],"picked":"White Beast Statue"}],"items_purged_floors":[],"is_endless":false,"potions_floor_spawned":[1,5,6,14,16,23,29,35,37,38,40,41,42,44,46,47,48],"ascension_level":0}