{"gold_per_floor":[114,134,134,8,26,59,59,59,59,59,59,90,240,273,273,363,363,388,313,313,329,329,369,385,416,416,435,435,455,490,508,508,603,603,626,626,959,959,979,1014,1014,1032,1059,1059,183,203,221,252,252,252,252,252,252,18,48,48],"floor_reached":57,"playtime":5435,"items_purged":["Strike_R","Strike_R"],"score":2801,"play_id":"e9f08891-5653-43ed-b43a-dbc5c57fa67f","local_time":"20190725151156","is_ascension_mode":true,"campfire_choices":[{"data":"Armaments","floor":8.0,"key":"SMITH"},{"floor":11.0,"key":"REST"},{"data":"Bash","floor":15.0,"key":"SMITH"},{"data":"Limit Break","floor":28,"key":"SMITH"},{"data":"J.A.X.","floor":32,"key":"SMITH"},{"floor":41,"key":"RECALL"},{"data":"Warcry","floor":49,"key":"SMITH"},{"data":"Battle Trance","floor":53,"key":"SMITH"}],"neow_cost":"NONE","seed_source_timestamp":485709850697436,"circlet_count":0,"master_deck":["AscendersBane","Strike_R","Strike_R","Defend_R","Defend_R","Defend_R","Defend_R","Bash+1","Clothesline","Anger","Armaments+1","Cleave","Reaper+1","Headbutt+1","Doubt","Iron Wave+1","Reaper+1","Warcry+1","Bash+1","Shrug It Off","J.A.X.+1","Limit Break+1","Heavy Blade+1","Burning Pact+1","Headbutt+1","Clothesline+1","Anger+1","Impervious+1","Inflame","Writhe","Havoc","Power Through","Body Slam+1","Feel No Pain","Power Through","Shrug It Off","Battle Trance+1","Seeing Red","True Grit","Offering","Flame Barrier","Headbutt+1","Sword Boomerang+1"],"special_seed":0,"relics":["Burning Blood","NeowsBlessing","Meat on the Bone","Molten Egg 2","Pantograph","Ornamental Fan","Du-Vu Doll","Dream Catcher","Mark of Pain","The Courier","Shuriken","Bag of Preparation","Matryoshka","Busted Crown","War Paint","Anchor","Blue Candle","Self Forming Clay","Centennial Puzzle","Ice Cream","Pear","Orichalcum","Dodecahedron"],"potions_floor_usage":[25,56],"damage_taken":[{"damage":0.0,"enemies":"Cultist","floor":1.0,"turns":1.0},{"damage":0.0,"enemies":"Small Slimes","floor":2.0,"turns":1.0},{"damage":0.0,"enemies":"2 Louse","floor":5.0,"turns":1.0},{"damage":40.0,"enemies":"3 Sentries","floor":6.0,"turns":10.0},{"damage":22.0,"enemies":"Gremlin Nob","floor":12.0,"turns":4.0},{"damage":21.0,"enemies":"Lagavulin","floor":14.0,"turns":4.0},{"damage":65.0,"enemies":"Hexaghost","floor":16.0,"turns":11.0},{"damage":5,"enemies":"Chosen","floor":18,"turns":3},{"damage":29,"enemies":"Spheric Guardian","floor":21,"turns":4},{"damage":84,"enemies":"Gremlin Leader","floor":23,"turns":8},{"damage":35,"enemies":"Shelled Parasite and Fungi","floor":24,"turns":6},{"damage":38,"enemies":"Book of Stabbing","floor":25,"turns":4},{"damage":6,"enemies":"Snecko","floor":27,"turns":2},{"damage":9,"enemies":"Centurion and Healer","floor":29,"turns":5},{"damage":14,"enemies":"Gremlin Leader","floor":30,"turns":5},{"damage":14,"enemies":"Snake Plant","floor":31,"turns":3},{"damage":66,"enemies":"Automaton","floor":33,"turns":7},{"damage":8,"enemies":"3 Shapes","floor":35,"turns":3},{"damage":6,"enemies":"Orb Walker","floor":39,"turns":2},{"damage":13,"enemies":"Nemesis","floor":40,"turns":5},{"damage":39,"enemies":"Transient","floor":42,"turns":6},{"damage":8,"enemies":"Maw","floor":46,"turns":6},{"damage":20,"enemies":"Sphere and 2 Shapes","floor":47,"turns":6},{"damage":10,"enemies":"Reptomancer","floor":48,"turns":3},{"damage":75,"enemies":"Donu and Deca","floor":50,"turns":9},{"damage":54,"enemies":"Awakened One","floor":51,"turns":8},{"damage":77,"enemies":"Shield and Spear","floor":55,"turns":6},{"damage":98,"enemies":"The Heart","floor":56,"turns":8}],"seed_played":"6175879865983307407","potions_obtained":[{"floor":2.0,"key":"Energy Potion"},{"floor":12.0,"key":"GamblersBrew"},{"floor":14.0,"key":"FearPotion"},{"floor":25,"key":"FairyPotion"},{"floor":55,"key":"Weak Potion"}],"is_trial":false,"path_per_floor":["M","M","?","$","M","E","?","R","T","?","R","E","?","E","R","B",null,"M","?","?","M","?","E","M","E","T","M","R","M","E","M","R","B",null,"M","?","?","T","M","E","R","M","T","?","$","M","M","E","R","B","B",null,"R","$","E","B",null],"character_chosen":"IRONCLAD","items_purchased":["Armaments","Centennial Puzzle","Ice Cream","Feel No Pain","Pear","Power Through","Shrug It Off","Battle Trance","True Grit","Offering","Flame Barrier","Headbutt+1"],"campfire_rested":1,"item_purchase_floors":[4,45,45,45,45,45,45,45,54,54,54,54],"current_hp_per_floor":[74,75,75,75,75,53,27,27,27,27,49,45,45,52,52,35,65,73,73,73,54,54,52,47,50,50,68,68,75,75,67,67,51,69,75,75,75,75,75,75,75,64,64,64,74,85,85,85,85,59,72,82,82,82,85,85],"gold":48,"neow_bonus":"THREE_ENEMY_KILL","is_prod":false,"is_daily":false,"chose_seed":false,"campfire_upgraded":6,"win_rate":0,"timestamp":1564056716,"path_taken":["M","?","?","$","?","E","?","R","T","?","R","E","?","E","R","BOSS","M","?","?","?","?","E","M","E","T","M","R","M","E","M","R","BOSS","M","?","?","?","M","E","R","?","T","?","$","M","M","E","R","BOSS","BOSS","R","$","E","BOSS"],"build_version":"2019-07-17","purchased_purges":2,"victory":true,"max_hp_per_floor":[75,75,75,75,75,75,75,75,75,75,75,75,75,75,75,75,75,75,75,75,75,75,75,75,75,75,75,75,75,75,75,75,75,75,75,75,75,75,75,75,75,75,75,75,85,85,85,85,85,85,85,85,85,85,85,85],"card_choices":[{"not_picked":["Clash","Heavy Blade"],"picked":"Clothesline","floor":1.0},{"not_picked":["Power Through","Blood for Blood"],"picked":"Anger","floor":2.0},{"not_picked":["True Grit","Thunderclap"],"picked":"Cleave","floor":5.0},{"not_picked":["Headbutt","Iron Wave"],"picked":"Reaper","floor":6.0},{"not_picked":["Burning Pact","True Grit"],"picked":"Headbutt+1","floor":12.0},{"not_picked":["Headbutt+1","Thunderclap+1"],"picked":"Iron Wave+1","floor":14.0},{"not_picked":["Exhume","Berserk"],"picked":"Reaper+1","floor":16.0},{"not_picked":["Clash+1","Cleave+1"],"picked":"Warcry","floor":18},{"not_picked":["Clash+1","Pommel Strike+1"],"picked":"Shrug It Off","floor":21},{"not_picked":["Armaments","Headbutt+1"],"picked":"Limit Break","floor":23},{"not_picked":["Armaments","Wild Strike+1"],"picked":"Heavy Blade+1","floor":24},{"not_picked":["Armaments","Power Through"],"picked":"Evolve","floor":25},{"not_picked":["Entrench","True Grit"],"picked":"Burning Pact","floor":27},{"not_picked":["Clash+1","Armaments"],"picked":"Headbutt+1","floor":29},{"not_picked":["Wild Strike+1","Armaments"],"picked":"Clothesline+1","floor":30},{"not_picked":["Twin Strike+1","Clash+1"],"picked":"Anger+1","floor":31},{"not_picked":["Juggernaut","Barricade"],"picked":"Impervious","floor":33},{"not_picked":[],"picked":"Inflame","floor":35},{"not_picked":[],"picked":"Havoc","floor":39},{"not_picked":[],"picked":"Power Through","floor":40},{"not_picked":[],"picked":"Body Slam+1","floor":42},{"not_picked":["Fire Breathing"],"picked":"SKIP","floor":46},{"not_picked":[],"picked":"Seeing Red","floor":47},{"not_picked":["Infernal Blade+1"],"picked":"SKIP","floor":48},{"not_picked":[],"picked":"Sword Boomerang+1","floor":55}],"player_experience":970711,"relics_obtained":[{"floor":3.0,"key":"Meat on the Bone"},{"floor":6.0,"key":"Molten Egg 2"},{"floor":9.0,"key":"Pantograph"},{"floor":12.0,"key":"Du-Vu Doll"},{"floor":14.0,"key":"Dream Catcher"},{"floor":23,"key":"The Courier"},{"floor":25,"key":"Shuriken"},{"floor":26,"key":"Bag of Preparation"},{"floor":30,"key":"Matryoshka"},{"floor":38,"key":"War Paint"},{"floor":38,"key":"Anchor"},{"floor":40,"key":"Blue Candle"},{"floor":43,"key":"Self Forming Clay"},{"floor":48,"key":"Orichalcum"},{"floor":55,"key":"Dodecahedron"}],"event_choices":[{"damage_healed":0.0,"max_hp_gain":0.0,"max_hp_loss":0.0,"gold_gain":0.0,"event_name":"Wheel of Change","player_choice":"Relic","floor":3.0,"gold_loss":0.0,"damage_taken":0.0},{"damage_healed":0.0,"max_hp_gain":0.0,"max_hp_loss":0.0,"gold_gain":0.0,"event_name":"Golden Idol","player_choice":"Take Damage","floor":7.0,"gold_loss":0.0,"damage_taken":26.0,"relics_obtained":["Golden Idol"]},{"damage_healed":0.0,"max_hp_gain":0.0,"max_hp_loss":0.0,"gold_gain":0.0,"event_name":"Dead Adventurer","player_choice":"Searched \u00271\u0027 times","floor":10.0,"gold_loss":0.0,"damage_taken":0.0,"relics_obtained":["Ornamental Fan"]},{"damage_healed":0.0,"max_hp_gain":0.0,"max_hp_loss":0.0,"gold_gain":150.0,"event_name":"Liars Game","player_choice":"AGREE","floor":13.0,"gold_loss":0.0,"damage_taken":0.0,"cards_obtained":["Doubt"]},{"cards_removed":["Strike_R"],"damage_healed":0,"gold_gain":0,"player_choice":"Gave Gold","damage_taken":0,"max_hp_gain":0,"max_hp_loss":0,"event_name":"Beggar","floor":19,"gold_loss":75},{"damage_healed":0,"gold_gain":0,"player_choice":"Copied","damage_taken":0,"max_hp_gain":0,"max_hp_loss":0,"event_name":"Duplicator","floor":20,"gold_loss":0,"cards_obtained":["Bash"]},{"damage_healed":0,"gold_gain":0,"player_choice":"Obtain J.A.X.","damage_taken":0,"max_hp_gain":0,"max_hp_loss":0,"event_name":"Drug Dealer","floor":22,"gold_loss":0,"cards_obtained":["J.A.X."]},{"damage_healed":15,"gold_gain":0,"player_choice":"Writhe","damage_taken":0,"max_hp_gain":0,"max_hp_loss":0,"event_name":"Winding Halls","floor":36,"gold_loss":0,"cards_obtained":["Writhe"]},{"damage_healed":0,"gold_gain":333,"player_choice":"Gave Idol","damage_taken":0,"max_hp_gain":0,"max_hp_loss":0,"event_name":"The Moai Head","floor":37,"relics_lost":["Golden Idol"],"gold_loss":0},{"cards_removed":["Evolve"],"damage_healed":0,"gold_gain":0,"player_choice":"Removed Power","damage_taken":0,"max_hp_gain":0,"max_hp_loss":0,"event_name":"Falling","floor":44,"gold_loss":0}],"is_beta":false,"boss_relics":[{"not_picked":["Ectoplasm","Lizard Tail"],"picked":"Mark of Pain"},{"not_picked":["Eternal Feather","Philosopher\u0027s Stone"],"picked":"Busted Crown"}],"items_purged_floors":[4,45],"is_endless":false,"potions_floor_spawned":[2,12,14,21,23,25,27,31,42,46,47,48,55],"ascension_level":20}