{"gold_per_floor":[113,113,130,144,22,22,32,52,52,68,84,97,20,35,35,138,138,154,154,154,170,180,180,194,213,213,483,483,203,203,219,219,314,314,330,330,342,352,253,253,528,274,274,289,139,150,150,150,150,150],"floor_reached":51,"playtime":4388,"items_purged":["Strike_G","Strike_G","Regret","Strike_G"],"score":795,"play_id":"0f35ba48-9845-4179-9d15-8419d5c8017c","local_time":"20190720105710","is_ascension_mode":false,"campfire_choices":[{"data":"Neutralize","floor":6.0,"key":"SMITH"},{"data":"Footwork","floor":15.0,"key":"SMITH"},{"data":"Night Terror","floor":23.0,"key":"SMITH"},{"floor":28.0,"key":"REST"},{"data":"Noxious Fumes","floor":30.0,"key":"SMITH"},{"data":"Catalyst","floor":32.0,"key":"SMITH"},{"data":"After Image","floor":40.0,"key":"SMITH"},{"floor":47,"key":"REST"},{"floor":49,"key":"REST"}],"neow_cost":"NONE","seed_source_timestamp":0,"circlet_count":0,"master_deck":["Strike_G","Defend_G","Defend_G","Defend_G","Defend_G","Defend_G","Survivor","Neutralize+1","Blur","Backflip","Caltrops","Cloak And Dagger","Dash","Dagger Throw","Crippling Poison","Tools of the Trade","Cloak And Dagger","Quick Slash","Backflip","Footwork+1","Night Terror+1","Escape Plan","Dodge and Roll+1","Dodge and Roll","Deflect","Noxious Fumes+1","Catalyst+1","Backflip","Bouncing Flask","After Image+1","Backflip+1","Panacea","Mind Blast","Tactician+1","Backflip","Dodge and Roll","Acrobatics","Deflect","Deadly Poison+1"],"special_seed":0,"relics":["Cursed Key"],"potions_floor_usage":[50],"damage_taken":[{"damage":0.0,"enemies":"Small Slimes","floor":1.0,"turns":4.0},{"damage":1.0,"enemies":"Jaw Worm","floor":3.0,"turns":5.0},{"damage":0.0,"enemies":"Cultist","floor":4.0,"turns":4.0},{"damage":3.0,"enemies":"Gremlin Gang","floor":7.0,"turns":5.0},{"damage":0.0,"enemies":"Large Slime","floor":8.0,"turns":6.0},{"damage":3.0,"enemies":"Blue Slaver","floor":10.0,"turns":3.0},{"damage":3.0,"enemies":"Gremlin Gang","floor":11.0,"turns":4.0},{"damage":0.0,"enemies":"Large Slime","floor":12.0,"turns":5.0},{"damage":5.0,"enemies":"Exordium Thugs","floor":14.0,"turns":5.0},{"damage":0.0,"enemies":"Hexaghost","floor":16.0,"turns":9.0},{"damage":0.0,"enemies":"Shell Parasite","floor":18.0,"turns":7.0},{"damage":0.0,"enemies":"Chosen","floor":21.0,"turns":9.0},{"damage":0.0,"enemies":"Shelled Parasite and Fungi","floor":22.0,"turns":11.0},{"damage":1.0,"enemies":"Sentry and Sphere","floor":24.0,"turns":9.0},{"damage":5.0,"enemies":"Snake Plant","floor":25.0,"turns":9.0},{"damage":0.0,"enemies":"Centurion and Healer","floor":31.0,"turns":11.0},{"damage":0.0,"enemies":"Collector","floor":33.0,"turns":10.0},{"damage":2.0,"enemies":"3 Darklings","floor":35.0,"turns":8.0},{"damage":7.0,"enemies":"Orb Walker","floor":37.0,"turns":4.0},{"damage":21.0,"enemies":"Jaw Worm Horde","floor":38.0,"turns":6.0},{"damage":0,"enemies":"Maw","floor":44,"turns":10},{"damage":15,"enemies":"3 Darklings","floor":46,"turns":9},{"damage":11,"enemies":"Time Eater","floor":50,"turns":5}],"seed_played":"6563233128276214409","potions_obtained":[{"floor":1.0,"key":"Poison Potion"},{"floor":4.0,"key":"EssenceOfSteel"},{"floor":8.0,"key":"Strength Potion"},{"floor":16.0,"key":"Block Potion"},{"floor":25.0,"key":"Fire Potion"},{"floor":33.0,"key":"Explosive Potion"}],"is_trial":false,"path_per_floor":["M","?","M","M","$","R","M","M","T","M","M","M","$","M","R","B",null,"M","?","?","M","M","R","M","M","T","?","R","$","R","M","R","B",null,"M","?","M","M","$","R","?","$","T","M","$","M","R","?","R","B",null],"character_chosen":"THE_SILENT","items_purchased":["Cloak And Dagger","Quick Slash","Backflip","Noxious Fumes","Catalyst","Backflip","Dodge and Roll","Acrobatics","PowerPotion","GamblersBrew"],"campfire_rested":3,"item_purchase_floors":[5,13,13,29,29,29,39,39,42,42],"current_hp_per_floor":[70,70,69,69,69,69,66,66,66,63,60,60,60,55,55,55,70,70,57,57,57,57,57,56,51,51,23,45,45,45,45,45,45,75,73,63,56,35,35,35,35,35,35,35,35,20,42,42,64,53],"gold":150,"neow_bonus":"BOSS_RELIC","is_prod":false,"is_daily":false,"chose_seed":false,"campfire_upgraded":6,"win_rate":0,"timestamp":1563609430,"path_taken":["M","?","M","M","?","R","M","M","T","M","?","?","$","M","R","BOSS","M","?","?","M","?","R","M","M","T","?","R","$","R","M","R","BOSS","M","?","M","M","$","R","?","$","T","M","$","?","R","?","R","BOSS"],"build_version":"2019-07-17","purchased_purges":4,"victory":true,"max_hp_per_floor":[70,70,70,70,70,70,70,70,70,70,70,70,70,70,70,70,70,70,75,75,75,75,75,75,75,75,75,75,75,75,75,75,75,75,75,75,75,75,75,75,75,75,75,75,75,75,75,75,75,75],"card_choices":[{"not_picked":["Skewer","Crippling Poison"],"picked":"Blur","floor":1.0},{"not_picked":["Outmaneuver","Dodge and Roll"],"picked":"Backflip","floor":3.0},{"not_picked":["Bane","Heel Hook"],"picked":"Caltrops","floor":4.0},{"not_picked":["Blur","Dagger Spray"],"picked":"Dash","floor":7.0},{"not_picked":["Bane","Slice"],"picked":"Dagger Throw","floor":8.0},{"not_picked":["Endless Agony","Slice"],"picked":"Crippling Poison","floor":10.0},{"not_picked":["PiercingWail","Finisher"],"picked":"Tools of the Trade","floor":11.0},{"not_picked":["Acrobatics","Finisher"],"picked":"Cloak And Dagger","floor":12.0},{"not_picked":["Blade Dance","Sucker Punch"],"picked":"Footwork","floor":14.0},{"not_picked":["Die Die Die","Tools of the Trade"],"picked":"Night Terror","floor":16.0},{"not_picked":["Slice","Blade Dance","Caltrops"],"picked":"SKIP","floor":18.0},{"not_picked":["Underhanded Strike+1","Concentrate"],"picked":"Dodge and Roll+1","floor":21.0},{"not_picked":["Flying Knee","Dagger Throw+1","Concentrate"],"picked":"SKIP","floor":22.0},{"not_picked":["Prepared+1","Bullet Time"],"picked":"Dodge and Roll","floor":24.0},{"not_picked":["Flying Knee+1","Masterful Stab"],"picked":"Deflect","floor":25.0},{"not_picked":["Endless Agony","Flying Knee+1"],"picked":"Bouncing Flask","floor":31.0},{"not_picked":["Unload","Envenom"],"picked":"After Image","floor":33.0},{"not_picked":["Blur","Deflect"],"picked":"Backflip+1","floor":35.0},{"not_picked":["Madness","Forethought"],"picked":"Panacea","floor":36.0},{"not_picked":["Mayhem","Enlightenment"],"picked":"Mind Blast","floor":36.0},{"not_picked":["Poisoned Stab","Choke+1"],"picked":"Tactician+1","floor":37.0},{"not_picked":["Dagger Spray","Poisoned Stab+1"],"picked":"Backflip","floor":38.0},{"not_picked":["Bane","Dagger Throw"],"picked":"Deflect","floor":44},{"not_picked":["Underhanded Strike+1","Prepared"],"picked":"Deadly Poison+1","floor":46}],"player_experience":811163,"relics_obtained":[],"event_choices":[{"damage_healed":0.0,"max_hp_gain":0.0,"max_hp_loss":0.0,"gold_gain":0.0,"event_name":"Scrap Ooze","player_choice":"Fled","floor":2.0,"gold_loss":0.0,"damage_taken":0.0},{"damage_healed":0.0,"max_hp_gain":5.0,"max_hp_loss":0.0,"gold_gain":0.0,"event_name":"Forgotten Altar","player_choice":"Shed Blood","floor":19.0,"gold_loss":0.0,"damage_taken":18.0},{"damage_healed":0.0,"max_hp_gain":0.0,"max_hp_loss":0.0,"gold_gain":0.0,"event_name":"Match and Keep!","player_choice":"1 cards matched","floor":20.0,"gold_loss":0.0,"damage_taken":0.0,"cards_obtained":["Escape Plan"]},{"damage_healed":0.0,"max_hp_gain":0.0,"max_hp_loss":0.0,"gold_gain":270.0,"event_name":"Knowing Skull","player_choice":"GOLD GOLD GOLD ","floor":27.0,"potions_obtained":[],"gold_loss":0.0,"damage_taken":28.0,"cards_obtained":[]},{"damage_healed":0.0,"max_hp_gain":0.0,"max_hp_loss":0.0,"gold_gain":0.0,"event_name":"SensoryStone","player_choice":"Memory 3","floor":36.0,"gold_loss":0.0,"damage_taken":10.0},{"damage_healed":0.0,"max_hp_gain":0.0,"max_hp_loss":0.0,"gold_gain":275.0,"event_name":"Golden Shrine","player_choice":"Desecrate","floor":41.0,"gold_loss":0.0,"damage_taken":0.0,"cards_obtained":["Regret"]},{"cards_removed":["Strike_G"],"damage_healed":0,"gold_gain":0,"player_choice":"Removed Attack","damage_taken":0,"max_hp_gain":0,"max_hp_loss":0,"event_name":"Falling","floor":48,"gold_loss":0}],"is_beta":false,"boss_relics":[{"not_picked":["White Beast Statue","Astrolabe","Runic Pyramid"]},{"not_picked":["Busted Crown","Empty Cage","Sozu"]}],"items_purged_floors":[5,29,42,45],"is_endless":false,"potions_floor_spawned":[1,4,8,16,25,31,33,35,37,46],"ascension_level":0}