{"gold_per_floor":[113,128,140,159,159,184,184,204,252,252,265,265,296,296,296,394,394,410,62,62,82,82,82,101,101,101,114,114,133,133,152,152,257,257,277,277,277,340,390,390,390,440,440,14,76,96,96,116,116,116],"floor_reached":50,"playtime":943,"items_purged":[],"score":509,"play_id":"3463e325-6e94-4e58-b1e6-4709f22b9249","local_time":"20190710121559","is_ascension_mode":false,"campfire_choices":[{"data":"Iron Wave","floor":7,"key":"SMITH"},{"floor":10,"key":"REST"},{"data":"Wild Strike","floor":12,"key":"SMITH"},{"data":"Demon Form","floor":15,"key":"SMITH"},{"data":"Spot Weakness","floor":23,"key":"SMITH"},{"data":"Immolate","floor":28,"key":"SMITH"},{"data":"Bash","floor":32,"key":"SMITH"},{"data":"Fiend Fire","floor":41,"key":"SMITH"},{"data":"Feel No Pain","floor":47,"key":"SMITH"},{"data":"Double Tap","floor":49,"key":"SMITH"}],"neow_cost":"NONE","seed_source_timestamp":1039505073941900,"circlet_count":0,"master_deck":["Strike_R+1","Strike_R+1","Strike_R+1","Strike_R+1","Defend_R+1","Defend_R+1","Defend_R+1","Defend_R+1","Bash+1","Iron Wave+1","Headbutt","Spot Weakness+1","Whirlwind+1","Shrug It Off","Wild Strike+1","Demon Form+1","Corruption","Immolate+1","Uppercut+1","Twin Strike+1","Uppercut+1","Ghostly Armor","Fiend Fire+1","Battle Trance","Flex+1","Double Tap+1","Feel No Pain+1","True Grit+1"],"relics":["Black Blood","Unceasing Top","Pen Nib","Bottled Lightning","Snecko Eye","Potion Belt","Strawberry","Bag of Preparation","SsserpentHead","MawBank","Bag of Marbles","Ginger"],"potions_floor_usage":[6,8,16,33,33,35,40,48,50,50,50,50],"damage_taken":[{"damage":0,"enemies":"Small Slimes","floor":1,"turns":3},{"damage":6,"enemies":"Cultist","floor":2,"turns":3},{"damage":11,"enemies":"Jaw Worm","floor":3,"turns":2},{"damage":12,"enemies":"Blue Slaver","floor":4,"turns":2},{"damage":15,"enemies":"Gremlin Nob","floor":6,"turns":4},{"damage":9,"enemies":"2 Fungi Beasts","floor":8,"turns":2},{"damage":2,"enemies":"Large Slime","floor":11,"turns":4},{"damage":13,"enemies":"Lagavulin","floor":13,"turns":5},{"damage":30,"enemies":"Slime Boss","floor":16,"turns":6},{"damage":0,"enemies":"Spheric Guardian","floor":18,"turns":3},{"damage":0,"enemies":"Chosen","floor":21,"turns":3},{"damage":18,"enemies":"Shelled Parasite and Fungi","floor":24,"turns":3},{"damage":0,"enemies":"Snecko","floor":27,"turns":3},{"damage":2,"enemies":"Cultist and Chosen","floor":29,"turns":3},{"damage":2,"enemies":"Chosen and Byrds","floor":31,"turns":3},{"damage":43,"enemies":"Collector","floor":33,"turns":7},{"damage":15,"enemies":"3 Darklings","floor":35,"turns":3},{"damage":0,"enemies":"Orb Walker","floor":38,"turns":1},{"damage":0,"enemies":"Nemesis","floor":40,"turns":1},{"damage":7,"enemies":"Writhing Mass","floor":45,"turns":2},{"damage":26,"enemies":"Transient","floor":46,"turns":5},{"damage":3,"enemies":"4 Shapes","floor":48,"turns":3},{"damage":84,"enemies":"Awakened One","floor":50,"turns":5}],"seed_played":"7353423752814459527","potions_obtained":[{"floor":4,"key":"Weak Potion"},{"floor":6,"key":"AttackPotion"},{"floor":13,"key":"Poison Potion"},{"floor":16,"key":"Dexterity Potion"},{"floor":24,"key":"SkillPotion"},{"floor":31,"key":"Block Potion"},{"floor":33,"key":"Swift Potion"},{"floor":38,"key":"Ancient Potion"},{"floor":46,"key":"Fruit Juice"},{"floor":48,"key":"AttackPotion"}],"is_trial":false,"path_per_floor":["M","M","M","M","?","E","R","M","T","R","M","R","E","?","R","B",null,"M","$","?","M","?","R","M","?","T","M","R","M","?","M","R","B",null,"M","?","?","M","?","E","R","?","T","$","M","M","R","M","R","B"],"character_chosen":"IRONCLAD","items_purchased":["Potion Belt","SmokeBomb","Explosive Potion","SkillPotion","Bag of Marbles","Ginger"],"campfire_rested":1,"item_purchase_floors":[19,19,19,19,44,44],"current_hp_per_floor":[80,80,75,69,69,60,60,57,57,80,80,80,73,78,78,54,85,85,85,85,85,92,92,80,80,80,86,86,90,90,92,92,55,92,87,87,87,92,87,87,87,87,87,87,87,71,71,83,83,0],"gold":116,"neow_bonus":"UPGRADE_CARD","is_prod":false,"is_daily":false,"chose_seed":false,"campfire_upgraded":9,"win_rate":0,"timestamp":1562775359,"path_taken":["M","M","M","M","?","E","R","?","T","R","M","R","E","?","R","BOSS","M","$","?","M","?","R","M","?","T","M","R","M","?","?","R","BOSS","M","?","?","?","?","E","R","?","T","$","?","M","R","M","R","BOSS"],"build_version":"2019-07-05","purchased_purges":0,"victory":false,"max_hp_per_floor":[80,80,80,80,80,80,80,80,80,80,80,80,80,85,85,85,85,85,85,85,85,92,92,92,92,92,92,92,92,92,92,92,92,92,92,92,92,92,87,87,87,87,87,87,87,87,87,92,92,92],"card_choices":[{"not_picked":["Warcry","Combust"],"picked":"Iron Wave","floor":1},{"not_picked":["Fire Breathing","Thunderclap"],"picked":"Headbutt","floor":2},{"not_picked":["Ghostly Armor","Pummel"],"picked":"Spot Weakness","floor":3},{"not_picked":["Warcry","Clash"],"picked":"Whirlwind","floor":4},{"not_picked":["Disarm","Rampage"],"picked":"Shrug It Off","floor":6},{"not_picked":["Intimidate","Entrench"],"picked":"Wild Strike","floor":8},{"not_picked":["Hemokinesis","Pommel Strike"],"picked":"Demon Form","floor":11},{"not_picked":["Entrench","Clash"],"picked":"Corruption","floor":13},{"not_picked":["Double Tap","Bludgeon"],"picked":"Immolate","floor":16},{"not_picked":["Heavy Blade","Iron Wave"],"picked":"Uppercut+1","floor":18},{"not_picked":["Warcry","Fire Breathing"],"picked":"Twin Strike+1","floor":21},{"not_picked":["Pommel Strike","Anger","Rampage"],"picked":"SKIP","floor":24},{"not_picked":["Twin Strike","Bloodletting","Reckless Charge"],"picked":"SKIP","floor":27},{"not_picked":["Spot Weakness","Rage"],"picked":"Uppercut+1","floor":29},{"not_picked":["Pommel Strike","Headbutt"],"picked":"Ghostly Armor","floor":31},{"not_picked":["Double Tap","Juggernaut"],"picked":"Fiend Fire","floor":33},{"not_picked":["Headbutt","Bloodletting"],"picked":"Battle Trance","floor":35},{"not_picked":["Perfected Strike","Cleave"],"picked":"Flex+1","floor":38},{"not_picked":["Armaments","Disarm+1"],"picked":"Double Tap","floor":45},{"not_picked":["Cleave","Fire Breathing"],"picked":"Feel No Pain","floor":46},{"not_picked":["Perfected Strike+1","Blood for Blood"],"picked":"True Grit+1","floor":48}],"player_experience":1818976,"relics_obtained":[{"floor":6,"key":"Unceasing Top"},{"floor":9,"key":"Pen Nib"},{"floor":13,"key":"Bottled Lightning"},{"floor":26,"key":"Bag of Preparation"},{"floor":43,"key":"MawBank"}],"event_choices":[{"damage_healed":0,"gold_gain":0,"player_choice":"Upgraded","damage_taken":0,"max_hp_gain":0,"max_hp_loss":0,"event_name":"Upgrade Shrine","floor":5,"gold_loss":0,"cards_upgraded":["Whirlwind"]},{"damage_healed":0,"gold_gain":0,"player_choice":"Donut","damage_taken":0,"max_hp_gain":5,"max_hp_loss":0,"event_name":"Big Fish","floor":14,"gold_loss":0},{"damage_healed":0,"gold_gain":0,"player_choice":"Ignored","damage_taken":0,"max_hp_gain":0,"max_hp_loss":0,"event_name":"Vampires","floor":20,"gold_loss":0},{"damage_healed":0,"gold_gain":0,"player_choice":"Stole Relic","damage_taken":0,"relics_obtained":["Strawberry"],"max_hp_gain":0,"max_hp_loss":0,"event_name":"Addict","floor":22,"gold_loss":0,"cards_obtained":["Shame"]},{"damage_healed":0,"gold_gain":0,"player_choice":"Simplicity","damage_taken":0,"max_hp_gain":0,"max_hp_loss":0,"event_name":"Back to Basics","floor":25,"gold_loss":0,"cards_upgraded":["Strike_R","Strike_R","Strike_R","Strike_R","Defend_R","Defend_R","Defend_R","Defend_R"]},{"cards_removed":["Shame"],"damage_healed":0,"gold_gain":0,"player_choice":"Purged","damage_taken":0,"max_hp_gain":0,"max_hp_loss":0,"event_name":"Purifier","floor":30,"gold_loss":0},{"damage_healed":0,"gold_gain":0,"player_choice":"Ignored","damage_taken":0,"max_hp_gain":0,"max_hp_loss":0,"event_name":"Mysterious Sphere","floor":36,"gold_loss":0},{"damage_healed":0,"gold_gain":0,"player_choice":"Trade","damage_taken":0,"relics_obtained":["SsserpentHead"],"max_hp_gain":0,"max_hp_loss":0,"event_name":"FaceTrader","floor":37,"gold_loss":0},{"damage_healed":0,"gold_gain":0,"player_choice":"Max HP","damage_taken":0,"max_hp_gain":0,"max_hp_loss":5,"event_name":"Winding Halls","floor":39,"gold_loss":0},{"cards_removed":["Strike_R"],"damage_healed":0,"gold_gain":0,"player_choice":"Offered Basic","damage_taken":0,"max_hp_gain":0,"max_hp_loss":0,"event_name":"Bonfire Elementals","floor":42,"gold_loss":0}],"is_beta":false,"boss_relics":[{"not_picked":["Cursed Key","Runic Pyramid"],"picked":"Snecko Eye"},{"not_picked":["Empty Cage","Astrolabe"],"picked":"Black Blood"}],"items_purged_floors":[],"is_endless":false,"potions_floor_spawned":[4,6,13,16,24,31,33,38,46,48],"killed_by":"Awakened One","ascension_level":0}