{"gold_per_floor":[110,125,142,142,217,249,264,264,315,346,346,381,392,492,492,593,593,613,361,374,391,152,187,11,36,36,36,65,82,82],"floor_reached":30,"playtime":4719,"items_purged":["Strike_B"],"score":498,"play_id":"12bc9936-c66c-4b2e-98bd-6e53cb7d3439","local_time":"20190620005640","is_ascension_mode":true,"campfire_choices":[{"data":"Lockon","floor":8.0,"key":"SMITH"},{"data":"Zap","floor":15.0,"key":"SMITH"},{"data":"Recycle","floor":27,"key":"SMITH"}],"neow_cost":"NONE","seed_source_timestamp":589515446357388,"circlet_count":0,"master_deck":["Strike_B","Strike_B","Defend_B","Defend_B","Defend_B","Defend_B","Zap+1","Dualcast","Lockon+1","Scrape","Steam","Hologram","Ball Lightning","All For One","Go for the Eyes","Reinforced Body","Rainbow","Turbo","Turbo","Sunder","Dark Shackles","Reinforced Body","Loop","All For One","Scrape","Gash","Undo","Recycle+1","Conserve Battery","Genetic Algorithm+1","Steam","Steam"],"special_seed":0,"relics":["Cracked Core","Blood Vial","Kunai","Bag of Marbles","Anchor","NlothsMask","Torii","Inserter","The Courier","Mango","Juzu Bracelet"],"potions_floor_usage":[25,25],"damage_taken":[{"damage":0.0,"enemies":"Jaw Worm","floor":1.0,"turns":3.0},{"damage":4.0,"enemies":"Small Slimes","floor":2.0,"turns":3.0},{"damage":0.0,"enemies":"2 Louse","floor":3.0,"turns":2.0},{"damage":19.0,"enemies":"Lagavulin","floor":6.0,"turns":7.0},{"damage":0.0,"enemies":"Exordium Thugs","floor":7.0,"turns":3.0},{"damage":10.0,"enemies":"3 Sentries","floor":10.0,"turns":5.0},{"damage":18.0,"enemies":"Gremlin Nob","floor":12.0,"turns":3.0},{"damage":0.0,"enemies":"3 Louse","floor":13.0,"turns":3.0},{"damage":0.0,"enemies":"The Guardian","floor":16.0,"turns":11.0},{"damage":0.0,"enemies":"Chosen","floor":18.0,"turns":3.0},{"damage":7.0,"enemies":"3 Byrds","floor":20.0,"turns":4.0},{"damage":11.0,"enemies":"Centurion and Healer","floor":21.0,"turns":8.0},{"damage":0.0,"enemies":"Gremlin Leader","floor":23.0,"turns":7.0},{"damage":7,"enemies":"Book of Stabbing","floor":25,"turns":5},{"damage":11,"enemies":"Slavers","floor":28,"turns":9},{"damage":18,"enemies":"Snake Plant","floor":29,"turns":5},{"damage":38,"enemies":"Gremlin Leader","floor":30,"turns":6}],"seed_played":"7826486598529282720","potions_obtained":[{"floor":1.0,"key":"EntropicBrew"},{"floor":3.0,"key":"FearPotion"},{"floor":7.0,"key":"Poison Potion"},{"floor":12.0,"key":"EssenceOfSteel"},{"floor":21.0,"key":"Dexterity Potion"},{"floor":23.0,"key":"FearPotion"},{"floor":25,"key":"Ancient Potion"}],"is_trial":false,"path_per_floor":["M","M","M","?","?","E","M","R","T","E","?","E","M","?","R","B",null,"M","$","M","M","$","E","$","E","T","R","E","M","E"],"character_chosen":"DEFECT","items_purchased":["Turbo","Sunder","Dark Shackles","All For One","SteroidPotion","Energy Potion","Gash","Undo","Recycle","Conserve Battery"],"campfire_rested":0,"item_purchase_floors":[19,19,19,22,22,22,24,24,24,24],"current_hp_per_floor":[70,68,70,70,59,42,44,44,44,36,36,20,22,22,22,24,62,64,64,59,50,50,52,52,61,61,61,52,36,0],"gold":82,"neow_bonus":"RANDOM_COMMON_RELIC","is_prod":false,"is_daily":false,"chose_seed":false,"campfire_upgraded":3,"win_rate":0,"timestamp":1560981400,"path_taken":["M","M","M","?","?","E","M","R","T","E","?","E","?","?","R","BOSS","M","$","M","M","?","E","$","E","T","R","E","M","E"],"build_version":"2019-01-23","purchased_purges":1,"victory":false,"max_hp_per_floor":[75,75,75,75,75,75,75,75,75,75,75,75,75,75,75,75,75,75,75,75,75,75,75,75,89,89,89,89,89,89],"card_choices":[{"not_picked":["Compile Driver","Beam Cell"],"picked":"Lockon","floor":1.0},{"not_picked":["Conserve Battery","Recycle"],"picked":"Scrape","floor":2.0},{"not_picked":["Beam Cell","Stack"],"picked":"Steam","floor":3.0},{"not_picked":["Fission","Barrage"],"picked":"Hologram","floor":6.0},{"not_picked":["Sweeping Beam","Chill"],"picked":"Ball Lightning","floor":7.0},{"not_picked":["Hello World","Beam Cell"],"picked":"All For One","floor":10.0},{"not_picked":["Auto Shields","Redo"],"picked":"Go for the Eyes","floor":12.0},{"not_picked":["Force Field","Rebound"],"picked":"Reinforced Body","floor":13.0},{"not_picked":["Thunder Strike","Multi-Cast"],"picked":"Rainbow","floor":16.0},{"not_picked":["Leap","Coolheaded"],"picked":"Turbo","floor":18.0},{"not_picked":["Sweeping Beam","Hologram"],"picked":"Reinforced Body","floor":20.0},{"not_picked":["Leap","Redo"],"picked":"Loop","floor":21.0},{"not_picked":["Amplify","Loop"],"picked":"Scrape","floor":23.0},{"not_picked":["Hello World","Tempest+1"],"picked":"Genetic Algorithm+1","floor":25},{"not_picked":["Genetic Algorithm","Conserve Battery"],"picked":"Steam","floor":28},{"not_picked":["Storm+1","Ball Lightning"],"picked":"Steam","floor":29}],"player_experience":325648,"relics_obtained":[{"floor":6.0,"key":"Kunai"},{"floor":9.0,"key":"Bag of Marbles"},{"floor":10.0,"key":"Anchor"},{"floor":12.0,"key":"Torii"},{"floor":23.0,"key":"The Courier"},{"floor":25,"key":"Mango"},{"floor":28,"key":"Juzu Bracelet"}],"event_choices":[{"cards_removed":["Strike_B"],"damage_healed":0.0,"max_hp_gain":0.0,"max_hp_loss":0.0,"gold_gain":0.0,"event_name":"Living Wall","player_choice":"Forget","floor":4.0,"gold_loss":0.0,"damage_taken":0.0},{"damage_healed":0.0,"max_hp_gain":0.0,"max_hp_loss":0.0,"gold_gain":75.0,"event_name":"World of Goop","player_choice":"Gather Gold","floor":5.0,"gold_loss":0.0,"damage_taken":11.0},{"damage_healed":0.0,"max_hp_gain":0.0,"max_hp_loss":0.0,"gold_gain":0.0,"event_name":"FaceTrader","player_choice":"Trade","floor":11.0,"gold_loss":0.0,"damage_taken":0.0,"relics_obtained":["NlothsMask"]},{"damage_healed":0.0,"max_hp_gain":0.0,"max_hp_loss":0.0,"gold_gain":100.0,"event_name":"Golden Shrine","player_choice":"Pray","floor":14.0,"gold_loss":0.0,"damage_taken":0.0}],"is_beta":false,"boss_relics":[{"not_picked":["Empty Cage","Sozu"],"picked":"Inserter"}],"items_purged_floors":[19],"is_endless":false,"potions_floor_spawned":[1,3,7,12,21,23,25],"killed_by":"Gremlin Leader","ascension_level":6}