{"gold_per_floor":[118,135,135,149,164,164,193,193,267,58,58,77,108,125,125,222,222,236,236,12,111,129,163,163,192,192,14,29,62,62,72,72,172,172,187,187,187,205,225,252,266,48,48,74,93,120,120,150,150,150,150,150,23,56,56],"floor_reached":55,"playtime":7153,"items_purged":["Strike_B","Pain","Strike_B","Strike_B"],"score":1338,"play_id":"c5d68dc7-3428-47e2-98a9-4a620c151977","local_time":"20190629013856","is_ascension_mode":true,"campfire_choices":[{"data":"Streamline","floor":6.0,"key":"SMITH"},{"data":"Zap","floor":8.0,"key":"SMITH"},{"floor":11.0,"key":"REST"},{"data":"Leap","floor":15.0,"key":"SMITH"},{"data":"Biased Cognition","floor":24.0,"key":"SMITH"},{"data":"Glacier","floor":30.0,"key":"SMITH"},{"floor":32.0,"key":"REST"},{"floor":47,"key":"RECALL"},{"floor":49,"key":"REST"},{"floor":52,"key":"REST"}],"neow_cost":"NONE","seed_source_timestamp":0,"circlet_count":0,"master_deck":["AscendersBane","Defend_B","Defend_B+1","Defend_B","Defend_B","Zap+1","Dualcast","Ball Lightning","Streamline+1","Beam Cell","Gash","Leap+1","Cold Snap","Bandage Up","Self Repair","Cold Snap","Core Surge","Biased Cognition+1","Glacier+1","Coolheaded","Chill","Cold Snap","Undo","Genetic Algorithm","Capacitor","Hologram+1","Coolheaded","Electrodynamics","Coolheaded+1","Genetic Algorithm+1","Capacitor","Biased Cognition","Skim","Static Discharge"],"special_seed":0,"relics":["Cracked Core","WarpedTongs","Mango","Letter Opener","Centennial Puzzle","Philosopher\u0027s Stone","Strawberry","Ginger","Singing Bowl","Girya","Fusion Hammer","Omamori","Potion Belt","The Courier","Molten Egg 2","War Paint"],"potions_floor_usage":[41,55],"damage_taken":[{"damage":1.0,"enemies":"2 Louse","floor":1.0,"turns":3.0},{"damage":0.0,"enemies":"Cultist","floor":2.0,"turns":2.0},{"damage":7.0,"enemies":"Jaw Worm","floor":4.0,"turns":4.0},{"damage":23.0,"enemies":"Large Slime","floor":5.0,"turns":5.0},{"damage":22.0,"enemies":"3 Sentries","floor":7.0,"turns":7.0},{"damage":7.0,"enemies":"Exordium Wildlife","floor":12.0,"turns":2.0},{"damage":9.0,"enemies":"Gremlin Nob","floor":13.0,"turns":3.0},{"damage":3.0,"enemies":"Blue Slaver","floor":14.0,"turns":4.0},{"damage":11.0,"enemies":"Slime Boss","floor":16.0,"turns":9.0},{"damage":23.0,"enemies":"2 Thieves","floor":18.0,"turns":3.0},{"damage":0.0,"enemies":"Spheric Guardian","floor":22.0,"turns":4.0},{"damage":50.0,"enemies":"Slavers","floor":23.0,"turns":7.0},{"damage":36.0,"enemies":"Gremlin Leader","floor":25.0,"turns":10.0},{"damage":4.0,"enemies":"Snake Plant","floor":28.0,"turns":5.0},{"damage":3.0,"enemies":"Book of Stabbing","floor":29.0,"turns":7.0},{"damage":25.0,"enemies":"Centurion and Healer","floor":31.0,"turns":6.0},{"damage":9.0,"enemies":"Collector","floor":33.0,"turns":11.0},{"damage":8.0,"enemies":"3 Darklings","floor":35.0,"turns":2.0},{"damage":17.0,"enemies":"3 Shapes","floor":38.0,"turns":3.0},{"damage":21.0,"enemies":"Spire Growth","floor":39.0,"turns":7.0},{"damage":21.0,"enemies":"Nemesis","floor":40.0,"turns":7.0},{"damage":1,"enemies":"Writhing Mass","floor":41,"turns":8},{"damage":12,"enemies":"Giant Head","floor":44,"turns":11},{"damage":17,"enemies":"Jaw Worm Horde","floor":45,"turns":5},{"damage":31,"enemies":"Nemesis","floor":46,"turns":15},{"damage":11,"enemies":"Giant Head","floor":48,"turns":13},{"damage":21,"enemies":"Donu and Deca","floor":50,"turns":12},{"damage":65,"enemies":"Shield and Spear","floor":54,"turns":8},{"damage":67,"enemies":"The Heart","floor":55,"turns":5}],"seed_played":"2029512505829036428","potions_obtained":[{"floor":2.0,"key":"Swift Potion"},{"floor":4.0,"key":"GamblersBrew"},{"floor":12.0,"key":"Ancient Potion"},{"floor":16.0,"key":"LiquidBronze"},{"floor":25.0,"key":"Swift Potion"},{"floor":40.0,"key":"GamblersBrew"},{"floor":41,"key":"EssenceOfSteel"}],"is_trial":false,"path_per_floor":["M","M","?","M","M","R","E","R","T","$","R","M","E","M","R","B",null,"M","?","$","?","M","E","R","E","T","$","M","E","R","M","R","B",null,"M","?","$","M","M","E","M","$","T","E","M","E","R","E","R","B",null,"R","$","E","B"],"character_chosen":"DEFECT","items_purchased":["Cold Snap","Bandage Up","Chill","Cold Snap","Hologram","Capacitor","Skim","Static Discharge"],"campfire_rested":4,"item_purchase_floors":[10,10,20,20,27,42,53,53],"current_hp_per_floor":[67,67,67,60,37,37,29,29,29,29,55,52,57,65,65,68,84,75,75,75,75,79,52,52,30,30,30,42,55,55,36,66,68,92,90,90,90,79,72,62,74,74,74,75,71,53,53,55,88,78,104,112,112,63,0],"gold":56,"neow_bonus":"REMOVE_CARD","is_prod":false,"is_daily":false,"chose_seed":false,"campfire_upgraded":5,"win_rate":0,"timestamp":1561761536,"path_taken":["M","M","?","?","M","R","E","R","T","$","R","M","E","M","R","BOSS","M","?","$","?","M","E","R","E","T","?","M","E","R","M","R","BOSS","M","?","$","?","M","E","M","$","T","E","M","E","R","E","R","BOSS","R","$","E","BOSS"],"build_version":"2019-01-23","purchased_purges":4,"victory":false,"max_hp_per_floor":[75,75,75,75,75,75,89,89,89,89,89,89,89,89,89,89,89,89,89,89,89,89,96,96,96,96,96,98,100,100,100,100,100,100,102,102,102,104,104,104,106,106,106,108,110,110,110,112,112,112,112,112,112,114,114],"card_choices":[{"not_picked":["Barrage","FTL"],"picked":"Ball Lightning","floor":1.0},{"not_picked":["Coolheaded","Go for the Eyes"],"picked":"Streamline","floor":2.0},{"not_picked":["Steam","Coolheaded"],"picked":"Beam Cell","floor":4.0},{"not_picked":["Stack","Barrage"],"picked":"Gash","floor":5.0},{"not_picked":["Hyperbeam","Stack"],"picked":"Leap","floor":7.0},{"not_picked":["Conserve Battery","Skim"],"picked":"Self Repair","floor":12.0},{"not_picked":["Hello World","Leap"],"picked":"Cold Snap","floor":13.0},{"not_picked":["Cold Snap","Reprogram"],"picked":"Core Surge","floor":14.0},{"not_picked":["Rainbow","All For One"],"picked":"Biased Cognition","floor":16.0},{"not_picked":["Streamline","Blizzard"],"picked":"Glacier","floor":18.0},{"not_picked":["Turbo","White Noise"],"picked":"Undo","floor":22.0},{"not_picked":["Go for the Eyes","Creative AI"],"picked":"Genetic Algorithm","floor":23.0},{"not_picked":["Hologram","Streamline"],"picked":"Capacitor","floor":25.0},{"not_picked":["Conserve Battery","Streamline","Redo"],"picked":"Singing Bowl","floor":28.0},{"not_picked":["Ball Lightning","Reinforced Body","Turbo+1"],"picked":"Singing Bowl","floor":29.0},{"not_picked":["Amplify","Steam"],"picked":"Coolheaded","floor":31.0},{"not_picked":["Creative AI","Core Surge"],"picked":"Electrodynamics","floor":33.0},{"not_picked":["Redo+1","Gash","Conserve Battery"],"picked":"Singing Bowl","floor":35.0},{"not_picked":["Auto Shields","Sweeping Beam","Steam Power"],"picked":"Singing Bowl","floor":38.0},{"not_picked":["Hello World","Ball Lightning+1"],"picked":"Coolheaded+1","floor":39.0},{"not_picked":["Steam Power","Leap"],"picked":"Genetic Algorithm+1","floor":40.0},{"not_picked":["Streamline","Tempest+1","Redo+1"],"picked":"Singing Bowl","floor":41},{"not_picked":["Tempest","Steam Power","Beam Cell"],"picked":"Singing Bowl","floor":44},{"not_picked":["Rebound+1","Reprogram+1","Darkness"],"picked":"Singing Bowl","floor":45},{"not_picked":["Rip and Tear","Go for the Eyes"],"picked":"Biased Cognition","floor":46},{"not_picked":["Reprogram+1","Melter","Recycle"],"picked":"Singing Bowl","floor":48},{"not_picked":["Rip and Tear+1","Scrape+1","Sunder+1"],"picked":"Singing Bowl","floor":54}],"player_experience":648075,"relics_obtained":[{"floor":7.0,"key":"Mango"},{"floor":9.0,"key":"Letter Opener"},{"floor":13.0,"key":"Centennial Puzzle"},{"floor":23.0,"key":"Strawberry"},{"floor":25.0,"key":"Ginger"},{"floor":26.0,"key":"Singing Bowl"},{"floor":29.0,"key":"Girya"},{"floor":40.0,"key":"Omamori"},{"floor":44,"key":"Potion Belt"},{"floor":46,"key":"The Courier"},{"floor":48,"key":"Molten Egg 2"},{"floor":54,"key":"War Paint"}],"event_choices":[{"damage_healed":0.0,"max_hp_gain":0.0,"max_hp_loss":0.0,"gold_gain":0.0,"event_name":"Accursed Blacksmith","player_choice":"Rummage","floor":3.0,"gold_loss":0.0,"damage_taken":0.0,"relics_obtained":["WarpedTongs"],"cards_obtained":["Pain"]},{"damage_healed":0.0,"max_hp_gain":0.0,"max_hp_loss":0.0,"gold_gain":0.0,"event_name":"The Library","player_choice":"Read","floor":19.0,"gold_loss":0.0,"damage_taken":0.0,"cards_obtained":["Coolheaded"]},{"damage_healed":0.0,"max_hp_gain":0.0,"max_hp_loss":0.0,"gold_gain":99.0,"event_name":"Nest","player_choice":"Stole From Cult","floor":21.0,"gold_loss":0.0,"damage_taken":0.0},{"damage_healed":0.0,"max_hp_gain":0.0,"max_hp_loss":0.0,"gold_gain":0.0,"event_name":"SecretPortal","player_choice":"Ignored","floor":36.0,"gold_loss":0.0,"damage_taken":0.0}],"is_beta":false,"boss_relics":[{"not_picked":["Empty Cage","White Beast Statue"],"picked":"Philosopher\u0027s Stone"},{"not_picked":["Orrery","FrozenCore"],"picked":"Fusion Hammer"}],"items_purged_floors":[10,20,27,42],"is_endless":false,"potions_floor_spawned":[2,4,12,16,25,29,35,40,41],"killed_by":"The Heart","ascension_level":12}