{"gold_per_floor":[112,132,132,207,217,217,242,262,262,262,275,275],"floor_reached":12,"playtime":763,"items_purged":[],"score":160,"play_id":"4d0b837a-6ca4-4310-b073-ec7733592b6b","local_time":"20190725152521","is_ascension_mode":true,"campfire_choices":[{"floor":6,"key":"REST"},{"floor":10,"key":"REST"}],"neow_cost":"TEN_PERCENT_HP_LOSS","seed_source_timestamp":491263143813469,"circlet_count":0,"master_deck":["AscendersBane","Strike_B","Strike_B","Defend_B","Defend_B","Defend_B","Defend_B","Zap+1","Dualcast","Go for the Eyes","Beam Cell","Undo","Rip and Tear","Go for the Eyes","Cold Snap"],"relics":["Cracked Core","The Courier","Bottled Flame"],"potions_floor_usage":[],"damage_taken":[{"damage":12,"enemies":"Small Slimes","floor":1,"turns":4},{"damage":4,"enemies":"Jaw Worm","floor":2,"turns":4},{"damage":0,"enemies":"2 Louse","floor":5,"turns":3},{"damage":30,"enemies":"Lagavulin","floor":7,"turns":7},{"damage":17,"enemies":"Exordium Thugs","floor":8,"turns":4},{"damage":6,"enemies":"3 Louse","floor":11,"turns":4},{"damage":24,"enemies":"3 Sentries","floor":12,"turns":5}],"seed_played":"2104220680047455997","potions_obtained":[{"floor":1,"key":"SteroidPotion"},{"floor":5,"key":"FocusPotion"},{"floor":11,"key":"EssenceOfSteel"}],"is_trial":false,"path_per_floor":["M","M","?","?","M","R","E","M","T","R","M","E"],"character_chosen":"DEFECT","items_purchased":[],"campfire_rested":2,"item_purchase_floors":[],"current_hp_per_floor":[52,48,48,37,37,56,26,9,9,28,22,0],"gold":275,"neow_bonus":"REMOVE_TWO","is_prod":false,"is_daily":false,"chose_seed":false,"campfire_upgraded":0,"win_rate":0,"timestamp":1564057521,"path_taken":["M","M","?","?","M","R","E","M","T","R","M","E"],"build_version":"2019-07-17","purchased_purges":0,"victory":false,"max_hp_per_floor":[64,64,64,64,64,64,64,64,64,64,64,64],"card_choices":[{"not_picked":["Capacitor","Beam Cell"],"picked":"Go for the Eyes","floor":1},{"not_picked":["Heatsinks","Stack"],"picked":"Beam Cell","floor":2},{"not_picked":["Chaos","Rebound"],"picked":"Undo","floor":5},{"not_picked":["Darkness","Turbo"],"picked":"Rip and Tear","floor":7},{"not_picked":["Hello World","Fusion"],"picked":"Go for the Eyes","floor":8},{"not_picked":["Turbo","Beam Cell"],"picked":"Cold Snap","floor":11}],"player_experience":976146,"relics_obtained":[{"floor":7,"key":"The Courier"},{"floor":9,"key":"Bottled Flame"}],"event_choices":[{"damage_healed":0,"gold_gain":0,"player_choice":"Grow","damage_taken":0,"max_hp_gain":0,"max_hp_loss":0,"event_name":"Living Wall","floor":3,"gold_loss":0,"cards_upgraded":["Zap"]},{"damage_healed":0,"gold_gain":75,"player_choice":"Gather Gold","damage_taken":11,"max_hp_gain":0,"max_hp_loss":0,"event_name":"World of Goop","floor":4,"gold_loss":0}],"is_beta":false,"boss_relics":[],"items_purged_floors":[],"is_endless":false,"potions_floor_spawned":[1,5,11],"killed_by":"3 Sentries","ascension_level":20}