{"gold_per_floor":[115,115,30,44,63,63,98,98,98,98,133,151,164,179,179,253,253,272,282,282,78,105,105,133,145,196,111,111,13,13,41,41,117,117,129,147,147,47,47,75,75,75,75,75,100,114,114,128,128,128,128,128,128,35,68,68],"floor_reached":57,"playtime":7331,"items_purged":["Pain","Strike_R+1"],"score":2887,"play_id":"556ae7f6-ca56-429d-8beb-140a10b1779a","local_time":"20190726210730","is_ascension_mode":true,"campfire_choices":[{"data":"Bash","floor":6.0,"key":"SMITH"},{"data":"Metallicize","floor":8.0,"key":"SMITH"},{"data":"Feel No Pain","floor":15.0,"key":"SMITH"},{"floor":23.0,"key":"REST"},{"floor":30.0,"key":"REST"},{"data":"Demon Form","floor":32.0,"key":"SMITH"},{"data":"Corruption","floor":41.0,"key":"SMITH"},{"floor":44.0,"key":"RECALL"},{"data":"Feel No Pain","floor":47.0,"key":"SMITH"},{"data":"Dual Wield","floor":49.0,"key":"SMITH"},{"data":"Impervious","floor":53.0,"key":"SMITH"}],"neow_cost":"NONE","seed_source_timestamp":0,"circlet_count":0,"master_deck":["AscendersBane","Strike_R+1","Strike_R+1","Strike_R+1","Strike_R+1","Defend_R+1","Defend_R+1","Defend_R+1","Defend_R+1","Bash+1","Corruption+1","Metallicize+1","Feel No Pain+1","Feel No Pain+1","Anger","Ghostly Armor+1","Pommel Strike","True Grit","Havoc","Warcry","Fiend Fire","Clothesline+1","Inflame","Spot Weakness","True Grit","True Grit+1","Burning Pact","Sentinel","Demon Form+1","Offering","Body Slam+1","Dark Shackles","Metallicize","Impervious+1","Spot Weakness","Dual Wield+1","Feel No Pain","Shrug It Off"],"special_seed":0,"relics":["Burning Blood","Centennial Puzzle","Bottled Flame","Matryoshka","WarpedTongs","Regal Pillow","Philosopher\u0027s Stone","Red Mask","Bag of Marbles","Paper Frog","Oddly Smooth Stone","Letter Opener","War Paint","Runic Pyramid","Happy Flower","Omamori","Sundial","Bottled Lightning"],"potions_floor_usage":[56,56],"damage_taken":[{"damage":4.0,"enemies":"2 Louse","floor":1.0,"turns":4.0},{"damage":1.0,"enemies":"Cultist","floor":4.0,"turns":3.0},{"damage":5.0,"enemies":"Jaw Worm","floor":5.0,"turns":6.0},{"damage":11.0,"enemies":"3 Sentries","floor":7.0,"turns":20.0},{"damage":13.0,"enemies":"Lagavulin","floor":11.0,"turns":7.0},{"damage":1.0,"enemies":"Gremlin Gang","floor":12.0,"turns":5.0},{"damage":4.0,"enemies":"Large Slime","floor":13.0,"turns":8.0},{"damage":15.0,"enemies":"Exordium Thugs","floor":14.0,"turns":6.0},{"damage":12.0,"enemies":"Slime Boss","floor":16.0,"turns":11.0},{"damage":25.0,"enemies":"3 Byrds","floor":18.0,"turns":7.0},{"damage":34.0,"enemies":"Shell Parasite","floor":19.0,"turns":5.0},{"damage":9.0,"enemies":"Masked Bandits","floor":22.0,"turns":4.0},{"damage":29.0,"enemies":"Gremlin Leader","floor":24.0,"turns":10.0},{"damage":31.0,"enemies":"Centurion and Healer","floor":25.0,"turns":6.0},{"damage":16.0,"enemies":"Slavers","floor":31.0,"turns":5.0},{"damage":0.0,"enemies":"Champ","floor":33.0,"turns":9.0},{"damage":1.0,"enemies":"Orb Walker","floor":35.0,"turns":4.0},{"damage":13.0,"enemies":"3 Shapes","floor":36.0,"turns":3.0},{"damage":6.0,"enemies":"Nemesis","floor":40.0,"turns":9.0},{"damage":0.0,"enemies":"Giant Head","floor":45.0,"turns":8.0},{"damage":6.0,"enemies":"3 Darklings","floor":46.0,"turns":7.0},{"damage":0.0,"enemies":"Writhing Mass","floor":48.0,"turns":8.0},{"damage":20.0,"enemies":"Time Eater","floor":50.0,"turns":8.0},{"damage":22.0,"enemies":"Awakened One","floor":51.0,"turns":10.0},{"damage":40.0,"enemies":"Shield and Spear","floor":55.0,"turns":8.0},{"damage":27,"enemies":"The Heart","floor":56,"turns":11}],"seed_played":"3631127044690411545","potions_obtained":[{"floor":1.0,"key":"Poison Potion"},{"floor":7.0,"key":"SkillPotion"},{"floor":13.0,"key":"Fire Potion"},{"floor":16.0,"key":"Block Potion"},{"floor":18.0,"key":"SkillPotion"},{"floor":20.0,"key":"Strength Potion"},{"floor":20.0,"key":"Energy Potion"},{"floor":22.0,"key":"Ancient Potion"},{"floor":24.0,"key":"Regen Potion"},{"floor":25.0,"key":"Weak Potion"},{"floor":45.0,"key":"Energy Potion"}],"is_trial":false,"path_per_floor":["M","?","$","M","M","R","E","R","T","?","E","M","M","M","R","B",null,"M","M","?","$","?","R","E","M","T","?","?","$","R","E","R","B",null,"M","M","?","$","?","E","R","$","T","R","E","M","R","M","R","B","B",null,"R","$","E","B",null],"character_chosen":"IRONCLAD","items_purchased":["Feel No Pain","Inflame","Spot Weakness","Sentinel","SteroidPotion","Feel No Pain","Shrug It Off"],"campfire_rested":2,"item_purchase_floors":[3,21,21,29,29,54,54],"current_hp_per_floor":[70,70,70,75,75,75,70,70,70,70,63,68,70,61,61,55,70,51,23,23,23,20,57,34,21,21,21,21,21,58,48,48,54,70,75,68,58,58,58,58,58,58,58,58,64,64,64,70,70,56,40,63,63,63,29,8],"gold":68,"neow_bonus":"RANDOM_COMMON_RELIC","is_prod":false,"is_daily":false,"chose_seed":false,"campfire_upgraded":8,"win_rate":0,"timestamp":1564164450,"path_taken":["M","?","$","M","?","R","E","R","T","?","E","M","?","M","R","BOSS","M","M","?","?","?","R","E","?","T","?","?","$","R","E","R","BOSS","M","M","?","$","?","E","R","$","T","R","E","M","R","M","R","BOSS","BOSS","R","$","E","BOSS"],"build_version":"2019-07-17","purchased_purges":2,"victory":true,"max_hp_per_floor":[75,75,75,75,75,75,75,75,75,75,75,75,75,75,75,75,75,75,75,75,75,75,75,75,75,75,75,75,75,75,75,75,75,75,75,75,75,75,71,71,71,71,71,71,71,71,71,71,71,71,71,71,71,71,71,71],"card_choices":[{"not_picked":["Sentinel","Cleave"],"picked":"Corruption","floor":1.0},{"not_picked":["Pommel Strike","Thunderclap"],"picked":"Feel No Pain","floor":4.0},{"not_picked":["Body Slam","Twin Strike"],"picked":"Anger","floor":5.0},{"not_picked":["Thunderclap","Rupture"],"picked":"Ghostly Armor","floor":7.0},{"not_picked":["Iron Wave","Intimidate"],"picked":"Pommel Strike","floor":11.0},{"not_picked":["Warcry","Hemokinesis"],"picked":"True Grit","floor":12.0},{"not_picked":["Dual Wield","Sword Boomerang"],"picked":"Havoc","floor":13.0},{"not_picked":["Whirlwind","Thunderclap"],"picked":"Warcry","floor":14.0},{"not_picked":["Double Tap","Immolate"],"picked":"Fiend Fire","floor":16.0},{"not_picked":["Cleave","Thunderclap","Clash"],"picked":"SKIP","floor":18.0},{"not_picked":["Thunderclap","True Grit"],"picked":"Clothesline+1","floor":19.0},{"not_picked":["Headbutt+1","Cleave+1"],"picked":"True Grit","floor":22.0},{"not_picked":["Iron Wave","Warcry"],"picked":"True Grit","floor":24.0},{"not_picked":["Armaments","Clash"],"picked":"Burning Pact","floor":25.0},{"not_picked":["Intimidate","Clothesline"],"picked":"Demon Form","floor":31.0},{"not_picked":["Juggernaut","Fiend Fire"],"picked":"Offering","floor":33.0},{"not_picked":["Pummel","Wild Strike"],"picked":"Body Slam+1","floor":35.0},{"not_picked":["Body Slam+1","Twin Strike+1","Iron Wave"],"picked":"SKIP","floor":36.0},{"not_picked":["Swift Strike","Blind"],"picked":"Dark Shackles","floor":37.0},{"not_picked":["Intimidate","Searing Blow+1"],"picked":"Metallicize","floor":40.0},{"not_picked":["Flame Barrier","Power Through"],"picked":"Impervious","floor":45.0},{"not_picked":["Blood for Blood","Warcry"],"picked":"Spot Weakness","floor":46.0},{"not_picked":["Flex+1","Rage"],"picked":"Dual Wield","floor":48.0},{"not_picked":["Armaments","Cleave+1","Clash"],"picked":"SKIP","floor":55.0}],"player_experience":1005508,"relics_obtained":[{"floor":7.0,"key":"Bottled Flame"},{"floor":9.0,"key":"Matryoshka"},{"floor":11.0,"key":"Regal Pillow"},{"floor":22.0,"key":"Red Mask"},{"floor":24.0,"key":"Bag of Marbles"},{"floor":26.0,"key":"Paper Frog"},{"floor":26.0,"key":"Oddly Smooth Stone"},{"floor":31.0,"key":"War Paint"},{"floor":40.0,"key":"Happy Flower"},{"floor":43.0,"key":"Omamori"},{"floor":45.0,"key":"Sundial"},{"floor":55.0,"key":"Bottled Lightning"}],"event_choices":[{"damage_healed":0.0,"max_hp_gain":0.0,"max_hp_loss":0.0,"gold_gain":0.0,"event_name":"Match and Keep!","player_choice":"1 cards matched","floor":2.0,"gold_loss":0.0,"damage_taken":0.0,"cards_obtained":["Metallicize"]},{"damage_healed":0.0,"max_hp_gain":0.0,"max_hp_loss":0.0,"gold_gain":0.0,"event_name":"Accursed Blacksmith","player_choice":"Rummage","floor":10.0,"gold_loss":0.0,"damage_taken":0.0,"relics_obtained":["WarpedTongs"],"cards_obtained":["Pain"]},{"damage_healed":0.0,"max_hp_gain":0.0,"max_hp_loss":0.0,"gold_gain":0.0,"event_name":"Lab","player_choice":"Got Potions","floor":20.0,"gold_loss":0.0,"damage_taken":0.0},{"damage_healed":0.0,"max_hp_gain":0.0,"max_hp_loss":0.0,"gold_gain":0.0,"event_name":"Masked Bandits","player_choice":"Fought Bandits","floor":22.0,"gold_loss":0.0,"damage_taken":0.0},{"damage_healed":0.0,"max_hp_gain":0.0,"max_hp_loss":0.0,"gold_gain":0.0,"event_name":"Addict","player_choice":"Obtained Relic","floor":27.0,"gold_loss":85.0,"damage_taken":0.0,"relics_obtained":["Letter Opener"]},{"damage_healed":0.0,"max_hp_gain":0.0,"max_hp_loss":0.0,"gold_gain":0.0,"event_name":"Back to Basics","player_choice":"Simplicity","floor":28.0,"gold_loss":0.0,"damage_taken":0.0,"cards_upgraded":["Strike_R","Strike_R","Strike_R","Strike_R","Strike_R","Defend_R","Defend_R","Defend_R","Defend_R"]},{"damage_healed":0.0,"max_hp_gain":0.0,"max_hp_loss":0.0,"gold_gain":0.0,"event_name":"SensoryStone","player_choice":"Memory 3","floor":37.0,"gold_loss":0.0,"damage_taken":10.0},{"damage_healed":0.0,"max_hp_gain":0.0,"max_hp_loss":4.0,"gold_gain":0.0,"event_name":"Winding Halls","player_choice":"Max HP","floor":39.0,"gold_loss":0.0,"damage_taken":0.0}],"is_beta":false,"boss_relics":[{"not_picked":["Calling Bell","Runic Dome"],"picked":"Philosopher\u0027s Stone"},{"not_picked":["Tiny House","Astrolabe"],"picked":"Runic Pyramid"}],"items_purged_floors":[21,38],"is_endless":false,"potions_floor_spawned":[1,7,13,16,18,22,24,25,45,46,48],"ascension_level":20}