{"gold_per_floor":[10,20,95,60,71,102,120,145,172,184,211,238,294,324,336,444,456,487,499,521,633,645,690,702,740,801,845,857,896,223,173,173,268,268,287,287,298,298,298,298,316,349,349,383,383,413,413,433,433,433,433,433,12,39,39],"floor_reached":56,"playtime":9959,"items_purged":["Strike_G"],"score":2088,"play_id":"41abbd50-a45c-4609-812d-77703e900ed4","local_time":"20190618011234","is_ascension_mode":true,"campfire_choices":[{"floor":10.0,"key":"REST"},{"data":"Deadly Poison","floor":15.0,"key":"SMITH"},{"data":"Wraith Form v2","floor":24.0,"key":"SMITH"},{"data":"Burst","floor":28.0,"key":"SMITH"},{"data":"Deadly Poison","floor":32.0,"key":"SMITH"},{"data":"Heel Hook","floor":40.0,"key":"PURGE"},{"data":"Deadly Poison","floor":45.0,"key":"SMITH"},{"data":"Doubt","floor":47.0,"key":"PURGE"},{"floor":49.0,"key":"RECALL"},{"floor":52.0,"key":"REST"}],"neow_cost":"NO_GOLD","seed_source_timestamp":0,"circlet_count":0,"master_deck":["Defend_G","Defend_G","Defend_G","Defend_G","Defend_G","Survivor","Neutralize","Deadly Poison+1","Dash","Masterful Stab","Deadly Poison+1","Dodge and Roll","Wraith Form v2+1","Acrobatics","PiercingWail","Burst+1","Slice+1","Riddle With Holes+1","Eviscerate+1","Deadly Poison+1","Backflip+1","Ghostly","Ghostly","Ghostly","Ghostly","Ghostly","Dodge and Roll","Footwork","Dodge and Roll","Backflip+1","Footwork","Dodge and Roll","Wraith Form v2+1","Madness","Madness","Backflip+1","Deadly Poison+1","Masterful Stab+1","Backflip+1","Caltrops","Well Laid Plans"],"special_seed":0,"relics":["Ring of the Snake","Peace Pipe","Bottled Lightning","Bronze Scales","MawBank","Anchor","Astrolabe","Tough Bandages","Ornamental Fan","Pen Nib","Paper Crane","Happy Flower","FossilizedHelix","Smiling Mask","Strange Spoon","Mummified Hand","Cursed Key","Dodecahedron","Centennial Puzzle","Blue Candle","Shuriken","Orichalcum","Letter Opener"],"potions_floor_usage":[55],"damage_taken":[{"damage":7.0,"enemies":"Jaw Worm","floor":1.0,"turns":5.0},{"damage":1.0,"enemies":"2 Louse","floor":2.0,"turns":3.0},{"damage":0.0,"enemies":"Cultist","floor":5.0,"turns":3.0},{"damage":5.0,"enemies":"Gremlin Nob","floor":6.0,"turns":4.0},{"damage":4.0,"enemies":"3 Louse","floor":7.0,"turns":4.0},{"damage":29.0,"enemies":"Lagavulin","floor":8.0,"turns":6.0},{"damage":1.0,"enemies":"Large Slime","floor":11.0,"turns":5.0},{"damage":0.0,"enemies":"Exordium Thugs","floor":12.0,"turns":3.0},{"damage":11.0,"enemies":"Gremlin Nob","floor":13.0,"turns":4.0},{"damage":0.0,"enemies":"3 Louse","floor":14.0,"turns":4.0},{"damage":9.0,"enemies":"Hexaghost","floor":16.0,"turns":9.0},{"damage":0.0,"enemies":"3 Byrds","floor":18.0,"turns":3.0},{"damage":3.0,"enemies":"Shell Parasite","floor":20.0,"turns":4.0},{"damage":10.0,"enemies":"Colosseum Slavers","floor":21.0,"turns":6.0},{"damage":11.0,"enemies":"Colosseum Nobs","floor":21.0,"turns":5.0},{"damage":29.0,"enemies":"Gremlin Leader","floor":23.0,"turns":9.0},{"damage":0.0,"enemies":"Book of Stabbing","floor":25.0,"turns":6.0},{"damage":0.0,"enemies":"Gremlin Leader","floor":27.0,"turns":7.0},{"damage":0.0,"enemies":"Slavers","floor":29.0,"turns":7.0},{"damage":0.0,"enemies":"Collector","floor":33.0,"turns":12.0},{"damage":0.0,"enemies":"Orb Walker","floor":35.0,"turns":4.0},{"damage":0.0,"enemies":"3 Shapes","floor":37.0,"turns":3.0},{"damage":1.0,"enemies":"Spire Growth","floor":41.0,"turns":8.0},{"damage":0.0,"enemies":"Giant Head","floor":42.0,"turns":14.0},{"damage":1.0,"enemies":"Reptomancer","floor":44.0,"turns":8.0},{"damage":0.0,"enemies":"Giant Head","floor":46.0,"turns":10.0},{"damage":0.0,"enemies":"Jaw Worm Horde","floor":48.0,"turns":6.0},{"damage":1.0,"enemies":"Donu and Deca","floor":50.0,"turns":16.0},{"damage":0.0,"enemies":"Shield and Spear","floor":54.0,"turns":8.0},{"damage":6,"enemies":"The Heart","floor":55,"turns":12}],"seed_played":"-5112409100636276211","potions_obtained":[{"floor":2.0,"key":"Block Potion"},{"floor":7.0,"key":"Swift Potion"},{"floor":12.0,"key":"Regen Potion"},{"floor":16.0,"key":"Poison Potion"},{"floor":18.0,"key":"EssenceOfSteel"},{"floor":21.0,"key":"FearPotion"},{"floor":23.0,"key":"SteroidPotion"},{"floor":35.0,"key":"SpeedPotion"},{"floor":54.0,"key":"GamblersBrew"}],"is_trial":false,"path_per_floor":["M","M","?","?","M","E","M","E","T","R","M","M","E","M","R","B",null,"M","?","M","?","?","E","R","E","T","E","R","E","$","?","R","B",null,"M","?","M","?","?","R","M","E","T","E","R","E","R","M","R","B",null,"R","$","E","B",null],"character_chosen":"THE_SILENT","items_purchased":["Strange Spoon","Mummified Hand","Footwork","Dodge and Roll","Energy Potion","Shuriken","Orichalcum","Caltrops"],"campfire_rested":2,"item_purchase_floors":[30,30,30,30,30,53,53,53],"current_hp_per_floor":[56,55,55,70,70,65,61,32,32,53,52,52,55,55,55,46,64,64,64,61,40,35,6,6,6,6,6,6,6,6,6,6,6,28,28,28,28,24,24,24,23,23,23,22,22,22,22,22,22,21,32,35,35,35,29],"gold":39,"neow_bonus":"ONE_RARE_RELIC","is_prod":false,"is_daily":false,"chose_seed":false,"campfire_upgraded":5,"win_rate":0,"timestamp":1560809554,"path_taken":["M","M","?","?","M","E","M","E","T","R","M","M","E","M","R","BOSS","M","?","?","?","?","E","R","E","T","E","R","E","$","?","R","BOSS","M","?","M","?","?","R","M","E","T","E","R","E","R","M","R","BOSS","R","$","E","BOSS"],"build_version":"2019-01-23","purchased_purges":1,"victory":true,"max_hp_per_floor":[70,70,70,70,70,70,70,70,70,70,70,70,70,70,70,70,70,70,70,70,70,35,35,35,35,35,35,35,35,35,35,35,35,35,35,35,35,35,35,35,35,35,35,35,35,35,35,35,35,35,35,35,35,35,35],"card_choices":[{"not_picked":["Sucker Punch","Accuracy"],"picked":"Deadly Poison","floor":1.0},{"not_picked":["Deflect","Infinite Blades"],"picked":"Dash","floor":2.0},{"not_picked":["Cloak And Dagger","Deflect"],"picked":"Masterful Stab","floor":5.0},{"not_picked":["Reflex","Outmaneuver"],"picked":"Heel Hook","floor":6.0},{"not_picked":["Blur","Eviscerate"],"picked":"Deadly Poison","floor":7.0},{"not_picked":["Choke","Underhanded Strike"],"picked":"Dodge and Roll","floor":8.0},{"not_picked":["Deflect","Backstab"],"picked":"Wraith Form v2","floor":11.0},{"not_picked":["Escape Plan","Deflect"],"picked":"Acrobatics","floor":12.0},{"not_picked":["Masterful Stab","Choke","All Out Attack"],"picked":"SKIP","floor":13.0},{"not_picked":["Prepared","Flechettes"],"picked":"PiercingWail","floor":14.0},{"not_picked":["Doppelganger","A Thousand Cuts"],"picked":"Burst","floor":16.0},{"not_picked":["Riddle With Holes","Flying Knee"],"picked":"Deadly Poison","floor":18.0},{"not_picked":["PiercingWail+1","Poisoned Stab"],"picked":"Backflip+1","floor":20.0},{"not_picked":["Predator","All Out Attack"],"picked":"Dagger Spray+1","floor":21.0},{"not_picked":["Backstab","Deflect"],"picked":"Dodge and Roll","floor":23.0},{"not_picked":["Slice","Distraction"],"picked":"Footwork","floor":25.0},{"not_picked":["Sucker Punch","Flying Knee+1"],"picked":"Dodge and Roll","floor":27.0},{"not_picked":["Flying Knee","Setup"],"picked":"Backflip+1","floor":29.0},{"not_picked":["After Image","Venomology"],"picked":"Wraith Form v2","floor":33.0},{"not_picked":["Outmaneuver+1","Cloak And Dagger+1","Predator+1"],"picked":"SKIP","floor":35.0},{"not_picked":["Setup","Quick Slash+1","Heel Hook+1"],"picked":"SKIP","floor":37.0},{"not_picked":["Dash+1","Eviscerate+1"],"picked":"Backflip+1","floor":41.0},{"not_picked":["Quick Slash","Sucker Punch"],"picked":"Deadly Poison+1","floor":42.0},{"not_picked":["Slice","Cloak And Dagger"],"picked":"Masterful Stab+1","floor":44.0},{"not_picked":["Flying Knee","Riddle With Holes+1"],"picked":"Backflip+1","floor":46.0},{"not_picked":["Endless Agony","Leg Sweep","Dagger Throw+1"],"picked":"SKIP","floor":48.0},{"not_picked":["Masterful Stab+1","Sucker Punch"],"picked":"Well Laid Plans","floor":54.0}],"player_experience":282843,"relics_obtained":[{"floor":6.0,"key":"Bottled Lightning"},{"floor":8.0,"key":"Bronze Scales"},{"floor":9.0,"key":"MawBank"},{"floor":13.0,"key":"Anchor"},{"floor":21.0,"key":"Tough Bandages"},{"floor":21.0,"key":"Ornamental Fan"},{"floor":23.0,"key":"Pen Nib"},{"floor":25.0,"key":"Paper Crane"},{"floor":26.0,"key":"Happy Flower"},{"floor":27.0,"key":"FossilizedHelix"},{"floor":29.0,"key":"Smiling Mask"},{"floor":42.0,"key":"Dodecahedron"},{"floor":44.0,"key":"Centennial Puzzle"},{"floor":46.0,"key":"Blue Candle"},{"floor":54.0,"key":"Letter Opener"}],"event_choices":[{"damage_healed":0.0,"max_hp_gain":0.0,"max_hp_loss":0.0,"gold_gain":75.0,"event_name":"Golden Wing","player_choice":"Gained Gold","floor":3.0,"gold_loss":0.0,"damage_taken":0.0},{"damage_healed":17.0,"max_hp_gain":0.0,"max_hp_loss":0.0,"gold_gain":0.0,"event_name":"The Cleric","player_choice":"Healed","floor":4.0,"gold_loss":35.0,"damage_taken":0.0},{"cards_removed":["Strike_G"],"damage_healed":0.0,"max_hp_gain":0.0,"max_hp_loss":0.0,"gold_gain":0.0,"event_name":"Purifier","player_choice":"Purged","floor":19.0,"gold_loss":0.0,"damage_taken":0.0},{"damage_healed":0.0,"max_hp_gain":0.0,"max_hp_loss":0.0,"gold_gain":0.0,"event_name":"Colosseum","player_choice":"Fight","floor":21.0,"gold_loss":0.0,"damage_taken":0.0},{"damage_healed":0.0,"max_hp_gain":0.0,"max_hp_loss":0.0,"gold_gain":0.0,"event_name":"Colosseum","player_choice":"Fought Nobs","floor":21.0,"gold_loss":0.0,"damage_taken":0.0},{"damage_healed":0.0,"max_hp_gain":0.0,"max_hp_loss":35.0,"gold_gain":0.0,"event_name":"Ghosts","player_choice":"Became a Ghost","floor":22.0,"gold_loss":0.0,"damage_taken":0.0,"cards_obtained":["Ghostly","Ghostly","Ghostly","Ghostly","Ghostly"]},{"damage_healed":0.0,"max_hp_gain":0.0,"max_hp_loss":0.0,"gold_gain":0.0,"event_name":"The Joust","player_choice":"Bet on Murderer","floor":31.0,"gold_loss":50.0,"damage_taken":0.0},{"cards_removed":["Dagger Spray"],"damage_healed":0.0,"max_hp_gain":0.0,"max_hp_loss":0.0,"gold_gain":0.0,"event_name":"Falling","player_choice":"Removed Attack","floor":36.0,"gold_loss":0.0,"damage_taken":0.0},{"damage_healed":0.0,"max_hp_gain":0.0,"max_hp_loss":0.0,"gold_gain":0.0,"event_name":"Winding Halls","player_choice":"Embrace Madness","floor":38.0,"gold_loss":0.0,"damage_taken":4.0,"cards_obtained":["Madness","Madness"]},{"damage_healed":0.0,"max_hp_gain":0.0,"max_hp_loss":0.0,"gold_gain":0.0,"event_name":"Upgrade Shrine","player_choice":"Upgraded","floor":39.0,"gold_loss":0.0,"damage_taken":0.0,"cards_upgraded":["Wraith Form v2"]}],"is_beta":false,"boss_relics":[{"not_picked":["White Beast Statue","Philosopher\u0027s Stone"],"picked":"Astrolabe"},{"not_picked":["Black Star","Empty Cage"],"picked":"Cursed Key"}],"items_purged_floors":[30],"is_endless":false,"potions_floor_spawned":[2,7,12,16,18,21,23,35,41,54],"ascension_level":8}