{"gold_per_floor":[112,112,1,1,1,45,70,83,383,397,397,397,435,1,1,92,92,111,111,129,179,18,18,33,66,93,11,34,34],"floor_reached":29,"playtime":893,"items_purged":["Regret","Strike_R"],"score":552,"play_id":"4c317342-603a-4eb3-b9ca-fa3791c7430d","local_time":"20190702070312","is_ascension_mode":true,"campfire_choices":[{"floor":15.0,"key":"REST"},{"floor":23.0,"key":"REST"}],"neow_cost":"NONE","seed_source_timestamp":329561520673000,"circlet_count":0,"master_deck":["AscendersBane","Strike_R","Defend_R","Defend_R","Defend_R","Defend_R","Bash","Whirlwind+1","Seeing Red","Thunderclap","Disarm","Headbutt","Blood for Blood","Seeing Red","Offering","Flex","Bludgeon","Hemokinesis+1","Shockwave+1","Reckless Charge+1","Shrug It Off","Writhe","Blood for Blood","Anger","Immolate","Shrug It Off","Shrug It Off+1"],"special_seed":0,"relics":["Burning Blood","NeowsBlessing","Thread and Needle","Golden Idol","Paper Frog","Old Coin","Unceasing Top","Ornamental Fan","Bird Faced Urn","Membership Card","Astrolabe","Self Forming Clay","Gambling Chip","Prayer Wheel","Red Skull","Orichalcum"],"potions_floor_usage":[25],"damage_taken":[{"damage":0.0,"enemies":"Jaw Worm","floor":1.0,"turns":1.0},{"damage":0.0,"enemies":"Lagavulin","floor":6.0,"turns":1.0},{"damage":0.0,"enemies":"2 Louse","floor":7.0,"turns":1.0},{"damage":0.0,"enemies":"Small Slimes","floor":8.0,"turns":1.0},{"damage":31.0,"enemies":"Gremlin Gang","floor":10.0,"turns":4.0},{"damage":25.0,"enemies":"3 Sentries","floor":13.0,"turns":7.0},{"damage":36.0,"enemies":"The Guardian","floor":16.0,"turns":16.0},{"damage":22.0,"enemies":"2 Thieves","floor":18.0,"turns":2.0},{"damage":8.0,"enemies":"Chosen","floor":20.0,"turns":5.0},{"damage":11,"enemies":"Snake Plant","floor":24,"turns":2},{"damage":15,"enemies":"Slavers","floor":25,"turns":5},{"damage":10,"enemies":"Chosen and Byrds","floor":28,"turns":3},{"damage":39,"enemies":"Book of Stabbing","floor":29,"turns":4}],"seed_played":"-3123011104682331479","potions_obtained":[{"floor":1.0,"key":"Energy Potion"},{"floor":8.0,"key":"SpeedPotion"},{"floor":16.0,"key":"Swift Potion"},{"floor":24,"key":"Dexterity Potion"},{"floor":28,"key":"PowerPotion"}],"is_trial":false,"path_per_floor":["M","?","$","?","?","E","M","M","T","M","T","?","E","$","R","B",null,"M","?","M","?","$","R","M","E","T","$","M","E"],"character_chosen":"IRONCLAD","items_purchased":["Seeing Red","Membership Card","Offering","EssenceOfSteel","Flex","Gambling Chip","Orichalcum"],"campfire_rested":2,"item_purchase_floors":[3,14,14,14,14,22,27],"current_hp_per_floor":[74,74,74,48,48,54,60,66,66,41,41,36,17,17,39,9,59,43,43,41,34,34,56,51,42,42,42,38,0],"gold":34,"neow_bonus":"THREE_ENEMY_KILL","is_prod":false,"is_daily":false,"chose_seed":false,"campfire_upgraded":0,"win_rate":0,"timestamp":1562065392,"path_taken":["M","?","$","?","?","E","M","M","T","?","?","?","E","$","R","BOSS","M","?","M","?","$","R","M","E","T","$","?","E"],"build_version":"2019-07-01","purchased_purges":2,"victory":false,"max_hp_per_floor":[75,75,75,75,75,75,75,75,75,75,75,75,75,75,75,75,75,75,75,75,75,75,75,75,75,75,75,75,75],"card_choices":[{"not_picked":["Twin Strike","Iron Wave"],"picked":"Whirlwind","floor":1.0},{"not_picked":["Clash","Pommel Strike"],"picked":"Thunderclap","floor":6.0},{"not_picked":["Dropkick","Heavy Blade"],"picked":"Disarm","floor":7.0},{"not_picked":["Rupture","Searing Blow"],"picked":"Headbutt","floor":8.0},{"not_picked":["Carnage","Anger"],"picked":"Blood for Blood","floor":10.0},{"not_picked":["Body Slam","Second Wind"],"picked":"Seeing Red","floor":13.0},{"not_picked":["Feed","Brutality"],"picked":"Bludgeon","floor":16.0},{"not_picked":["Thunderclap","Wild Strike+1"],"picked":"Shrug It Off","floor":18.0},{"not_picked":["Shockwave","Combust"],"picked":"Blood for Blood","floor":20.0},{"not_picked":["Body Slam","Carnage"],"picked":"Anger","floor":24},{"not_picked":["Perfected Strike","Intimidate"],"picked":"Immolate","floor":25},{"not_picked":["Perfected Strike","Twin Strike"],"picked":"Shrug It Off","floor":28},{"not_picked":["Rupture","Flex"],"picked":"Shrug It Off+1","floor":28}],"player_experience":1635964,"relics_obtained":[{"floor":6.0,"key":"Paper Frog"},{"floor":9.0,"key":"Old Coin"},{"floor":11.0,"key":"Unceasing Top"},{"floor":13.0,"key":"Bird Faced Urn"},{"floor":25,"key":"Prayer Wheel"},{"floor":26,"key":"Red Skull"}],"event_choices":[{"damage_healed":0.0,"max_hp_gain":0.0,"max_hp_loss":0.0,"gold_gain":0.0,"event_name":"Big Fish","player_choice":"Box","floor":2.0,"gold_loss":0.0,"damage_taken":0.0,"relics_obtained":["Thread and Needle"],"cards_obtained":["Regret"]},{"damage_healed":0.0,"max_hp_gain":0.0,"max_hp_loss":0.0,"gold_gain":0.0,"event_name":"Golden Idol","player_choice":"Take Damage","floor":4.0,"gold_loss":0.0,"damage_taken":26.0,"relics_obtained":["Golden Idol"]},{"damage_healed":0.0,"max_hp_gain":0.0,"max_hp_loss":0.0,"gold_gain":0.0,"event_name":"Upgrade Shrine","player_choice":"Upgraded","floor":5.0,"gold_loss":0.0,"damage_taken":0.0,"cards_upgraded":["Whirlwind"]},{"damage_healed":0.0,"max_hp_gain":0.0,"max_hp_loss":0.0,"gold_gain":0.0,"event_name":"Scrap Ooze","player_choice":"Success","floor":12.0,"gold_loss":0.0,"damage_taken":5.0,"relics_obtained":["Ornamental Fan"]},{"damage_healed":0.0,"max_hp_gain":0.0,"max_hp_loss":0.0,"gold_gain":0.0,"event_name":"The Mausoleum","player_choice":"Opened","floor":19.0,"gold_loss":0.0,"damage_taken":0.0,"relics_obtained":["Self Forming Clay"],"cards_obtained":["Writhe"]},{"damage_healed":0.0,"max_hp_gain":0.0,"max_hp_loss":0.0,"gold_gain":50.0,"event_name":"FaceTrader","player_choice":"Touch","floor":21.0,"gold_loss":0.0,"damage_taken":7.0}],"is_beta":false,"boss_relics":[{"not_picked":["Tiny House","Calling Bell"],"picked":"Astrolabe"}],"items_purged_floors":[3,14],"is_endless":false,"potions_floor_spawned":[1,8,16,24,28],"killed_by":"Book of Stabbing","ascension_level":20}