{"gold_per_floor":[119,138,138,156,37,62,78,93,120,150,150,185,204,217,217,322,322,341,341,355,375,171,171,204,215,268,297,314,328,11,26,26,129,129,144,156,74,93,104,139,151,180,226,256,256,256,271,286,286,286,286,286,84,112,112],"floor_reached":56,"playtime":8785,"items_purged":["Anger"],"score":1568,"play_id":"1c8ed3bf-0b0e-44ae-8684-6c4d6e6f0d31","local_time":"20190614203001","is_ascension_mode":true,"campfire_choices":[{"floor":11.0,"key":"REST"},{"data":"Corruption","floor":15.0,"key":"SMITH"},{"data":"Armaments","floor":23.0,"key":"SMITH"},{"data":"Feel No Pain","floor":32.0,"key":"SMITH"},{"floor":46.0,"key":"RECALL"},{"data":"Inflame","floor":49.0,"key":"SMITH"},{"data":"Flame Barrier","floor":52.0,"key":"SMITH"}],"neow_cost":"PERCENT_DAMAGE","seed_source_timestamp":0,"circlet_count":0,"master_deck":["Strike_R","Strike_R","Strike_R","Strike_R","Strike_R","Defend_R+1","Defend_R+1","Defend_R","Defend_R+1","Bash","Ghostly Armor","Feel No Pain+1","Shrug It Off","Inflame","True Grit","Limit Break","Corruption+1","Heavy Blade","Metallicize","Havoc","Havoc","Limit Break","Infernal Blade","Reaper","Shockwave+1","Armaments+1","Spot Weakness","Entrench","Inflame+1","Flame Barrier+1","Sentinel","Shockwave","Exhume","Metallicize","Ghostly Armor","Barricade","Power Through+1","Havoc","Inflame+1","Shrug It Off+1","Body Slam+1","Flame Barrier","Heavy Blade+1","Power Through","Burning Pact","Feel No Pain"],"special_seed":0,"relics":["Burning Blood","Bronze Scales","Centennial Puzzle","Pen Nib","Omamori","Snecko Eye","Strange Spoon","Dream Catcher","Bag of Preparation","Sozu","Lantern","War Paint","Smiling Mask","Potion Belt","Orichalcum","Anchor"],"potions_floor_usage":[55,55],"damage_taken":[{"damage":24.0,"enemies":"Jaw Worm","floor":1.0,"turns":5.0},{"damage":0.0,"enemies":"Small Slimes","floor":2.0,"turns":3.0},{"damage":14.0,"enemies":"Cultist","floor":4.0,"turns":5.0},{"damage":18.0,"enemies":"Lagavulin","floor":6.0,"turns":9.0},{"damage":2.0,"enemies":"2 Fungi Beasts","floor":7.0,"turns":4.0},{"damage":8.0,"enemies":"Blue Slaver","floor":8.0,"turns":5.0},{"damage":10.0,"enemies":"3 Sentries","floor":10.0,"turns":9.0},{"damage":11.0,"enemies":"Lagavulin","floor":12.0,"turns":8.0},{"damage":1.0,"enemies":"Red Slaver","floor":13.0,"turns":3.0},{"damage":0.0,"enemies":"2 Fungi Beasts","floor":14.0,"turns":4.0},{"damage":17.0,"enemies":"The Guardian","floor":16.0,"turns":8.0},{"damage":6.0,"enemies":"Spheric Guardian","floor":18.0,"turns":4.0},{"damage":0.0,"enemies":"3 Byrds","floor":20.0,"turns":4.0},{"damage":17.0,"enemies":"Shelled Parasite and Fungi","floor":21.0,"turns":6.0},{"damage":16.0,"enemies":"Slavers","floor":24.0,"turns":3.0},{"damage":18.0,"enemies":"Snake Plant","floor":25.0,"turns":5.0},{"damage":8.0,"enemies":"Book of Stabbing","floor":27.0,"turns":4.0},{"damage":0.0,"enemies":"Centurion and Healer","floor":28.0,"turns":4.0},{"damage":0.0,"enemies":"Shelled Parasite and Fungi","floor":29.0,"turns":5.0},{"damage":0.0,"enemies":"Chosen and Byrds","floor":31.0,"turns":4.0},{"damage":11.0,"enemies":"Collector","floor":33.0,"turns":6.0},{"damage":19.0,"enemies":"3 Shapes","floor":35.0,"turns":8.0},{"damage":0.0,"enemies":"Orb Walker","floor":36.0,"turns":2.0},{"damage":17.0,"enemies":"Jaw Worm Horde","floor":38.0,"turns":5.0},{"damage":33.0,"enemies":"3 Darklings","floor":39.0,"turns":6.0},{"damage":9.0,"enemies":"Giant Head","floor":40.0,"turns":7.0},{"damage":3.0,"enemies":"4 Shapes","floor":41.0,"turns":7.0},{"damage":0.0,"enemies":"Nemesis","floor":42.0,"turns":5.0},{"damage":0.0,"enemies":"Giant Head","floor":44.0,"turns":8.0},{"damage":19.0,"enemies":"Jaw Worm Horde","floor":47.0,"turns":8.0},{"damage":0.0,"enemies":"Spire Growth","floor":48.0,"turns":6.0},{"damage":57.0,"enemies":"Awakened One","floor":50.0,"turns":11.0},{"damage":46.0,"enemies":"Shield and Spear","floor":54.0,"turns":9.0},{"damage":2,"enemies":"The Heart","floor":55,"turns":7}],"seed_played":"3784116580093145841","potions_obtained":[{"floor":4.0,"key":"Dexterity Potion"},{"floor":7.0,"key":"FearPotion"},{"floor":12.0,"key":"AttackPotion"},{"floor":13.0,"key":"LiquidBronze"},{"floor":16.0,"key":"SkillPotion"},{"floor":18.0,"key":"Weak Potion"},{"floor":24.0,"key":"GamblersBrew"},{"floor":33.0,"key":"SkillPotion"}],"is_trial":false,"path_per_floor":["M","M","?","M","$","E","M","M","T","E","R","E","M","M","R","B",null,"M","?","M","M","$","R","E","M","T","E","M","M","$","M","R","B",null,"M","M","$","M","M","E","M","E","T","E","?","R","M","M","R","B",null,"R","$","E","B",null],"character_chosen":"IRONCLAD","items_purchased":["Shrug It Off","Inflame","Strange Spoon","Exhume","Metallicize","Ghostly Armor","Inflame","Orichalcum"],"campfire_rested":1,"item_purchase_floors":[5,5,22,30,30,30,37,53],"current_hp_per_floor":[54,60,41,33,33,21,25,23,23,19,47,42,47,53,53,42,96,96,96,96,93,93,93,83,77,77,87,93,96,96,96,96,91,96,96,96,96,85,90,87,96,96,96,96,86,86,75,89,89,77,96,96,96,96,96],"gold":112,"neow_bonus":"TWENTY_PERCENT_HP_BONUS","is_prod":false,"is_daily":false,"chose_seed":false,"campfire_upgraded":5,"win_rate":0,"timestamp":1560533401,"path_taken":["M","M","?","M","$","E","M","M","T","E","R","E","M","M","R","BOSS","M","?","M","M","$","R","E","M","T","E","M","?","$","M","R","BOSS","M","M","$","M","M","E","M","E","T","E","?","R","M","M","R","BOSS","R","$","E","BOSS"],"build_version":"2019-01-23","purchased_purges":1,"victory":true,"max_hp_per_floor":[96,96,96,96,96,96,96,96,96,96,96,96,96,96,96,96,96,96,96,96,96,96,96,96,96,96,96,96,96,96,96,96,96,96,96,96,96,96,96,96,96,96,96,96,96,96,96,96,96,96,96,96,96,96,96],"card_choices":[{"not_picked":["Headbutt","Dropkick"],"picked":"Ghostly Armor","floor":1.0},{"not_picked":["Heavy Blade","Fire Breathing"],"picked":"Feel No Pain","floor":2.0},{"not_picked":["Flex","Pommel Strike"],"picked":"Anger","floor":4.0},{"not_picked":["Wild Strike","Anger"],"picked":"True Grit","floor":6.0},{"not_picked":["Thunderclap","Hemokinesis"],"picked":"Limit Break","floor":7.0},{"not_picked":["Rupture","Perfected Strike"],"picked":"Corruption","floor":8.0},{"not_picked":["Rupture","Reckless Charge"],"picked":"Heavy Blade","floor":10.0},{"not_picked":["Wild Strike","Armaments"],"picked":"Metallicize","floor":12.0},{"not_picked":["Seeing Red","Perfected Strike"],"picked":"Havoc","floor":13.0},{"not_picked":["Metallicize","Bloodletting"],"picked":"Havoc","floor":14.0},{"not_picked":["Berserk","Brutality"],"picked":"Limit Break","floor":16.0},{"not_picked":["Searing Blow","Warcry"],"picked":"Infernal Blade","floor":18.0},{"not_picked":["Clash","Disarm"],"picked":"Armaments","floor":20.0},{"not_picked":["Iron Wave","Clash"],"picked":"Spot Weakness","floor":21.0},{"not_picked":["Combust","Warcry"],"picked":"Entrench","floor":24.0},{"not_picked":["Seeing Red","Reckless Charge"],"picked":"Inflame+1","floor":25.0},{"not_picked":["Heavy Blade","Hemokinesis"],"picked":"Flame Barrier","floor":27.0},{"not_picked":["Headbutt","Wild Strike"],"picked":"Sentinel","floor":28.0},{"not_picked":["Pummel","Cleave"],"picked":"Shockwave","floor":29.0},{"not_picked":["True Grit","Cleave+1","Clash"],"picked":"SKIP","floor":31.0},{"not_picked":["Offering","Reaper"],"picked":"Barricade","floor":33.0},{"not_picked":["Hemokinesis","Body Slam+1"],"picked":"Power Through+1","floor":35.0},{"not_picked":["Iron Wave","Power Through+1"],"picked":"Havoc","floor":36.0},{"not_picked":["Rupture","Iron Wave","Twin Strike+1"],"picked":"SKIP","floor":38.0},{"not_picked":["Headbutt","Reckless Charge+1"],"picked":"Shrug It Off+1","floor":39.0},{"not_picked":["Perfected Strike","Rampage"],"picked":"Body Slam+1","floor":40.0},{"not_picked":["Carnage+1","Sword Boomerang+1"],"picked":"Flame Barrier","floor":41.0},{"not_picked":["Reckless Charge+1","Anger"],"picked":"Heavy Blade+1","floor":42.0},{"not_picked":["Rage+1","Anger+1"],"picked":"Power Through","floor":44.0},{"not_picked":["Iron Wave+1","True Grit+1","Seeing Red"],"picked":"SKIP","floor":47.0},{"not_picked":["Wild Strike+1","Searing Blow+1"],"picked":"Burning Pact","floor":48.0},{"not_picked":["Flex+1","Pummel"],"picked":"Feel No Pain","floor":54.0}],"player_experience":178412,"relics_obtained":[{"floor":6.0,"key":"Bronze Scales"},{"floor":9.0,"key":"Centennial Puzzle"},{"floor":10.0,"key":"Pen Nib"},{"floor":12.0,"key":"Omamori"},{"floor":24.0,"key":"Dream Catcher"},{"floor":27.0,"key":"Bag of Preparation"},{"floor":40.0,"key":"Lantern"},{"floor":42.0,"key":"War Paint"},{"floor":43.0,"key":"Smiling Mask"},{"floor":44.0,"key":"Potion Belt"},{"floor":54.0,"key":"Anchor"}],"event_choices":[{"damage_healed":0.0,"max_hp_gain":0.0,"max_hp_loss":0.0,"gold_gain":0.0,"event_name":"Shining Light","player_choice":"Entered Light","floor":3.0,"gold_loss":0.0,"damage_taken":19.0,"cards_upgraded":["Defend_R","Defend_R"]},{"damage_healed":0.0,"max_hp_gain":0.0,"max_hp_loss":0.0,"gold_gain":0.0,"event_name":"Match and Keep!","player_choice":"2 cards matched","floor":19.0,"gold_loss":0.0,"damage_taken":0.0,"cards_obtained":["Reaper","Shockwave"]},{"damage_healed":0.0,"max_hp_gain":0.0,"max_hp_loss":0.0,"gold_gain":0.0,"event_name":"SensoryStone","player_choice":"Memory 3","floor":45.0,"gold_loss":0.0,"damage_taken":10.0}],"is_beta":false,"boss_relics":[{"not_picked":["Runic Dome","Eternal Feather"],"picked":"Snecko Eye"},{"not_picked":["Philosopher\u0027s Stone","Velvet Choker"],"picked":"Sozu"}],"items_purged_floors":[53],"is_endless":false,"potions_floor_spawned":[4,7,12,13,16,18,24,25,33,35,39,40,41,54],"ascension_level":4}