{"gold_per_floor":[111,111,0,17,32,32,63,63,63,77,103,103,118,6,6,103,103,115,130,130,130,220,220,220,14,39,0,0,34,47,65,65,168,168,180,0,0,0,20,20,20,36,36,136,147,165,165,212,212,212],"floor_reached":51,"playtime":2689,"items_purged":[],"score":1047,"play_id":"3b589a87-6136-4883-b26e-1b310fb2fa79","local_time":"20190726134716","is_ascension_mode":true,"campfire_choices":[{"floor":6.0,"key":"REST"},{"data":"Footwork","floor":12.0,"key":"SMITH"},{"data":"Footwork","floor":15.0,"key":"SMITH"},{"floor":23.0,"key":"REST"},{"data":"Wraith Form v2","floor":24.0,"key":"SMITH"},{"data":"Terror","floor":28.0,"key":"SMITH"},{"floor":32.0,"key":"REST"},{"data":"Leg Sweep","floor":40.0,"key":"SMITH"},{"data":"Leg Sweep","floor":41.0,"key":"SMITH"},{"data":"Crippling Poison","floor":47.0,"key":"SMITH"},{"floor":49.0,"key":"REST"}],"neow_cost":"PERCENT_DAMAGE","seed_source_timestamp":11302389515196,"circlet_count":0,"master_deck":["AscendersBane","Strike_G+1","Strike_G+1","Strike_G+1","Strike_G+1","Strike_G+1","Defend_G+1","Defend_G+1","Defend_G+1","Defend_G+1","Defend_G+1","Survivor","Neutralize","Footwork+1","Backstab+1","Predator+1","Dagger Spray+1","Poisoned Stab+1","Crippling Poison+1","Footwork+1","Escape Plan","Masterful Stab+1","Blur","Leg Sweep+1","Wraith Form v2+1","Terror+1","Wraith Form v2+1","Leg Sweep+1","Heel Hook+1","Phantasmal Killer+1","Flechettes+1","Bane+1","Leg Sweep+1","Predator+1"],"special_seed":0,"relics":["Ring of the Snake","WingedGreaves","Molten Egg 2","Du-Vu Doll","Centennial Puzzle","Orichalcum","Runic Dome","MutagenicStrength","DollysMirror","Juzu Bracelet","Peace Pipe","Sozu","Red Mask","Ninja Scroll","Mango","FossilizedHelix"],"potions_floor_usage":[50,50],"damage_taken":[{"damage":3.0,"enemies":"Jaw Worm","floor":1.0,"turns":5.0},{"damage":0.0,"enemies":"2 Louse","floor":4.0,"turns":1.0},{"damage":0.0,"enemies":"Small Slimes","floor":5.0,"turns":3.0},{"damage":12.0,"enemies":"Gremlin Nob","floor":7.0,"turns":4.0},{"damage":3.0,"enemies":"3 Louse","floor":10.0,"turns":2.0},{"damage":16.0,"enemies":"Lagavulin","floor":11.0,"turns":9.0},{"damage":0.0,"enemies":"Looter","floor":13.0,"turns":3.0},{"damage":1.0,"enemies":"Hexaghost","floor":16.0,"turns":12.0},{"damage":10.0,"enemies":"3 Byrds","floor":18.0,"turns":7.0},{"damage":0.0,"enemies":"2 Thieves","floor":19.0,"turns":4.0},{"damage":12.0,"enemies":"Slavers","floor":29.0,"turns":6.0},{"damage":0.0,"enemies":"Snake Plant","floor":30.0,"turns":4.0},{"damage":0.0,"enemies":"Snecko","floor":31.0,"turns":5.0},{"damage":29.0,"enemies":"Collector","floor":33.0,"turns":14.0},{"damage":0.0,"enemies":"Orb Walker","floor":35.0,"turns":2.0},{"damage":0.0,"enemies":"3 Shapes","floor":39.0,"turns":3.0},{"damage":0.0,"enemies":"Spire Growth","floor":42.0,"turns":5.0},{"damage":0.0,"enemies":"Mind Bloom Boss Battle","floor":44.0,"turns":5.0},{"damage":0.0,"enemies":"Jaw Worm Horde","floor":45.0,"turns":6.0},{"damage":8.0,"enemies":"Sphere and 2 Shapes","floor":46.0,"turns":7.0},{"damage":0.0,"enemies":"2 Orb Walkers","floor":48.0,"turns":6.0},{"damage":53,"enemies":"Time Eater","floor":50,"turns":16}],"seed_played":"-4700117100671085330","potions_obtained":[{"floor":1.0,"key":"AttackPotion"},{"floor":11.0,"key":"Explosive Potion"},{"floor":13.0,"key":"Energy Potion"},{"floor":16.0,"key":"Block Potion"},{"floor":29.0,"key":"PowerPotion"},{"floor":33.0,"key":"Fire Potion"}],"is_trial":false,"path_per_floor":["M","?","$","M","M","R","E","?","T","M","E","R","M","$","R","B",null,"M","M","?","?","?","R","R","$","T","?","R","E","M","M","R","B",null,"M","?","$","?","M","R","R","M","T","?","M","M","R","?","R","B",null],"character_chosen":"THE_SILENT","items_purchased":["Backstab+1","Predator+1","Blur","Leg Sweep","DollysMirror"],"campfire_rested":4,"item_purchase_floors":[3,3,14,14,25],"current_hp_per_floor":[42,9,9,9,9,30,18,41,41,38,22,22,22,22,22,21,58,48,48,48,48,34,55,55,55,55,55,55,43,43,43,64,35,61,61,61,61,61,61,61,61,61,61,75,75,67,67,67,84,31],"gold":212,"neow_bonus":"ONE_RARE_RELIC","is_prod":false,"is_daily":false,"chose_seed":false,"campfire_upgraded":7,"win_rate":0,"timestamp":1564141636,"path_taken":["M","?","$","M","M","R","E","?","T","M","E","R","M","$","R","BOSS","M","M","?","?","?","R","R","$","T","?","R","E","M","M","R","BOSS","M","?","$","?","M","R","R","M","T","?","M","M","R","?","R","BOSS"],"build_version":"2019-07-17","purchased_purges":0,"victory":true,"max_hp_per_floor":[70,70,70,70,70,70,70,70,70,70,70,70,70,70,70,70,70,70,70,70,70,70,70,70,70,70,70,70,70,70,70,70,70,70,70,70,70,70,70,70,70,70,70,84,84,84,84,84,84,84],"card_choices":[{"not_picked":["Acrobatics","Concentrate"],"picked":"Footwork","floor":1.0},{"not_picked":["Dagger Throw+1","Outmaneuver"],"picked":"Dagger Spray+1","floor":4.0},{"not_picked":["Crippling Poison","Accuracy"],"picked":"Poisoned Stab+1","floor":5.0},{"not_picked":["Dagger Throw+1","Dagger Spray+1"],"picked":"Crippling Poison","floor":7.0},{"not_picked":["Concentrate","Blur"],"picked":"Footwork","floor":10.0},{"not_picked":["Sucker Punch+1","Setup"],"picked":"Escape Plan","floor":11.0},{"not_picked":["Blade Dance","Dagger Throw+1"],"picked":"Masterful Stab+1","floor":13.0},{"not_picked":["Night Terror","Venomology"],"picked":"Wraith Form v2","floor":16.0},{"not_picked":["Dash+1","Riddle With Holes+1"],"picked":"Terror","floor":18.0},{"not_picked":["Distraction","Outmaneuver","Crippling Poison+1"],"picked":"SKIP","floor":19.0},{"not_picked":["Deadly Poison","Slice+1"],"picked":"Leg Sweep","floor":29.0},{"not_picked":["Choke+1","Eviscerate+1"],"picked":"Heel Hook+1","floor":30.0},{"not_picked":["Acrobatics","Deadly Poison","Dagger Spray+1"],"picked":"SKIP","floor":31.0},{"not_picked":["Doppelganger","After Image"],"picked":"Phantasmal Killer","floor":33.0},{"not_picked":["Blade Dance","Catalyst","Prepared"],"picked":"SKIP","floor":35.0},{"not_picked":["Deflect","Accuracy","Crippling Poison"],"picked":"SKIP","floor":39.0},{"not_picked":["Sucker Punch+1","Backflip"],"picked":"Flechettes+1","floor":42.0},{"not_picked":["Slice+1","Prepared+1"],"picked":"Bane+1","floor":44.0},{"not_picked":["Endless Agony+1","Blade Dance"],"picked":"Leg Sweep+1","floor":45.0},{"not_picked":["Dagger Spray+1","Eviscerate+1","Prepared"],"picked":"SKIP","floor":46.0},{"not_picked":["Caltrops","Eviscerate+1"],"picked":"Predator+1","floor":48.0}],"player_experience":262786,"relics_obtained":[{"floor":7.0,"key":"Du-Vu Doll"},{"floor":9.0,"key":"Centennial Puzzle"},{"floor":11.0,"key":"Orichalcum"},{"floor":26.0,"key":"Juzu Bracelet"},{"floor":29.0,"key":"Peace Pipe"},{"floor":43.0,"key":"Ninja Scroll"},{"floor":44.0,"key":"Mango"},{"floor":48.0,"key":"FossilizedHelix"}],"event_choices":[{"damage_healed":0.0,"max_hp_gain":0.0,"max_hp_loss":0.0,"gold_gain":0.0,"event_name":"Scrap Ooze","player_choice":"Success","floor":2.0,"gold_loss":0.0,"damage_taken":33.0,"relics_obtained":["Molten Egg 2"]},{"damage_healed":23.0,"max_hp_gain":0.0,"max_hp_loss":0.0,"gold_gain":0.0,"event_name":"Big Fish","player_choice":"Banana","floor":8.0,"gold_loss":0.0,"damage_taken":0.0},{"damage_healed":0.0,"max_hp_gain":0.0,"max_hp_loss":0.0,"gold_gain":0.0,"event_name":"Back to Basics","player_choice":"Simplicity","floor":20.0,"gold_loss":0.0,"damage_taken":0.0,"cards_upgraded":["Strike_G","Strike_G","Strike_G","Strike_G","Strike_G","Defend_G","Defend_G","Defend_G","Defend_G","Defend_G"]},{"damage_healed":0.0,"max_hp_gain":0.0,"max_hp_loss":0.0,"gold_gain":0.0,"event_name":"Drug Dealer","player_choice":"Inject Mutagens","floor":21.0,"gold_loss":0.0,"damage_taken":0.0,"relics_obtained":["MutagenicStrength"]},{"damage_healed":0.0,"max_hp_gain":0.0,"max_hp_loss":0.0,"gold_gain":90.0,"event_name":"Knowing Skull","player_choice":"GOLD ","floor":22.0,"potions_obtained":[],"gold_loss":0.0,"damage_taken":14.0,"cards_obtained":[]},{"damage_healed":0.0,"max_hp_gain":0.0,"max_hp_loss":0.0,"gold_gain":0.0,"event_name":"Masked Bandits","player_choice":"Paid Fearfully","floor":27.0,"gold_loss":39.0,"damage_taken":0.0},{"damage_healed":0.0,"max_hp_gain":0.0,"max_hp_loss":0.0,"gold_gain":0.0,"event_name":"Tomb of Lord Red Mask","player_choice":"Paid","floor":36.0,"gold_loss":180.0,"damage_taken":0.0,"relics_obtained":["Red Mask"]},{"damage_healed":0.0,"max_hp_gain":0.0,"max_hp_loss":0.0,"gold_gain":0.0,"event_name":"Upgrade Shrine","player_choice":"Upgraded","floor":38.0,"gold_loss":0.0,"damage_taken":0.0,"cards_upgraded":["Phantasmal Killer"]},{"damage_healed":0.0,"max_hp_gain":0.0,"max_hp_loss":0.0,"gold_gain":0.0,"event_name":"MindBloom","player_choice":"Fight","floor":44.0,"gold_loss":0.0,"damage_taken":0.0},{"damage_healed":0.0,"max_hp_gain":0.0,"max_hp_loss":0.0,"gold_gain":0.0,"event_name":"Mysterious Sphere","player_choice":"Fight","floor":48.0,"gold_loss":0.0,"damage_taken":0.0}],"is_beta":false,"boss_relics":[{"not_picked":["Calling Bell","Coffee Dripper"],"picked":"Runic Dome"},{"not_picked":["Tiny House","Snecko Eye"],"picked":"Sozu"}],"items_purged_floors":[],"is_endless":false,"potions_floor_spawned":[1,11,13,16,18,29,33,35,44],"ascension_level":12}