{"gold_per_floor":[116,126,126,147,162,203,219,234,234,234,253,253,253,297,297,420,420,415,19,37,37,55,55,95,95,120,154,177,177,177,200,200,331,331,356,207,332,66,86,124,138,182,232,232,248,284,284,302,302,302,302,302,4,39,39],"floor_reached":56,"playtime":9066,"items_purged":["Strike_G","Strike_G"],"score":1676,"play_id":"4ba544d5-e1a2-46e6-83dd-f6353aa87d02","local_time":"20190617002050","is_ascension_mode":true,"campfire_choices":[{"floor":13.0,"key":"REST"},{"floor":15.0,"key":"REST"},{"floor":23.0,"key":"REST"},{"floor":25.0,"key":"REST"},{"floor":29.0,"key":"REST"},{"floor":32.0,"key":"REST"},{"floor":44.0,"key":"REST"},{"floor":49.0,"key":"RECALL"},{"floor":52.0,"key":"REST"}],"neow_cost":"NONE","seed_source_timestamp":323598854808326,"circlet_count":0,"master_deck":["Defend_G","Defend_G","Defend_G","Defend_G","Defend_G","Strike_G","Strike_G","Survivor","Neutralize","Crippling Poison","Bane","Dodge and Roll+1","Noxious Fumes","Deadly Poison","Caltrops","Terror","Calculated Gamble","Deadly Poison","Dash","Noxious Fumes","Night Terror","Backflip+1","Adrenaline","Catalyst","Reflex+1","Deadly Poison","Blur","Deflect","Doppelganger","Necronomicurse","Deflect+1","Adrenaline","Escape Plan+1","Dash","Deflect+1","Predator","Master of Strategy","Deadly Poison","After Image","Prepared+1","Deadly Poison+1","PiercingWail+1","PiercingWail+1","Backflip+1","Well Laid Plans","Footwork+1"],"special_seed":0,"relics":["Ring of the Snake","Lantern","Golden Idol","Ornamental Fan","Dream Catcher","Bottled Flame","Fusion Hammer","Membership Card","Meat on the Bone","Tough Bandages","Regal Pillow","Ancient Tea Set","Singing Bowl","Necronomicon","Philosopher\u0027s Stone","Bronze Scales","Du-Vu Doll","Vajra","Blood Vial","Ginger","Nunchaku","Paper Crane","War Paint","Mummified Hand"],"potions_floor_usage":[55,55,55],"damage_taken":[{"damage":0.0,"enemies":"Cultist","floor":1.0,"turns":4.0},{"damage":0.0,"enemies":"2 Louse","floor":2.0,"turns":3.0},{"damage":1.0,"enemies":"Jaw Worm","floor":4.0,"turns":3.0},{"damage":1.0,"enemies":"Looter","floor":5.0,"turns":3.0},{"damage":42.0,"enemies":"Lagavulin","floor":6.0,"turns":9.0},{"damage":1.0,"enemies":"Red Slaver","floor":7.0,"turns":4.0},{"damage":0.0,"enemies":"2 Fungi Beasts","floor":8.0,"turns":4.0},{"damage":4.0,"enemies":"Blue Slaver","floor":11.0,"turns":4.0},{"damage":22.0,"enemies":"Gremlin Nob","floor":14.0,"turns":4.0},{"damage":27.0,"enemies":"The Guardian","floor":16.0,"turns":9.0},{"damage":24.0,"enemies":"2 Thieves","floor":18.0,"turns":4.0},{"damage":22.0,"enemies":"Shell Parasite","floor":20.0,"turns":5.0},{"damage":2.0,"enemies":"Snecko","floor":22.0,"turns":4.0},{"damage":39.0,"enemies":"Slavers","floor":24.0,"turns":6.0},{"damage":34.0,"enemies":"Gremlin Leader","floor":27.0,"turns":6.0},{"damage":0.0,"enemies":"Snake Plant","floor":28.0,"turns":4.0},{"damage":12.0,"enemies":"Centurion and Healer","floor":31.0,"turns":6.0},{"damage":35.0,"enemies":"Collector","floor":33.0,"turns":9.0},{"damage":15.0,"enemies":"Orb Walker","floor":35.0,"turns":4.0},{"damage":0.0,"enemies":"Mind Bloom Boss Battle","floor":37.0,"turns":8.0},{"damage":4.0,"enemies":"3 Darklings","floor":39.0,"turns":4.0},{"damage":0.0,"enemies":"Nemesis","floor":40.0,"turns":7.0},{"damage":7.0,"enemies":"Transient","floor":41.0,"turns":3.0},{"damage":0.0,"enemies":"Giant Head","floor":42.0,"turns":8.0},{"damage":0.0,"enemies":"4 Shapes","floor":45.0,"turns":4.0},{"damage":16.0,"enemies":"Nemesis","floor":46.0,"turns":7.0},{"damage":0.0,"enemies":"Jaw Worm Horde","floor":48.0,"turns":4.0},{"damage":11.0,"enemies":"Donu and Deca","floor":50.0,"turns":9.0},{"damage":41.0,"enemies":"Shield and Spear","floor":54.0,"turns":6.0},{"damage":41,"enemies":"The Heart","floor":55,"turns":9}],"seed_played":"-162550121895861299","potions_obtained":[{"floor":1.0,"key":"Swift Potion"},{"floor":7.0,"key":"Regen Potion"},{"floor":14.0,"key":"LiquidBronze"},{"floor":16.0,"key":"AttackPotion"},{"floor":22.0,"key":"Dexterity Potion"},{"floor":28.0,"key":"Weak Potion"},{"floor":33.0,"key":"Ancient Potion"},{"floor":37.0,"key":"Regen Potion"},{"floor":40.0,"key":"SkillPotion"},{"floor":41.0,"key":"Dexterity Potion"}],"is_trial":false,"path_per_floor":["M","M","?","M","M","E","M","M","T","?","M","?","R","E","R","B",null,"M","$","M","T","M","R","E","R","T","E","M","R","?","M","R","B",null,"M","$","?","$","M","E","M","E","T","R","M","E","?","M","R","B",null,"R","$","E","B",null],"character_chosen":"THE_SILENT","items_purchased":["Membership Card","Meat on the Bone","Adrenaline","Bronze Scales","Dash","Predator","Master of Strategy","Vajra","Deadly Poison","Well Laid Plans","Paper Crane","War Paint","GamblersBrew","PowerPotion"],"campfire_rested":8,"item_purchase_floors":[19,19,19,36,36,38,38,38,38,53,53,53,53,53],"current_hp_per_floor":[63,63,46,45,44,2,1,13,13,13,9,9,30,8,29,2,53,29,29,19,19,29,50,23,59,59,39,39,72,56,44,74,39,65,50,50,50,50,48,48,43,45,45,76,78,64,64,66,66,57,74,80,80,51,24],"gold":39,"neow_bonus":"RANDOM_COMMON_RELIC","is_prod":false,"is_daily":false,"chose_seed":false,"campfire_upgraded":0,"win_rate":0,"timestamp":1560720050,"path_taken":["M","?","?","M","M","E","M","M","T","?","M","?","R","E","R","BOSS","M","$","M","?","M","R","E","R","T","E","M","R","?","M","R","BOSS","M","$","?","$","M","E","M","E","T","R","M","E","?","M","R","BOSS","R","$","E","BOSS"],"build_version":"2019-01-23","purchased_purges":2,"victory":true,"max_hp_per_floor":[70,70,70,70,70,70,70,70,70,70,70,70,70,70,70,70,70,70,70,70,70,70,70,70,70,70,72,72,72,72,72,74,74,74,74,74,74,74,76,76,76,76,76,76,78,80,80,80,80,80,80,80,80,80,80],"card_choices":[{"not_picked":["PiercingWail","Acrobatics"],"picked":"Crippling Poison","floor":1.0},{"not_picked":["Blade Dance","Prepared"],"picked":"Bane","floor":2.0},{"not_picked":["Prepared","Storm of Steel"],"picked":"Bane","floor":4.0},{"not_picked":["Predator","Finisher"],"picked":"Dodge and Roll","floor":5.0},{"not_picked":["Bane","Predator"],"picked":"Noxious Fumes","floor":6.0},{"not_picked":["Bouncing Flask","Prepared"],"picked":"Deadly Poison","floor":7.0},{"not_picked":["Cloak And Dagger","Predator"],"picked":"Caltrops","floor":8.0},{"not_picked":["Concentrate","Underhanded Strike"],"picked":"Terror","floor":11.0},{"not_picked":["Accuracy","Flechettes"],"picked":"Deadly Poison","floor":13.0},{"not_picked":["Expertise","Leg Sweep"],"picked":"Dash","floor":14.0},{"not_picked":["Terror","Eviscerate"],"picked":"Noxious Fumes","floor":15.0},{"not_picked":["Bullet Time","A Thousand Cuts"],"picked":"Night Terror","floor":16.0},{"not_picked":["Acrobatics","Slice"],"picked":"Backflip","floor":18.0},{"not_picked":["Blade Dance","Grand Finale","Poisoned Stab"],"picked":"SKIP","floor":20.0},{"not_picked":["Backflip","Deadly Poison"],"picked":"Catalyst","floor":22.0},{"not_picked":["Terror","Underhanded Strike"],"picked":"Reflex+1","floor":23.0},{"not_picked":["Dagger Throw","Underhanded Strike"],"picked":"Deadly Poison","floor":24.0},{"not_picked":["PiercingWail","Dagger Throw"],"picked":"Blur","floor":25.0},{"not_picked":["Venomology","Blade Dance","Slice"],"picked":"Singing Bowl","floor":27.0},{"not_picked":["Expertise","Bane+1"],"picked":"Deflect","floor":28.0},{"not_picked":["Sucker Punch","Slice"],"picked":"Doppelganger","floor":29.0},{"not_picked":["Poisoned Stab","Underhanded Strike"],"picked":"Deflect+1","floor":31.0},{"not_picked":["Reflex+1","Deadly Poison","Slice"],"picked":"Singing Bowl","floor":32.0},{"not_picked":["Unload","Phantasmal Killer"],"picked":"Adrenaline","floor":33.0},{"not_picked":["Slice","Terror+1"],"picked":"Escape Plan+1","floor":35.0},{"not_picked":["Outmaneuver","Cloak And Dagger"],"picked":"Deflect+1","floor":37.0},{"not_picked":["Expertise","Dagger Spray+1","Underhanded Strike+1"],"picked":"Singing Bowl","floor":39.0},{"not_picked":["Noxious Fumes","Crippling Poison"],"picked":"After Image","floor":40.0},{"not_picked":["Predator","Deflect+1"],"picked":"Prepared+1","floor":41.0},{"not_picked":["Outmaneuver","Finisher+1"],"picked":"Deadly Poison+1","floor":42.0},{"not_picked":["Flechettes","Skewer+1"],"picked":"PiercingWail+1","floor":44.0},{"not_picked":["Blade Dance+1","Bane","Quick Slash+1"],"picked":"Singing Bowl","floor":45.0},{"not_picked":["Finisher","Blade Dance+1","Grand Finale"],"picked":"Singing Bowl","floor":46.0},{"not_picked":["Concentrate+1","Quick Slash+1"],"picked":"PiercingWail+1","floor":48.0},{"not_picked":["Prepared","Flying Knee+1"],"picked":"Backflip+1","floor":52.0},{"not_picked":["Unload","Heel Hook"],"picked":"Footwork+1","floor":54.0}],"player_experience":258485,"relics_obtained":[{"floor":6.0,"key":"Ornamental Fan"},{"floor":9.0,"key":"Dream Catcher"},{"floor":14.0,"key":"Bottled Flame"},{"floor":21.0,"key":"Tough Bandages"},{"floor":24.0,"key":"Regal Pillow"},{"floor":26.0,"key":"Ancient Tea Set"},{"floor":27.0,"key":"Singing Bowl"},{"floor":30.0,"key":"Necronomicon"},{"floor":37.0,"key":"Du-Vu Doll"},{"floor":40.0,"key":"Blood Vial"},{"floor":42.0,"key":"Ginger"},{"floor":46.0,"key":"Nunchaku"},{"floor":54.0,"key":"Mummified Hand"}],"event_choices":[{"damage_healed":0.0,"max_hp_gain":0.0,"max_hp_loss":0.0,"gold_gain":0.0,"event_name":"Golden Idol","player_choice":"Take Damage","floor":3.0,"gold_loss":0.0,"damage_taken":17.0,"relics_obtained":["Golden Idol"]},{"damage_healed":0.0,"max_hp_gain":0.0,"max_hp_loss":0.0,"gold_gain":0.0,"event_name":"Shining Light","player_choice":"Ignored","floor":10.0,"gold_loss":0.0,"damage_taken":0.0},{"damage_healed":0.0,"max_hp_gain":0.0,"max_hp_loss":0.0,"gold_gain":0.0,"cards_transformed":["Strike_G"],"event_name":"Transmorgrifier","player_choice":"Transformed","floor":12.0,"gold_loss":0.0,"damage_taken":0.0,"cards_obtained":["Calculated Gamble"]},{"damage_healed":0.0,"max_hp_gain":0.0,"max_hp_loss":0.0,"gold_gain":0.0,"event_name":"Cursed Tome","player_choice":"Obtained Book","floor":30.0,"gold_loss":0.0,"damage_taken":16.0},{"damage_healed":0.0,"max_hp_gain":0.0,"max_hp_loss":0.0,"gold_gain":0.0,"event_name":"MindBloom","player_choice":"Fight","floor":37.0,"gold_loss":0.0,"damage_taken":0.0},{"cards_removed":["Bane"],"damage_healed":0.0,"max_hp_gain":0.0,"max_hp_loss":0.0,"gold_gain":0.0,"event_name":"Falling","player_choice":"Removed Attack","floor":47.0,"gold_loss":0.0,"damage_taken":0.0}],"is_beta":false,"boss_relics":[{"not_picked":["WristBlade","Tiny House"],"picked":"Fusion Hammer"},{"not_picked":["Coffee Dripper","Lizard Tail"],"picked":"Philosopher\u0027s Stone"}],"items_purged_floors":[36,38],"is_endless":false,"potions_floor_spawned":[1,7,14,16,22,28,33,37,39,40,41],"ascension_level":6}