{"gold_per_floor":[117,42,62,73,73,73,99,99,99,125,125,136,186,206,206,285,285,299,299,190,201,76,101,16,16,66,77,97,132,147,197,197,270,270,282,296,296,296,309,341,341,371,371,402,159,176,208,223,223,223,223,223,10,40,40],"floor_reached":56,"playtime":6171,"items_purged":["Strike_B"],"score":2409,"play_id":"22b37dea-72ea-40f8-9600-78b63de54108","local_time":"20190715130619","is_ascension_mode":true,"campfire_choices":[{"data":"Zap","floor":6,"key":"SMITH"},{"data":"Dualcast","floor":8,"key":"SMITH"},{"floor":15,"key":"REST"},{"floor":25,"key":"REST"},{"floor":32,"key":"RECALL"},{"floor":49,"key":"REST"},{"floor":52,"key":"REST"}],"neow_cost":"TEN_PERCENT_HP_LOSS","seed_source_timestamp":114366919471310,"circlet_count":0,"master_deck":["AscendersBane","Defend_B","Defend_B","Defend_B","Defend_B","Zap+1","Dualcast+1","FTL","Go for the Eyes","Turbo","Core Surge","Aggregate","FTL","Streamline","Gash","Echo Form","Hologram","All For One","Go for the Eyes","Gash","Coolheaded","Self Repair","Steam","Defragment","Loop+1","Go for the Eyes","FTL","Chill","Force Field","All For One","Double Energy","Steam","Core Surge","Conserve Battery","Finesse","Purity","Panacea","Go for the Eyes","Force Field","Hologram","Stack+1","Reprogram","Beam Cell+1","Defragment+1","Chill+1","Conserve Battery","Double Energy","All For One+1","Defragment+1"],"relics":["Cracked Core","Unceasing Top","Mercury Hourglass","Kunai","Prayer Wheel","Fusion Hammer","Bronze Scales","Pantograph","Bag of Marbles","Thread and Needle","Runic Dome","Symbiotic Virus","PreservedInsect","Molten Egg 2","DataDisk","Boot","DollysMirror","Sundial"],"potions_floor_usage":[7,29,33,50,55],"damage_taken":[{"damage":3,"enemies":"2 Louse","floor":1,"turns":2},{"damage":6,"enemies":"Jaw Worm","floor":3,"turns":4},{"damage":1,"enemies":"Cultist","floor":4,"turns":3},{"damage":15,"enemies":"Lagavulin","floor":7,"turns":7},{"damage":25,"enemies":"3 Sentries","floor":10,"turns":5},{"damage":8,"enemies":"Red Slaver","floor":12,"turns":2},{"damage":0,"enemies":"3 Louse","floor":14,"turns":2},{"damage":18,"enemies":"Hexaghost","floor":16,"turns":10},{"damage":4,"enemies":"Spheric Guardian","floor":18,"turns":3},{"damage":0,"enemies":"Chosen","floor":21,"turns":4},{"damage":19,"enemies":"Slavers","floor":23,"turns":5},{"damage":0,"enemies":"Snecko","floor":27,"turns":2},{"damage":0,"enemies":"Cultist and Chosen","floor":28,"turns":3},{"damage":10,"enemies":"Book of Stabbing","floor":29,"turns":4},{"damage":0,"enemies":"3 Cultists","floor":30,"turns":4},{"damage":4,"enemies":"Automaton","floor":33,"turns":7},{"damage":0,"enemies":"Orb Walker","floor":35,"turns":3},{"damage":17,"enemies":"3 Darklings","floor":36,"turns":5},{"damage":0,"enemies":"Jaw Worm Horde","floor":39,"turns":2},{"damage":0,"enemies":"Reptomancer","floor":40,"turns":5},{"damage":0,"enemies":"Nemesis","floor":42,"turns":5},{"damage":0,"enemies":"Reptomancer","floor":44,"turns":3},{"damage":0,"enemies":"4 Shapes","floor":46,"turns":6},{"damage":21,"enemies":"Nemesis","floor":47,"turns":5},{"damage":0,"enemies":"Writhing Mass","floor":48,"turns":4},{"damage":0,"enemies":"Awakened One","floor":50,"turns":7},{"damage":19,"enemies":"Shield and Spear","floor":54,"turns":6},{"damage":29,"enemies":"The Heart","floor":55,"turns":10}],"seed_played":"8837172665896246839","potions_obtained":[{"floor":3,"key":"Swift Potion"},{"floor":10,"key":"GamblersBrew"},{"floor":12,"key":"SteroidPotion"},{"floor":16,"key":"GamblersBrew"},{"floor":28,"key":"PowerPotion"},{"floor":30,"key":"SkillPotion"},{"floor":36,"key":"Strength Potion"},{"floor":39,"key":"Dexterity Potion"}],"is_trial":false,"path_per_floor":["M","?","M","M","?","R","E","R","T","E","?","M","?","M","R","B",null,"M","?","$","M","$","E","?","R","T","M","M","E","M","?","R","B",null,"M","M","?","?","M","E","?","E","T","E","$","M","E","M","R","B",null,"R","$","E","B",null],"character_chosen":"DEFECT","items_purchased":["Go for the Eyes","Gash","Steam","Reprogram","DataDisk","DollysMirror"],"campfire_rested":4,"item_purchase_floors":[20,20,22,45,45,53],"current_hp_per_floor":[61,61,55,54,54,54,39,39,39,14,14,6,6,6,25,7,50,46,46,46,46,46,34,34,53,53,53,53,50,57,57,57,64,64,64,54,54,44,44,51,51,58,58,61,61,61,47,54,61,61,61,61,61,49,39],"gold":40,"neow_bonus":"ONE_RARE_RELIC","is_prod":false,"is_daily":false,"chose_seed":false,"campfire_upgraded":2,"win_rate":0,"timestamp":1563185179,"path_taken":["M","?","M","M","?","R","E","R","T","E","?","M","?","M","R","BOSS","M","?","$","?","$","E","?","R","T","M","M","E","M","?","R","BOSS","M","M","?","?","M","E","?","E","T","E","$","M","E","M","R","BOSS","R","$","E","BOSS"],"build_version":"2019-07-05","purchased_purges":1,"victory":true,"max_hp_per_floor":[64,64,64,64,64,64,64,64,64,64,64,64,64,64,64,64,64,64,64,64,64,64,64,64,64,64,64,64,64,64,64,64,64,64,64,64,61,61,61,61,61,61,61,61,61,61,61,61,61,61,61,61,61,61,61],"card_choices":[{"not_picked":["Rebound","Hologram"],"picked":"Loop","floor":1},{"not_picked":["Barrage","Storm"],"picked":"FTL","floor":3},{"not_picked":["Stack","Sweeping Beam"],"picked":"Go for the Eyes","floor":4},{"not_picked":["Barrage","Redo"],"picked":"Turbo","floor":7},{"not_picked":["Rebound","Redo"],"picked":"Core Surge","floor":10},{"not_picked":["Fusion","Sweeping Beam"],"picked":"Aggregate","floor":12},{"not_picked":["Doom and Gloom","Sweeping Beam"],"picked":"FTL","floor":12},{"not_picked":["Steam","Sweeping Beam"],"picked":"Streamline","floor":14},{"not_picked":["Ball Lightning","Streamline"],"picked":"Gash","floor":14},{"not_picked":["Core Surge","Machine Learning"],"picked":"Echo Form","floor":16},{"not_picked":["Doom and Gloom","Leap"],"picked":"Hologram","floor":18},{"not_picked":["Rip and Tear","Compile Driver","Rebound"],"picked":"SKIP","floor":18},{"not_picked":["Chaos","Fusion"],"picked":"Coolheaded","floor":21},{"not_picked":["Coolheaded","Beam Cell"],"picked":"Self Repair","floor":21},{"not_picked":["Ball Lightning","Chaos"],"picked":"Defragment","floor":23},{"not_picked":["Barrage","Redo"],"picked":"Loop+1","floor":27},{"not_picked":["Reprogram","Rip and Tear+1"],"picked":"Go for the Eyes","floor":27},{"not_picked":["Aggregate","Fission"],"picked":"FTL","floor":28},{"not_picked":["Redo","Chaos","Melter"],"picked":"SKIP","floor":28},{"not_picked":["Barrage","Melter","Rip and Tear"],"picked":"SKIP","floor":29},{"not_picked":["Reprogram","Ball Lightning"],"picked":"Chill","floor":30},{"not_picked":["Rip and Tear","Scrape"],"picked":"Force Field","floor":30},{"not_picked":["Electrodynamics","Core Surge"],"picked":"All For One","floor":33},{"not_picked":["Compile Driver","Beam Cell"],"picked":"Double Energy","floor":35},{"not_picked":["White Noise","Coolheaded"],"picked":"Steam","floor":35},{"not_picked":["Turbo","Conserve Battery"],"picked":"Core Surge","floor":36},{"not_picked":["Rebound","Stack"],"picked":"Conserve Battery","floor":36},{"not_picked":["Magnetism","Impatience"],"picked":"Finesse","floor":38},{"not_picked":["Transmutation","PanicButton"],"picked":"Purity","floor":38},{"not_picked":["PanicButton","Magnetism"],"picked":"Panacea","floor":38},{"not_picked":["Blizzard","Undo"],"picked":"Go for the Eyes","floor":39},{"not_picked":["Chaos","Lockon+1","Leap"],"picked":"SKIP","floor":39},{"not_picked":["Rip and Tear","Conserve Battery"],"picked":"Force Field","floor":40},{"not_picked":["Beam Cell","Storm"],"picked":"Hologram","floor":42},{"not_picked":["Doom and Gloom","Barrage"],"picked":"Stack+1","floor":44},{"not_picked":["Storm","Rebound+1"],"picked":"Beam Cell+1","floor":46},{"not_picked":["Capacitor","White Noise+1"],"picked":"Defragment+1","floor":46},{"not_picked":["Turbo","Glacier"],"picked":"Chill+1","floor":47},{"not_picked":["Turbo","Redo"],"picked":"Conserve Battery","floor":48},{"not_picked":["Genetic Algorithm+1","Rebound+1"],"picked":"Double Energy","floor":48},{"not_picked":["Conserve Battery","Coolheaded"],"picked":"Defragment+1","floor":54}],"player_experience":699321,"relics_obtained":[{"floor":7,"key":"Mercury Hourglass"},{"floor":9,"key":"Kunai"},{"floor":10,"key":"Prayer Wheel"},{"floor":23,"key":"Bronze Scales"},{"floor":26,"key":"Bag of Marbles"},{"floor":29,"key":"Thread and Needle"},{"floor":40,"key":"Symbiotic Virus"},{"floor":42,"key":"PreservedInsect"},{"floor":44,"key":"Molten Egg 2"},{"floor":47,"key":"Boot"},{"floor":54,"key":"Sundial"}],"event_choices":[{"cards_removed":["Strike_B"],"damage_healed":0,"gold_gain":0,"player_choice":"Card Removal","damage_taken":0,"max_hp_gain":0,"max_hp_loss":0,"event_name":"The Cleric","floor":2,"gold_loss":75},{"cards_removed":["Strike_B"],"damage_healed":0,"gold_gain":0,"player_choice":"Forget","damage_taken":0,"max_hp_gain":0,"max_hp_loss":0,"event_name":"Living Wall","floor":5,"gold_loss":0},{"damage_healed":0,"gold_gain":0,"player_choice":"Ignored","damage_taken":0,"max_hp_gain":0,"max_hp_loss":0,"event_name":"Shining Light","floor":11,"gold_loss":0},{"damage_healed":0,"gold_gain":50,"player_choice":"Pray","damage_taken":0,"max_hp_gain":0,"max_hp_loss":0,"event_name":"Golden Shrine","floor":13,"gold_loss":0},{"damage_healed":0,"gold_gain":0,"cards_transformed":["Strike_B"],"player_choice":"Transformed","damage_taken":0,"max_hp_gain":0,"max_hp_loss":0,"event_name":"Transmorgrifier","floor":19,"gold_loss":0,"cards_obtained":["All For One"]},{"damage_healed":0,"gold_gain":0,"player_choice":"Obtained Relic","damage_taken":0,"relics_obtained":["Pantograph"],"max_hp_gain":0,"max_hp_loss":0,"event_name":"Addict","floor":24,"gold_loss":85},{"damage_healed":0,"gold_gain":50,"player_choice":"Stole From Cult","damage_taken":0,"max_hp_gain":0,"max_hp_loss":0,"event_name":"Nest","floor":31,"gold_loss":0},{"damage_healed":0,"gold_gain":0,"player_choice":"Max HP","damage_taken":0,"max_hp_gain":0,"max_hp_loss":3,"event_name":"Winding Halls","floor":37,"gold_loss":0},{"damage_healed":0,"gold_gain":0,"player_choice":"Memory 3","damage_taken":10,"max_hp_gain":0,"max_hp_loss":0,"event_name":"SensoryStone","floor":38,"gold_loss":0},{"cards_removed":["Loop"],"damage_healed":0,"gold_gain":0,"player_choice":"Removed Power","damage_taken":0,"max_hp_gain":0,"max_hp_loss":0,"event_name":"Falling","floor":41,"gold_loss":0}],"is_beta":false,"boss_relics":[{"not_picked":["Busted Crown","Inserter"],"picked":"Fusion Hammer"},{"not_picked":["Orrery","White Beast Statue"],"picked":"Runic Dome"}],"items_purged_floors":[22],"is_endless":false,"potions_floor_spawned":[3,10,12,16,18,28,30,36,39,42,47],"ascension_level":17}