{"gold_per_floor":[111,122,136,146,65,94,146,146,146,178,13,46,46,63,63,140,140,153,173,43,43,43,43,63,73,97,125,125],"floor_reached":28,"playtime":1228,"items_purged":["Strike_R"],"score":541,"play_id":"4284acee-b407-45be-bd99-d712f569fdd3","local_time":"20190702140432","is_ascension_mode":true,"campfire_choices":[{"floor":8,"key":"REST"},{"floor":15,"key":"REST"},{"data":"Whirlwind","floor":23,"key":"SMITH"}],"neow_cost":"NONE","seed_source_timestamp":354534025430200,"circlet_count":0,"master_deck":["AscendersBane","Strike_R","Strike_R","Strike_R","Strike_R","Defend_R","Defend_R","Defend_R","Defend_R","Bash","Madness","Clothesline","Uppercut","Disarm","True Grit","Whirlwind+1","Bludgeon","Seeing Red+1","Panacea+1","Headbutt","Flex+1","Dark Embrace","Intimidate+1","Shrug It Off+1","Havoc+1","Decay","Dual Wield+1","Bloodletting+1"],"relics":["Burning Blood","Toxic Egg 2","Sundial","Mango","Red Skull","Mark of Pain","PreservedInsect","Strawberry"],"potions_floor_usage":[6,10,16,25,25,28],"damage_taken":[{"damage":9,"enemies":"Jaw Worm","floor":1,"turns":4},{"damage":7,"enemies":"Small Slimes","floor":2,"turns":4},{"damage":0,"enemies":"Cultist","floor":3,"turns":4},{"damage":25,"enemies":"Large Slime","floor":4,"turns":8},{"damage":21,"enemies":"Lagavulin","floor":6,"turns":9},{"damage":45,"enemies":"3 Sentries","floor":10,"turns":8},{"damage":25,"enemies":"Gremlin Nob","floor":12,"turns":4},{"damage":0,"enemies":"2 Fungi Beasts","floor":14,"turns":2},{"damage":25,"enemies":"Slime Boss","floor":16,"turns":8},{"damage":29,"enemies":"Spheric Guardian","floor":18,"turns":5},{"damage":35,"enemies":"3 Byrds","floor":19,"turns":6},{"damage":17,"enemies":"Centurion and Healer","floor":24,"turns":5},{"damage":26,"enemies":"Snake Plant","floor":25,"turns":2},{"damage":12,"enemies":"Gremlin Leader","floor":27,"turns":3},{"damage":17,"enemies":"Sentry and Sphere","floor":28,"turns":3}],"seed_played":"5721469016881841264","potions_obtained":[{"floor":4,"key":"Weak Potion"},{"floor":6,"key":"Swift Potion"},{"floor":12,"key":"AttackPotion"},{"floor":18,"key":"Strength Potion"},{"floor":27,"key":"SneckoOil"}],"is_trial":false,"path_per_floor":["M","M","M","M","$","E","?","R","T","E","$","E","?","M","R","B",null,"M","M","$","?","?","R","M","M","T","E","M"],"character_chosen":"IRONCLAD","items_purchased":["Whirlwind","Panacea+1","BloodPotion","Havoc+1"],"campfire_rested":2,"item_purchase_floors":[5,11,20,20],"current_hp_per_floor":[65,64,70,51,51,36,36,58,58,33,33,14,14,20,46,27,74,51,22,22,22,22,22,11,13,13,14,0],"gold":125,"neow_bonus":"RANDOM_COLORLESS","is_prod":false,"is_daily":false,"chose_seed":false,"campfire_upgraded":1,"win_rate":0,"timestamp":1562090672,"path_taken":["M","M","M","M","$","E","?","R","T","E","$","E","?","M","R","BOSS","M","M","$","?","?","R","M","M","T","E","M"],"build_version":"2019-07-01","purchased_purges":1,"victory":false,"max_hp_per_floor":[75,75,75,75,75,75,75,75,75,89,89,89,89,89,89,89,89,89,89,89,89,89,89,89,89,89,96,96],"card_choices":[{"not_picked":["Dual Wield","Iron Wave"],"picked":"Clothesline","floor":1},{"not_picked":["Warcry","Exhume"],"picked":"Uppercut","floor":2},{"not_picked":["Combust","Body Slam"],"picked":"Disarm","floor":3},{"not_picked":["Thunderclap","Anger"],"picked":"True Grit","floor":4},{"not_picked":["Clash","Clothesline"],"picked":"Bludgeon","floor":6},{"not_picked":["Clash","Feed"],"picked":"Seeing Red+1","floor":10},{"not_picked":["Havoc+1","Second Wind+1"],"picked":"Headbutt","floor":12},{"not_picked":["Wild Strike","Iron Wave"],"picked":"Flex+1","floor":14},{"not_picked":["Juggernaut","Barricade"],"picked":"Dark Embrace","floor":16},{"not_picked":["Iron Wave","Flex+1"],"picked":"Intimidate+1","floor":18},{"not_picked":["Rampage+1","Rage+1"],"picked":"Shrug It Off+1","floor":19},{"not_picked":["Rampage","Sword Boomerang"],"picked":"Dual Wield+1","floor":24},{"not_picked":["Heavy Blade","Perfected Strike"],"picked":"Bloodletting+1","floor":25},{"not_picked":["Pummel","Clash","Anger"],"picked":"SKIP","floor":27}],"player_experience":1657802,"relics_obtained":[{"floor":6,"key":"Toxic Egg 2"},{"floor":9,"key":"Sundial"},{"floor":10,"key":"Mango"},{"floor":12,"key":"Red Skull"},{"floor":26,"key":"PreservedInsect"},{"floor":27,"key":"Strawberry"}],"event_choices":[{"damage_healed":0,"gold_gain":52,"player_choice":"Gained Gold","damage_taken":0,"max_hp_gain":0,"max_hp_loss":0,"event_name":"Golden Wing","floor":7,"gold_loss":0},{"damage_healed":0,"gold_gain":0,"player_choice":"Fled","damage_taken":0,"max_hp_gain":0,"max_hp_loss":0,"event_name":"Scrap Ooze","floor":13,"gold_loss":0},{"damage_healed":0,"gold_gain":0,"player_choice":"Smashed Altar","damage_taken":0,"max_hp_gain":0,"max_hp_loss":0,"event_name":"Forgotten Altar","floor":21,"gold_loss":0,"cards_obtained":["Decay"]},{"damage_healed":0,"gold_gain":0,"player_choice":"Ignored","damage_taken":0,"max_hp_gain":0,"max_hp_loss":0,"event_name":"Ghosts","floor":22,"gold_loss":0}],"is_beta":false,"boss_relics":[{"not_picked":["Calling Bell","Orrery"],"picked":"Mark of Pain"}],"items_purged_floors":[11],"is_endless":false,"potions_floor_spawned":[4,6,12,18,24,27],"killed_by":"Sentry and Sphere","ascension_level":20}