{"gold_per_floor":[111,36,36,51,61,61,118,118,145,145,45,45,58,77,77,170,170,194,194,194,29,29,60,60,110,134,154,154,193,193,209,209,307,307,332,355,418,418,16,49,49,83,109,52,72,87,110,110,110,110,110],"floor_reached":52,"playtime":9561,"items_purged":["Decay","Normality","Parasite"],"score":2117,"play_id":"c0f94ece-e7d6-486b-b432-bb83e9a982aa","local_time":"20190626162815","is_ascension_mode":true,"campfire_choices":[{"data":"Backstab","floor":6.0,"key":"SMITH"},{"floor":10.0,"key":"REST"},{"data":"Poisoned Stab","floor":15.0,"key":"SMITH"},{"data":"Wraith Form v2","floor":24.0,"key":"SMITH"},{"floor":28.0,"key":"REST"},{"data":"Well Laid Plans","floor":32.0,"key":"SMITH"},{"data":"Noxious Fumes","floor":41.0,"key":"SMITH"},{"floor":49,"key":"REST"}],"neow_cost":"NONE","seed_source_timestamp":1158922720312962,"circlet_count":0,"master_deck":["AscendersBane","Survivor","Neutralize+1","Backstab+1","Leg Sweep+1","Dodge and Roll+1","Backflip+1","Dodge and Roll+1","Poisoned Stab+1","Adrenaline+1","Acrobatics+1","Finisher","Phantasmal Killer+1","Venomology+1","Dagger Spray+1","Dash+1","Distraction+1","Choke+1","Predator","Leg Sweep+1","PiercingWail+1","Wraith Form v2+1","Prepared+1","Well Laid Plans+1","Noxious Fumes","Blade Dance+1","Tools of the Trade","Concentrate+1","Noxious Fumes+1","Night Terror+1","Terror+1","Deflect+1","Catalyst+1","Acrobatics+1","Catalyst+1","Dodge and Roll+1","Panacea+1"],"special_seed":0,"relics":["Calling Bell","Pen Nib","Toxic Egg 2","Turnip","Tiny Chest","Omamori","Golden Idol","Pandora\u0027s Box","Enchiridion","Whetstone","Orichalcum","Bottled Lightning","Bag of Preparation","Runic Dome","Nunchaku","Mummified Hand","Juzu Bracelet","Lantern"],"potions_floor_usage":[45,51,51],"damage_taken":[{"damage":2.0,"enemies":"2 Louse","floor":1.0,"turns":3.0},{"damage":0.0,"enemies":"Small Slimes","floor":4.0,"turns":2.0},{"damage":0.0,"enemies":"Cultist","floor":5.0,"turns":5.0},{"damage":25.0,"enemies":"Gremlin Nob","floor":7.0,"turns":5.0},{"damage":2.0,"enemies":"2 Fungi Beasts","floor":13.0,"turns":5.0},{"damage":0.0,"enemies":"Exordium Thugs","floor":14.0,"turns":6.0},{"damage":2.0,"enemies":"The Guardian","floor":16.0,"turns":17.0},{"damage":5.0,"enemies":"2 Thieves","floor":18.0,"turns":3.0},{"damage":13.0,"enemies":"Slavers","floor":23.0,"turns":5.0},{"damage":0.0,"enemies":"Chosen","floor":27.0,"turns":6.0},{"damage":0.0,"enemies":"Gremlin Leader","floor":29.0,"turns":3.0},{"damage":0.0,"enemies":"Centurion and Healer","floor":31.0,"turns":3.0},{"damage":30.0,"enemies":"Champ","floor":33.0,"turns":18.0},{"damage":3.0,"enemies":"3 Darklings","floor":35.0,"turns":3.0},{"damage":0.0,"enemies":"Orb Walker","floor":36.0,"turns":2.0},{"damage":1.0,"enemies":"2 Orb Walkers","floor":37.0,"turns":4.0},{"damage":0.0,"enemies":"Reptomancer","floor":40.0,"turns":6.0},{"damage":25.0,"enemies":"Nemesis","floor":42.0,"turns":5.0},{"damage":0,"enemies":"Maw","floor":45,"turns":4},{"damage":0,"enemies":"Spire Growth","floor":46,"turns":1},{"damage":0,"enemies":"Sphere and 2 Shapes","floor":47,"turns":3},{"damage":6,"enemies":"Time Eater","floor":50,"turns":6},{"damage":0,"enemies":"Awakened One","floor":51,"turns":10}],"seed_played":"-627736234620550275","potions_obtained":[{"floor":1.0,"key":"LiquidBronze"},{"floor":4.0,"key":"Strength Potion"},{"floor":5.0,"key":"Weak Potion"},{"floor":7.0,"key":"PowerPotion"},{"floor":16.0,"key":"AttackPotion"},{"floor":27.0,"key":"LiquidBronze"},{"floor":29.0,"key":"Energy Potion"},{"floor":45,"key":"GamblersBrew"}],"is_trial":false,"path_per_floor":["M","$","?","M","M","R","E","?","T","R","$","?","M","M","R","B",null,"M","?","$","$","?","E","R","?","T","M","R","E","T","M","R","B",null,"M","M","?","?","$","E","R","E","T","$","M","M","M","?","R","B","B",null],"character_chosen":"THE_SILENT","items_purchased":["Wraith Form v2","Noxious Fumes","Night Terror+1","Terror+1","Acrobatics+1"],"campfire_rested":3,"item_purchase_floors":[21,39,39,39,44],"current_hp_per_floor":[57,57,37,37,37,37,12,12,12,31,31,31,29,29,29,27,56,51,51,51,51,30,17,17,17,17,17,36,36,36,36,36,6,51,48,48,47,47,47,47,47,22,22,22,22,22,22,22,40,34,34],"gold":110,"neow_bonus":"BOSS_RELIC","is_prod":false,"is_daily":false,"chose_seed":false,"campfire_upgraded":5,"win_rate":0,"timestamp":1561555695,"path_taken":["M","$","?","M","M","R","E","?","T","R","$","?","M","M","R","BOSS","M","?","?","$","?","E","R","?","T","?","R","E","?","M","R","BOSS","M","M","?","?","$","E","R","E","T","$","M","M","M","?","R","BOSS","BOSS"],"build_version":"2019-01-23","purchased_purges":3,"victory":true,"max_hp_per_floor":[66,66,66,66,66,66,66,66,66,66,66,66,66,66,66,66,66,66,66,66,66,66,66,66,66,66,66,66,66,66,66,66,66,66,66,66,66,63,60,60,60,60,60,60,60,60,60,60,60,60,60],"card_choices":[{"not_picked":["Slice","Finisher"],"picked":"Backstab","floor":1.0},{"not_picked":["Flechettes","Heel Hook"],"picked":"Leg Sweep+1","floor":4.0},{"not_picked":["Prepared+1","Escape Plan+1"],"picked":"Dodge and Roll+1","floor":5.0},{"not_picked":["Blade Dance+1","Underhanded Strike"],"picked":"Backflip+1","floor":7.0},{"not_picked":["Poisoned Stab","Setup+1"],"picked":"Dodge and Roll+1","floor":13.0},{"not_picked":["Underhanded Strike","Quick Slash"],"picked":"Poisoned Stab","floor":14.0},{"not_picked":["Unload","A Thousand Cuts"],"picked":"Adrenaline+1","floor":16.0},{"not_picked":["Outmaneuver+1","Sucker Punch"],"picked":"PiercingWail+1","floor":18.0},{"not_picked":["Quick Slash","Predator"],"picked":"Prepared+1","floor":23.0},{"not_picked":["Cloak And Dagger+1","PiercingWail+1"],"picked":"Well Laid Plans","floor":27.0},{"not_picked":["Escape Plan+1","Grand Finale"],"picked":"Noxious Fumes","floor":29.0},{"not_picked":["Predator","Poisoned Stab"],"picked":"Blade Dance+1","floor":31.0},{"not_picked":["Envenom","Unload"],"picked":"Tools of the Trade","floor":33.0},{"not_picked":["Underhanded Strike","Dash"],"picked":"Concentrate+1","floor":35.0},{"not_picked":["Flying Knee","Bane","Blade Dance+1"],"picked":"SKIP","floor":36.0},{"not_picked":["Sucker Punch","Endless Agony"],"picked":"Deflect+1","floor":40.0},{"not_picked":["Dagger Spray","Bane+1"],"picked":"Catalyst+1","floor":42.0},{"not_picked":["Dagger Spray+1","Flying Knee","Unload"],"picked":"SKIP","floor":45},{"not_picked":["Slice","Masterful Stab"],"picked":"Catalyst+1","floor":46},{"not_picked":["Bane","Slice+1"],"picked":"Dodge and Roll+1","floor":47},{"not_picked":["Master of Strategy+1","The Bomb+1"],"picked":"Panacea+1","floor":48}],"player_experience":570448,"relics_obtained":[{"floor":0.0,"key":"Pen Nib"},{"floor":0.0,"key":"Toxic Egg 2"},{"floor":0.0,"key":"Turnip"},{"floor":7.0,"key":"Tiny Chest"},{"floor":9.0,"key":"Omamori"},{"floor":22.0,"key":"Enchiridion"},{"floor":23.0,"key":"Whetstone"},{"floor":26.0,"key":"Orichalcum"},{"floor":29.0,"key":"Bottled Lightning"},{"floor":30.0,"key":"Bag of Preparation"},{"floor":37.0,"key":"Nunchaku"},{"floor":40.0,"key":"Mummified Hand"},{"floor":42.0,"key":"Juzu Bracelet"},{"floor":43.0,"key":"Lantern"}],"event_choices":[{"damage_healed":0.0,"max_hp_gain":0.0,"max_hp_loss":0.0,"gold_gain":0.0,"event_name":"Shining Light","player_choice":"Entered Light","floor":3.0,"gold_loss":0.0,"damage_taken":20.0,"cards_upgraded":["Neutralize","Strike_G"]},{"damage_healed":0.0,"max_hp_gain":0.0,"max_hp_loss":0.0,"gold_gain":0.0,"event_name":"Scrap Ooze","player_choice":"Fled","floor":8.0,"gold_loss":0.0,"damage_taken":0.0},{"damage_healed":0.0,"max_hp_gain":0.0,"max_hp_loss":0.0,"gold_gain":0.0,"event_name":"Golden Idol","player_choice":"Take Wound","floor":12.0,"gold_loss":0.0,"damage_taken":0.0,"relics_obtained":["Golden Idol"],"cards_obtained":["Injury"]},{"damage_healed":0.0,"max_hp_gain":0.0,"max_hp_loss":0.0,"gold_gain":0.0,"event_name":"Upgrade Shrine","player_choice":"Upgraded","floor":19.0,"gold_loss":0.0,"damage_taken":0.0,"cards_upgraded":["Dash"]},{"damage_healed":0.0,"max_hp_gain":0.0,"max_hp_loss":0.0,"gold_gain":0.0,"event_name":"Cursed Tome","player_choice":"Obtained Book","floor":22.0,"gold_loss":0.0,"damage_taken":21.0},{"damage_healed":0.0,"max_hp_gain":0.0,"max_hp_loss":0.0,"gold_gain":100.0,"event_name":"The Joust","player_choice":"Bet on Murderer","floor":25.0,"gold_loss":50.0,"damage_taken":0.0},{"damage_healed":0.0,"max_hp_gain":0.0,"max_hp_loss":0.0,"gold_gain":0.0,"event_name":"Mysterious Sphere","player_choice":"Fight","floor":37.0,"gold_loss":0.0,"damage_taken":0.0},{"damage_healed":0.0,"max_hp_gain":0.0,"max_hp_loss":3.0,"gold_gain":0.0,"event_name":"Winding Halls","player_choice":"Max HP","floor":38.0,"gold_loss":0.0,"damage_taken":0.0},{"damage_healed":0,"gold_gain":0,"player_choice":"Memory 1","damage_taken":0,"max_hp_gain":0,"max_hp_loss":0,"event_name":"SensoryStone","floor":48,"gold_loss":0}],"is_beta":false,"boss_relics":[{"not_picked":["Black Star","Runic Pyramid"],"picked":"Pandora\u0027s Box"},{"not_picked":["Sozu","WristBlade"],"picked":"Runic Dome"}],"items_purged_floors":[2,11,39],"is_endless":false,"potions_floor_spawned":[1,4,5,7,16,27,29,36,45,46],"ascension_level":20}