{"gold_per_floor":[114,114,127,145,15,15,41,59,59,92,92,92,106,137,137,137],"floor_reached":16,"playtime":1768,"items_purged":[],"score":120,"play_id":"e3bfbd57-4c90-444a-8a80-4ac16dfeda59","local_time":"20190726103107","is_ascension_mode":false,"campfire_choices":[{"floor":6,"key":"RECALL"},{"floor":12,"key":"REST"},{"data":"Clothesline","floor":15,"key":"SMITH"}],"neow_cost":"NONE","seed_source_timestamp":584672169565300,"circlet_count":0,"master_deck":["Strike_R","Strike_R","Strike_R","Strike_R","Strike_R","Defend_R","Defend_R","Defend_R","Defend_R","Bash","Entrench","Rampage","Thunderclap","Clothesline+1","Carnage","Exhume","Flex","Injury","Headbutt","Disarm"],"relics":["Burning Blood","Blood Vial","Sundial","Charon\u0027s Ashes","Golden Idol","Centennial Puzzle"],"potions_floor_usage":[10,10,14,14],"damage_taken":[{"damage":5,"enemies":"Small Slimes","floor":1,"turns":4},{"damage":2,"enemies":"2 Louse","floor":3,"turns":2},{"damage":6,"enemies":"Cultist","floor":4,"turns":3},{"damage":41,"enemies":"3 Sentries","floor":7,"turns":8},{"damage":15,"enemies":"2 Fungi Beasts","floor":8,"turns":3},{"damage":33,"enemies":"Lagavulin","floor":10,"turns":6},{"damage":11,"enemies":"Large Slime","floor":13,"turns":7},{"damage":35,"enemies":"3 Sentries","floor":14,"turns":5},{"damage":31,"enemies":"Hexaghost","floor":16,"turns":15}],"seed_played":"-6173437954787627054","potions_obtained":[{"floor":3,"key":"PowerPotion"},{"floor":8,"key":"Block Potion"},{"floor":10,"key":"LiquidBronze"},{"floor":13,"key":"Explosive Potion"}],"is_trial":false,"path_per_floor":["M","?","M","M","$","R","E","M","T","E","?","R","M","E","R","B"],"character_chosen":"IRONCLAD","items_purchased":["FairyPotion","Clothesline"],"campfire_rested":1,"item_purchase_floors":[5,5],"current_hp_per_floor":[88,88,88,88,88,88,53,46,46,21,21,47,44,17,17,0],"gold":137,"neow_bonus":"TEN_PERCENT_HP_BONUS","is_prod":false,"is_daily":false,"chose_seed":false,"campfire_upgraded":1,"win_rate":0,"timestamp":1564133467,"path_taken":["M","?","M","M","$","R","E","M","T","E","?","R","M","E","R","BOSS"],"build_version":"2019-07-17","purchased_purges":0,"victory":false,"max_hp_per_floor":[88,88,88,88,88,88,88,88,88,88,88,88,88,88,88,88],"card_choices":[{"not_picked":["Shrug It Off","Thunderclap"],"picked":"Entrench","floor":1},{"not_picked":["True Grit","Second Wind"],"picked":"Rampage","floor":3},{"not_picked":["Wild Strike","Reckless Charge"],"picked":"Thunderclap","floor":4},{"not_picked":["Clothesline","Fire Breathing"],"picked":"Carnage","floor":7},{"not_picked":["Thunderclap","Headbutt"],"picked":"Exhume","floor":8},{"not_picked":["Fire Breathing","Dropkick"],"picked":"Flex","floor":10},{"not_picked":["Flex","Iron Wave"],"picked":"Headbutt","floor":13},{"not_picked":["Headbutt","Cleave"],"picked":"Disarm","floor":14}],"player_experience":449806,"relics_obtained":[{"floor":7,"key":"Blood Vial"},{"floor":9,"key":"Sundial"},{"floor":10,"key":"Charon\u0027s Ashes"},{"floor":14,"key":"Centennial Puzzle"}],"event_choices":[{"damage_healed":0,"gold_gain":0,"player_choice":"Ignored","damage_taken":0,"max_hp_gain":0,"max_hp_loss":0,"event_name":"Liars Game","floor":2,"gold_loss":0},{"damage_healed":0,"gold_gain":0,"player_choice":"Take Wound","damage_taken":0,"relics_obtained":["Golden Idol"],"max_hp_gain":0,"max_hp_loss":0,"event_name":"Golden Idol","floor":11,"gold_loss":0,"cards_obtained":["Injury"]}],"is_beta":false,"boss_relics":[],"items_purged_floors":[],"is_endless":false,"potions_floor_spawned":[3,8,10,13],"killed_by":"Hexaghost","ascension_level":0}