{"gold_per_floor":[364,374,2,17,37,37,63,63,63,138,173,186,186,2,2,100,100,119,133,150,167,167,201,201,32,58,157,171,206,206,236,236,341,341,361,372,382,400,411,436,436,436,459,486,486,486,6,22,22,22],"floor_reached":51,"playtime":10991,"items_purged":["Strike_G","Writhe"],"score":1084,"play_id":"9c7a1f5d-7871-4c05-94bf-db4e0ad2ea73","local_time":"20190616213851","is_ascension_mode":true,"campfire_choices":[{"data":"Bullet Time","floor":6.0,"key":"SMITH"},{"floor":8.0,"key":"REST"},{"floor":15.0,"key":"REST"},{"data":"Well Laid Plans","floor":24.0,"key":"SMITH"},{"floor":30.0,"key":"REST"},{"data":"Catalyst","floor":32.0,"key":"SMITH"},{"floor":42.0,"key":"REST"},{"floor":45.0,"key":"REST"},{"data":"Catalyst","floor":49.0,"key":"SMITH"}],"neow_cost":"PERCENT_DAMAGE","seed_source_timestamp":310973071504139,"circlet_count":0,"master_deck":["Survivor","Neutralize+1","Dagger Spray","Acrobatics+1","Cloak And Dagger","Infinite Blades","Bullet Time+1","Dodge and Roll","Acrobatics+1","Deadly Poison","Well Laid Plans+1","Night Terror","Deadly Poison+1","Cloak And Dagger","Backflip","Catalyst+1","Envenom","Noxious Fumes","Calculated Gamble","Corpse Explosion","Malaise","After Image","Well Laid Plans","Bane","Flechettes","Accuracy","Dodge and Roll","Heel Hook","Dagger Throw","Deflect","Deadly Poison+1","Catalyst+1","Crippling Poison","Noxious Fumes+1","Leg Sweep+1","Crippling Poison+1","Concentrate","Blade Dance","Footwork+1","Finesse","PiercingWail","Tactician+1"],"special_seed":0,"relics":["Ring of the Snake","Ninja Scroll","Juzu Bracelet","Letter Opener","Meat on the Bone","Snecko Eye","Boot","Orichalcum","War Paint","Shuriken","Blood Vial","Pandora\u0027s Box","Singing Bowl","Blue Candle","Membership Card","Oddly Smooth Stone","Bottled Lightning"],"potions_floor_usage":[50,50,50],"damage_taken":[{"damage":4.0,"enemies":"Small Slimes","floor":1.0,"turns":4.0},{"damage":1.0,"enemies":"Jaw Worm","floor":2.0,"turns":4.0},{"damage":0.0,"enemies":"2 Louse","floor":4.0,"turns":2.0},{"damage":6.0,"enemies":"Looter","floor":5.0,"turns":3.0},{"damage":26.0,"enemies":"Gremlin Nob","floor":7.0,"turns":5.0},{"damage":13.0,"enemies":"Lagavulin","floor":11.0,"turns":6.0},{"damage":4.0,"enemies":"Large Slime","floor":12.0,"turns":6.0},{"damage":0.0,"enemies":"The Guardian","floor":16.0,"turns":11.0},{"damage":13.0,"enemies":"3 Byrds","floor":18.0,"turns":5.0},{"damage":0.0,"enemies":"Spheric Guardian","floor":19.0,"turns":3.0},{"damage":7.0,"enemies":"3 Cultists","floor":20.0,"turns":6.0},{"damage":22.0,"enemies":"Snake Plant","floor":21.0,"turns":5.0},{"damage":0.0,"enemies":"Gremlin Leader","floor":23.0,"turns":5.0},{"damage":26.0,"enemies":"Cultist and Chosen","floor":28.0,"turns":6.0},{"damage":14.0,"enemies":"Slavers","floor":29.0,"turns":5.0},{"damage":4.0,"enemies":"Gremlin Leader","floor":31.0,"turns":5.0},{"damage":10.0,"enemies":"Champ","floor":33.0,"turns":2.0},{"damage":3.0,"enemies":"3 Shapes","floor":35.0,"turns":5.0},{"damage":10.0,"enemies":"3 Darklings","floor":36.0,"turns":3.0},{"damage":10.0,"enemies":"Spire Growth","floor":37.0,"turns":3.0},{"damage":30.0,"enemies":"Writhing Mass","floor":38.0,"turns":5.0},{"damage":15.0,"enemies":"Sphere and 2 Shapes","floor":39.0,"turns":5.0},{"damage":14.0,"enemies":"Nemesis","floor":40.0,"turns":3.0},{"damage":7.0,"enemies":"Reptomancer","floor":44.0,"turns":6.0},{"damage":8.0,"enemies":"Maw","floor":48.0,"turns":5.0},{"damage":43,"enemies":"Awakened One","floor":50,"turns":11}],"seed_played":"5630371605730085113","potions_obtained":[{"floor":2.0,"key":"PowerPotion"},{"floor":7.0,"key":"SpeedPotion"},{"floor":11.0,"key":"PowerPotion"},{"floor":12.0,"key":"Energy Potion"},{"floor":19.0,"key":"Fire Potion"},{"floor":21.0,"key":"Weak Potion"},{"floor":23.0,"key":"EssenceOfSteel"},{"floor":38.0,"key":"SteroidPotion"},{"floor":39.0,"key":"Poison Potion"},{"floor":48.0,"key":"LiquidBronze"}],"is_trial":false,"path_per_floor":["M","M","$","M","M","R","E","R","T","?","E","M","?","$","R","B",null,"M","M","M","M","?","E","R","$","T","?","M","E","R","E","R","B",null,"M","M","M","M","M","E","?","R","T","E","R","?","$","M","R","B",null],"character_chosen":"THE_SILENT","items_purchased":["Ninja Scroll","Cloak And Dagger","Infinite Blades","Well Laid Plans","EssenceOfSteel","Noxious Fumes","Membership Card","Oddly Smooth Stone","Bottled Lightning","PiercingWail","Dexterity Potion","Strength Potion"],"campfire_rested":5,"item_purchase_floors":[3,3,3,14,14,25,47,47,47,47,47,47],"current_hp_per_floor":[45,44,44,44,38,38,12,33,33,22,9,17,3,3,24,36,62,49,49,42,32,32,44,44,44,44,44,30,28,49,45,45,37,62,61,53,45,29,28,28,28,49,49,44,65,65,65,59,59,30],"gold":22,"neow_bonus":"TWO_FIFTY_GOLD","is_prod":false,"is_daily":false,"chose_seed":false,"campfire_upgraded":4,"win_rate":0,"timestamp":1560710331,"path_taken":["M","M","$","M","M","R","E","R","T","?","E","M","?","?","R","BOSS","M","M","M","M","?","E","R","$","T","?","M","E","R","E","R","BOSS","M","M","M","M","M","E","?","R","T","E","R","?","$","M","R","BOSS"],"build_version":"2019-01-23","purchased_purges":2,"victory":true,"max_hp_per_floor":[70,70,70,70,70,70,70,70,70,70,70,70,70,70,70,70,70,70,70,70,70,70,70,70,70,70,70,70,70,70,70,70,70,70,70,70,70,70,70,70,70,70,70,70,70,70,70,70,70,70],"card_choices":[{"not_picked":["Sucker Punch","Riddle With Holes"],"picked":"Dagger Spray","floor":1.0},{"not_picked":["Sucker Punch","Quick Slash"],"picked":"Acrobatics","floor":2.0},{"not_picked":["Prepared","Acrobatics"],"picked":"Bullet Time","floor":4.0},{"not_picked":["Poisoned Stab","Dagger Spray"],"picked":"Dodge and Roll","floor":5.0},{"not_picked":["Quick Slash","Prepared","Dagger Throw"],"picked":"SKIP","floor":7.0},{"not_picked":["Endless Agony","Heel Hook"],"picked":"Acrobatics","floor":11.0},{"not_picked":["Backflip","Dagger Throw"],"picked":"Deadly Poison","floor":12.0},{"not_picked":["Storm of Steel","Glass Knife"],"picked":"Night Terror","floor":16.0},{"not_picked":["Concentrate","Backstab"],"picked":"Deadly Poison+1","floor":18.0},{"not_picked":["Endless Agony","Deflect"],"picked":"Cloak And Dagger","floor":19.0},{"not_picked":["Poisoned Stab","Blade Dance"],"picked":"Backflip","floor":20.0},{"not_picked":["Riddle With Holes+1","Deadly Poison"],"picked":"Catalyst","floor":21.0},{"not_picked":["Doppelganger","Deadly Poison+1"],"picked":"Envenom","floor":23.0},{"not_picked":["Slice","Dodge and Roll","Flying Knee"],"picked":"SKIP","floor":28.0},{"not_picked":["Masterful Stab","Flechettes"],"picked":"Calculated Gamble","floor":29.0},{"not_picked":["Outmaneuver+1","Reflex"],"picked":"Corpse Explosion","floor":31.0},{"not_picked":["Unload","Venomology"],"picked":"Malaise","floor":33.0},{"not_picked":["Cloak And Dagger","Dagger Spray"],"picked":"Deadly Poison+1","floor":35.0},{"not_picked":["Sucker Punch+1","Choke"],"picked":"Catalyst","floor":36.0},{"not_picked":["Corpse Explosion","Quick Slash+1"],"picked":"Crippling Poison","floor":37.0},{"not_picked":["Poisoned Stab+1","Dagger Spray+1"],"picked":"Noxious Fumes+1","floor":38.0},{"not_picked":["Heel Hook+1","Blade Dance+1"],"picked":"Leg Sweep+1","floor":39.0},{"not_picked":["Dagger Spray","Deflect"],"picked":"Crippling Poison+1","floor":40.0},{"not_picked":["All Out Attack","Deflect+1"],"picked":"Footwork+1","floor":44.0},{"not_picked":["Backflip","Dagger Throw"],"picked":"Tactician+1","floor":48.0}],"player_experience":247494,"relics_obtained":[{"floor":7.0,"key":"Juzu Bracelet"},{"floor":9.0,"key":"Letter Opener"},{"floor":11.0,"key":"Meat on the Bone"},{"floor":23.0,"key":"Orichalcum"},{"floor":26.0,"key":"War Paint"},{"floor":29.0,"key":"Shuriken"},{"floor":31.0,"key":"Blood Vial"},{"floor":40.0,"key":"Singing Bowl"},{"floor":44.0,"key":"Blue Candle"}],"event_choices":[{"damage_healed":0.0,"max_hp_gain":0.0,"max_hp_loss":0.0,"gold_gain":75.0,"event_name":"World of Goop","player_choice":"Gather Gold","floor":10.0,"gold_loss":0.0,"damage_taken":11.0},{"damage_healed":0.0,"max_hp_gain":0.0,"max_hp_loss":0.0,"gold_gain":0.0,"event_name":"Shining Light","player_choice":"Entered Light","floor":13.0,"gold_loss":0.0,"damage_taken":14.0,"cards_upgraded":["Acrobatics","Neutralize"]},{"damage_healed":0.0,"max_hp_gain":0.0,"max_hp_loss":0.0,"gold_gain":0.0,"event_name":"The Mausoleum","player_choice":"Opened","floor":22.0,"gold_loss":0.0,"damage_taken":0.0,"relics_obtained":["Boot"],"cards_obtained":["Writhe"]},{"damage_healed":0.0,"max_hp_gain":0.0,"max_hp_loss":0.0,"gold_gain":99.0,"event_name":"Nest","player_choice":"Stole From Cult","floor":27.0,"gold_loss":0.0,"damage_taken":0.0},{"damage_healed":0.0,"max_hp_gain":0.0,"max_hp_loss":0.0,"gold_gain":0.0,"event_name":"Match and Keep!","player_choice":"3 cards matched","floor":41.0,"gold_loss":0.0,"damage_taken":0.0,"cards_obtained":["PanicButton","Concentrate","Blade Dance"]},{"damage_healed":0.0,"max_hp_gain":0.0,"max_hp_loss":0.0,"gold_gain":0.0,"cards_transformed":["PanicButton"],"event_name":"Transmorgrifier","player_choice":"Transformed","floor":46.0,"gold_loss":0.0,"damage_taken":0.0,"cards_obtained":["Finesse"]}],"is_beta":false,"boss_relics":[{"not_picked":["Runic Pyramid","Ectoplasm"],"picked":"Snecko Eye"},{"not_picked":["WristBlade","Eternal Feather"],"picked":"Pandora\u0027s Box"}],"items_purged_floors":[14,25],"is_endless":false,"potions_floor_spawned":[2,7,11,12,19,21,23,28,38,39,48],"ascension_level":5}