{"gold_per_floor":[114,126,8,8,18,46,46,75,75,107,126,140,315,331,331,436,436,408,14,32,107,118,118],"floor_reached":23,"playtime":4381,"items_purged":["Doubt"],"score":234,"play_id":"33a10006-7e67-49d6-a4dc-7664160ffe61","local_time":"20190610154156","is_ascension_mode":true,"campfire_choices":[{"data":"Armaments","floor":7,"key":"SMITH"},{"data":"Armaments","floor":15,"key":"SMITH"}],"neow_cost":"TEN_PERCENT_HP_LOSS","seed_source_timestamp":162273019645863,"circlet_count":0,"master_deck":["Strike_R","Strike_R","Strike_R","Strike_R","Strike_R","Defend_R","Defend_R","Defend_R","Defend_R","Bash","Clash","Headbutt","Juggernaut","Armaments+1","Heavy Blade","Flex","Rampage","Reaper","Burning Pact","Armaments+1","Shrug It Off","Sword Boomerang","Twin Strike","Sever Soul","Barricade","Thunderclap+1","Headbutt","Shrug It Off","Headbutt","Metallicize+1","Iron Wave+1","Dual Wield","Thunderclap"],"relics":["Burning Blood","Girya","Ancient Tea Set","Ornamental Fan","Champion Belt","Bag of Marbles","Prayer Wheel","Mark of Pain","Meat on the Bone"],"potions_floor_usage":[11,16,16,22,22],"damage_taken":[{"damage":1,"enemies":"Cultist","floor":1,"turns":3},{"damage":4,"enemies":"Jaw Worm","floor":2,"turns":3},{"damage":2,"enemies":"2 Louse","floor":5,"turns":2},{"damage":20,"enemies":"Lagavulin","floor":6,"turns":8},{"damage":27,"enemies":"3 Sentries","floor":8,"turns":8},{"damage":13,"enemies":"Lagavulin","floor":10,"turns":5},{"damage":6,"enemies":"Lots of Slimes","floor":11,"turns":5},{"damage":6,"enemies":"3 Louse","floor":12,"turns":3},{"damage":8,"enemies":"Blue Slaver","floor":14,"turns":5},{"damage":3,"enemies":"Slime Boss","floor":16,"turns":9},{"damage":31,"enemies":"2 Thieves","floor":18,"turns":5},{"damage":33,"enemies":"Shell Parasite","floor":20,"turns":7},{"damage":13,"enemies":"Shelled Parasite and Fungi","floor":22,"turns":6},{"damage":38,"enemies":"Book of Stabbing","floor":23,"turns":5}],"seed_played":"-8784799106769150289","potions_obtained":[{"floor":2,"key":"Energy Potion"},{"floor":6,"key":"AttackPotion"},{"floor":8,"key":"Dexterity Potion"},{"floor":11,"key":"SneckoOil"},{"floor":12,"key":"SkillPotion"},{"floor":18,"key":"Swift Potion"},{"floor":22,"key":"LiquidBronze"}],"is_trial":false,"path_per_floor":["M","M","$","?","M","E","R","E","T","E","M","M","?","M","R","B",null,"M","$","M","?","M","E"],"character_chosen":"IRONCLAD","items_purchased":["Juggernaut","Armaments","Shrug It Off","Headbutt","Meat on the Bone"],"campfire_rested":0,"item_purchase_floors":[3,3,19,19,19],"current_hp_per_floor":[72,72,72,69,72,58,58,37,37,30,33,37,37,39,39,50,72,51,51,36,29,34,0],"gold":118,"neow_bonus":"ONE_RARE_RELIC","is_prod":false,"is_daily":false,"chose_seed":false,"campfire_upgraded":2,"win_rate":1,"timestamp":1560170516,"path_taken":["M","M","?","?","M","E","R","E","T","E","M","M","?","M","R","BOSS","M","$","M","?","M","E"],"build_version":"2019-01-23","purchased_purges":1,"victory":false,"max_hp_per_floor":[72,72,72,72,72,72,72,72,72,72,72,72,72,72,72,72,72,72,72,72,72,72,72],"card_choices":[{"not_picked":["Combust","Anger"],"picked":"Clash","floor":1},{"not_picked":["Heavy Blade","Iron Wave"],"picked":"Headbutt","floor":2},{"not_picked":["Infernal Blade","Perfected Strike"],"picked":"Heavy Blade","floor":5},{"not_picked":["Impervious","Twin Strike"],"picked":"Flex","floor":6},{"not_picked":["Rage","Dropkick"],"picked":"Rampage","floor":8},{"not_picked":["Thunderclap","Fire Breathing"],"picked":"Reaper","floor":10},{"not_picked":["Clash","Flex"],"picked":"Burning Pact","floor":11},{"not_picked":["Warcry","Perfected Strike"],"picked":"Armaments","floor":11},{"not_picked":["Burning Pact","True Grit"],"picked":"Shrug It Off","floor":12},{"not_picked":["Body Slam","Uppercut"],"picked":"Sword Boomerang","floor":12},{"not_picked":["Rupture","Bloodletting"],"picked":"Twin Strike","floor":14},{"not_picked":["Demon Form","Inflame"],"picked":"Sever Soul","floor":14},{"not_picked":["Feed","Offering"],"picked":"Barricade","floor":16},{"not_picked":["True Grit","Blood for Blood"],"picked":"Thunderclap+1","floor":18},{"not_picked":["Warcry","Sword Boomerang+1"],"picked":"Headbutt","floor":18},{"not_picked":["Combust","Dual Wield"],"picked":"Metallicize+1","floor":20},{"not_picked":["Inflame","Rampage"],"picked":"Iron Wave+1","floor":20},{"not_picked":["Corruption","True Grit"],"picked":"Dual Wield","floor":22},{"not_picked":["Dual Wield","Cleave"],"picked":"Thunderclap","floor":22}],"player_experience":22898,"relics_obtained":[{"floor":6,"key":"Ornamental Fan"},{"floor":8,"key":"Champion Belt"},{"floor":9,"key":"Bag of Marbles"},{"floor":10,"key":"Prayer Wheel"}],"event_choices":[{"damage_healed":0,"gold_gain":0,"player_choice":"Success","damage_taken":3,"relics_obtained":["Ancient Tea Set"],"max_hp_gain":0,"max_hp_loss":0,"event_name":"Scrap Ooze","floor":4,"gold_loss":0},{"damage_healed":0,"gold_gain":175,"player_choice":"AGREE","damage_taken":0,"max_hp_gain":0,"max_hp_loss":0,"event_name":"Liars Game","floor":13,"gold_loss":0,"cards_obtained":["Doubt"]},{"damage_healed":0,"gold_gain":75,"player_choice":"Touch","damage_taken":7,"max_hp_gain":0,"max_hp_loss":0,"event_name":"FaceTrader","floor":21,"gold_loss":0}],"is_beta":false,"boss_relics":[{"not_picked":["Busted Crown","Philosopher\u0027s Stone"],"picked":"Mark of Pain"}],"items_purged_floors":[19],"is_endless":false,"potions_floor_spawned":[2,6,8,11,12,18,22],"killed_by":"Book of Stabbing","ascension_level":2}