{"gold_per_floor":[10,28,44,56,73,98,111,34,34,47,112,112,112,126,126,229,229,248,248,63,77,92,120,120,131,154,79,108,123,35,35,35,131,131,143,143,153,173,0,0],"floor_reached":40,"playtime":6869,"items_purged":[],"score":457,"play_id":"8ce1f400-d092-4ab8-b5a6-f80969c5aec0","local_time":"20190723135123","is_ascension_mode":false,"campfire_choices":[{"floor":13.0,"key":"REST"},{"floor":15.0,"key":"REST"},{"data":"Apotheosis","floor":24,"key":"SMITH"},{"floor":32,"key":"REST"}],"neow_cost":"NO_GOLD","seed_source_timestamp":0,"circlet_count":0,"master_deck":["Strike_B","Strike_B","Strike_B","Defend_B","Defend_B","Defend_B","Defend_B","Zap","Dualcast","Rebound","Genetic Algorithm","Hello World","Conserve Battery","Reinforced Body","Loop","FTL","FTL","Rebound","Ball Lightning","Zap","FTL","Capacitor","Rainbow","Beam Cell","RitualDagger","Apotheosis+1","Tempest","Double Energy+1","Sweeping Beam+1","Capacitor+1","Fusion+1","Redo","Reprogram","Redo","Reboot","Hello World+1","Secret Weapon","Rebound+1","Coolheaded+1"],"special_seed":0,"relics":["Cracked Core","FossilizedHelix","Regal Pillow","Gambling Chip","Strawberry","Philosopher\u0027s Stone","Kunai","Anchor","Bird Faced Urn","Fusion Hammer","Red Mask"],"potions_floor_usage":[28,33,35,40],"damage_taken":[{"damage":0.0,"enemies":"Cultist","floor":1.0,"turns":3.0},{"damage":0.0,"enemies":"2 Louse","floor":2.0,"turns":3.0},{"damage":0.0,"enemies":"Small Slimes","floor":3.0,"turns":2.0},{"damage":43.0,"enemies":"Exordium Thugs","floor":4.0,"turns":5.0},{"damage":6.0,"enemies":"3 Louse","floor":5.0,"turns":4.0},{"damage":10.0,"enemies":"Gremlin Nob","floor":6.0,"turns":4.0},{"damage":0.0,"enemies":"Blue Slaver","floor":7.0,"turns":1.0},{"damage":0.0,"enemies":"Exordium Wildlife","floor":10.0,"turns":3.0},{"damage":13.0,"enemies":"Lagavulin Event","floor":11.0,"turns":7.0},{"damage":0.0,"enemies":"3 Louse","floor":14.0,"turns":3.0},{"damage":55.0,"enemies":"Hexaghost","floor":16.0,"turns":11.0},{"damage":7,"enemies":"Shell Parasite","floor":18,"turns":5},{"damage":14,"enemies":"3 Byrds","floor":21,"turns":5},{"damage":0,"enemies":"Shelled Parasite and Fungi","floor":22,"turns":5},{"damage":13,"enemies":"Gremlin Leader","floor":23,"turns":7},{"damage":0,"enemies":"Chosen and Byrds","floor":25,"turns":5},{"damage":17,"enemies":"Slavers","floor":28,"turns":4},{"damage":0,"enemies":"Sentry and Sphere","floor":29,"turns":3},{"damage":49,"enemies":"Champ","floor":33,"turns":11},{"damage":56,"enemies":"3 Darklings","floor":35,"turns":6},{"damage":12,"enemies":"3 Shapes","floor":37,"turns":5},{"damage":0,"enemies":"Maw","floor":38,"turns":5},{"damage":47,"enemies":"Giant Head","floor":40,"turns":9}],"seed_played":"156689382597507978","potions_obtained":[{"floor":2.0,"key":"PowerPotion"},{"floor":3.0,"key":"FearPotion"},{"floor":5.0,"key":"AttackPotion"},{"floor":6.0,"key":"Fire Potion"},{"floor":10.0,"key":"PowerPotion"},{"floor":21,"key":"Dexterity Potion"},{"floor":22,"key":"SteroidPotion"},{"floor":23,"key":"SkillPotion"},{"floor":33,"key":"AttackPotion"},{"floor":35,"key":"SmokeBomb"}],"is_trial":false,"path_per_floor":["M","M","M","M","M","E","M","$","T","M","?","?","R","M","R","B",null,"M","?","$","M","M","E","R","M","T","?","E","M","$","?","R","B",null,"M","?","M","M","?","E"],"character_chosen":"DEFECT","items_purchased":["FTL","Apotheosis","Reprogram","Redo"],"campfire_rested":3,"item_purchase_floors":[8,20,30,30],"current_hp_per_floor":[75,75,75,32,26,16,16,16,16,16,10,10,49,49,82,27,82,75,69,69,55,55,42,42,42,42,42,25,27,27,27,66,25,82,30,30,22,30,30,0],"gold":0,"neow_bonus":"ONE_RARE_RELIC","is_prod":false,"is_daily":false,"chose_seed":false,"campfire_upgraded":1,"win_rate":0.0,"timestamp":1563886283,"path_taken":["M","M","M","M","M","E","M","?","T","M","?","?","R","?","R","BOSS","M","?","$","M","M","E","R","M","T","?","E","M","?","?","R","BOSS","M","?","M","M","?","E"],"build_version":"2019-07-17","purchased_purges":0,"victory":false,"max_hp_per_floor":[75,75,75,75,75,75,75,75,75,75,82,82,82,82,82,82,82,82,82,82,82,82,82,82,82,82,82,82,82,82,82,82,82,82,82,82,82,82,82,82],"card_choices":[{"not_picked":["Coolheaded","Leap"],"picked":"Rebound","floor":1.0},{"not_picked":["Force Field","Aggregate"],"picked":"Genetic Algorithm","floor":2.0},{"not_picked":["Storm","Defragment"],"picked":"Hello World","floor":3.0},{"not_picked":["Hologram","Leap"],"picked":"Conserve Battery","floor":4.0},{"not_picked":["Barrage","Conserve Battery"],"picked":"Reinforced Body","floor":5.0},{"not_picked":["Echo Form","Reprogram"],"picked":"Loop","floor":6.0},{"not_picked":["Hologram","Blizzard"],"picked":"FTL","floor":7.0},{"not_picked":["Reprogram","Coolheaded"],"picked":"Rebound","floor":10.0},{"not_picked":["Conserve Battery","Compile Driver"],"picked":"Ball Lightning","floor":11.0},{"not_picked":["Redo","Stack"],"picked":"Capacitor","floor":14.0},{"not_picked":["Biased Cognition","Amplify"],"picked":"Rainbow","floor":16.0},{"not_picked":["Hologram","Streamline"],"picked":"Beam Cell","floor":18},{"not_picked":["Conserve Battery","Beam Cell+1"],"picked":"Tempest","floor":21},{"not_picked":["Self Repair","Gash+1"],"picked":"Double Energy+1","floor":22},{"not_picked":["Glacier","Doom and Gloom"],"picked":"Sweeping Beam+1","floor":23},{"not_picked":["Redo+1","Steam"],"picked":"Capacitor+1","floor":25},{"not_picked":["Storm+1","Buffer"],"picked":"Fusion+1","floor":28},{"not_picked":["Darkness","Genetic Algorithm"],"picked":"Redo","floor":29},{"not_picked":["Echo Form","Thunder Strike"],"picked":"Reboot","floor":33},{"not_picked":["Leap","Coolheaded"],"picked":"Hello World+1","floor":35},{"not_picked":["Impatience","Secret Technique"],"picked":"Secret Weapon","floor":36},{"not_picked":["Chaos+1","Reinforced Body"],"picked":"Rebound+1","floor":37},{"not_picked":["Hologram","Fusion"],"picked":"Coolheaded+1","floor":38}],"player_experience":368685,"relics_obtained":[{"floor":6.0,"key":"Regal Pillow"},{"floor":9.0,"key":"Gambling Chip"},{"floor":23,"key":"Kunai"},{"floor":26,"key":"Anchor"},{"floor":28,"key":"Bird Faced Urn"}],"event_choices":[{"damage_healed":0.0,"max_hp_gain":0.0,"max_hp_loss":0.0,"gold_gain":30.0,"event_name":"Dead Adventurer","player_choice":"Searched \u00273\u0027 times","floor":11.0,"gold_loss":0.0,"damage_taken":0.0,"relics_obtained":["Strawberry"]},{"damage_healed":0.0,"max_hp_gain":0.0,"max_hp_loss":0.0,"gold_gain":0.0,"event_name":"Match and Keep!","player_choice":"2 cards matched","floor":12.0,"gold_loss":0.0,"damage_taken":0.0,"cards_obtained":["Zap","FTL"]},{"damage_healed":0,"gold_gain":0,"player_choice":"Joined the Cult","damage_taken":6,"max_hp_gain":0,"max_hp_loss":0,"event_name":"Nest","floor":19,"gold_loss":0,"cards_obtained":["RitualDagger"]},{"cards_removed":["Strike_B"],"damage_healed":0,"gold_gain":0,"player_choice":"Gave Gold","damage_taken":0,"max_hp_gain":0,"max_hp_loss":0,"event_name":"Beggar","floor":27,"gold_loss":75},{"damage_healed":0,"gold_gain":0,"player_choice":"0 cards matched","damage_taken":0,"max_hp_gain":0,"max_hp_loss":0,"event_name":"Match and Keep!","floor":31,"gold_loss":0,"cards_obtained":[]},{"damage_healed":0,"gold_gain":0,"player_choice":"Memory 1","damage_taken":0,"max_hp_gain":0,"max_hp_loss":0,"event_name":"SensoryStone","floor":36,"gold_loss":0},{"damage_healed":0,"gold_gain":0,"player_choice":"Paid","damage_taken":0,"relics_obtained":["Red Mask"],"max_hp_gain":0,"max_hp_loss":0,"event_name":"Tomb of Lord Red Mask","floor":39,"gold_loss":173}],"is_beta":false,"boss_relics":[{"not_picked":["Eternal Feather","Ectoplasm"],"picked":"Philosopher\u0027s Stone"},{"not_picked":["Runic Dome","Calling Bell"],"picked":"Fusion Hammer"}],"items_purged_floors":[],"is_endless":false,"potions_floor_spawned":[2,3,5,6,10,21,22,23,33,35],"killed_by":"Giant Head","ascension_level":0}