{"gold_per_floor":[112,129,129,147,33,33,63,63,112,141,121,152,152,168,168,270,270,288,303,316,44,55,83,107,154,166,205,230,270,282,305,317,428,440,464,476,488,410,438,450,492,523,562,608,720,783,353,385,385,385,385,385,28,56,56],"floor_reached":56,"playtime":9859,"items_purged":["Strike_R","Strike_R","Strike_R"],"score":1651,"play_id":"79362bae-8859-479c-8e18-e87c26953c2d","local_time":"20190612132011","is_ascension_mode":true,"campfire_choices":[{"data":"Armaments","floor":6.0,"key":"SMITH"},{"data":"Entrench","floor":8.0,"key":"SMITH"},{"data":"Barricade","floor":13.0,"key":"SMITH"},{"data":"Shockwave","floor":15.0,"key":"SMITH"},{"data":"Metallicize","floor":30.0,"key":"SMITH"},{"data":"Demon Form","floor":32.0,"key":"SMITH"},{"floor":40.0,"key":"RECALL"},{"data":"Enlightenment","floor":49.0,"key":"SMITH"},{"data":"Secret Weapon","floor":52.0,"key":"SMITH"}],"neow_cost":"NONE","seed_source_timestamp":0,"circlet_count":0,"master_deck":["Strike_R","Defend_R","Defend_R+1","Defend_R","Defend_R+1","Bash","Armaments+1","Clash","Shrug It Off","Metallicize+1","Entrench+1","Shrug It Off","Barricade+1","Shockwave+1","Demon Form+1","Flame Barrier","Shrug It Off","Headbutt+1","Flame Barrier","Headbutt","Seeing Red+1","Dropkick+1","Juggernaut","Heavy Blade+1","Feel No Pain","Shrug It Off","Reaper","Master of Strategy","Flash of Steel","Enlightenment+1","Shrug It Off","Shrug It Off+1","Battle Trance+1","Shrug It Off+1","Headbutt+1","Secret Weapon+1","Flame Barrier+1","Sever Soul","Purity+1","Body Slam+1"],"special_seed":0,"relics":["Burning Blood","War Paint","Blood Vial","Bag of Marbles","Letter Opener","Dodecahedron","Sozu","Anchor","MawBank","Oddly Smooth Stone","Smiling Mask","PreservedInsect","Mark of Pain","Mummified Hand","Nunchaku","Juzu Bracelet","Dream Catcher","StoneCalendar","FossilizedHelix","HandDrill","Toxic Egg 2","Bronze Scales","Pear"],"potions_floor_usage":[55,55],"damage_taken":[{"damage":4.0,"enemies":"2 Louse","floor":1.0,"turns":4.0},{"damage":0.0,"enemies":"Small Slimes","floor":2.0,"turns":3.0},{"damage":6.0,"enemies":"Cultist","floor":4.0,"turns":3.0},{"damage":1.0,"enemies":"Lagavulin","floor":7.0,"turns":10.0},{"damage":36.0,"enemies":"Gremlin Nob","floor":10.0,"turns":5.0},{"damage":0.0,"enemies":"Lagavulin","floor":12.0,"turns":8.0},{"damage":0.0,"enemies":"Large Slime","floor":14.0,"turns":10.0},{"damage":32.0,"enemies":"Slime Boss","floor":16.0,"turns":21.0},{"damage":0.0,"enemies":"Spheric Guardian","floor":18.0,"turns":4.0},{"damage":0.0,"enemies":"Chosen","floor":19.0,"turns":5.0},{"damage":0.0,"enemies":"3 Cultists","floor":20.0,"turns":7.0},{"damage":1.0,"enemies":"Shelled Parasite and Fungi","floor":22.0,"turns":8.0},{"damage":0.0,"enemies":"Book of Stabbing","floor":23.0,"turns":8.0},{"damage":0.0,"enemies":"Cultist and Chosen","floor":24.0,"turns":7.0},{"damage":27.0,"enemies":"Slavers","floor":25.0,"turns":8.0},{"damage":0.0,"enemies":"Gremlin Leader","floor":27.0,"turns":8.0},{"damage":8.0,"enemies":"Snecko","floor":28.0,"turns":5.0},{"damage":7.0,"enemies":"Book of Stabbing","floor":29.0,"turns":9.0},{"damage":17.0,"enemies":"Centurion and Healer","floor":31.0,"turns":5.0},{"damage":42.0,"enemies":"Collector","floor":33.0,"turns":9.0},{"damage":0.0,"enemies":"3 Darklings","floor":35.0,"turns":10.0},{"damage":0.0,"enemies":"3 Shapes","floor":39.0,"turns":4.0},{"damage":0.0,"enemies":"Nemesis","floor":41.0,"turns":5.0},{"damage":0.0,"enemies":"Maw","floor":42.0,"turns":8.0},{"damage":0.0,"enemies":"Giant Head","floor":44.0,"turns":6.0},{"damage":0.0,"enemies":"Mind Bloom Boss Battle","floor":45.0,"turns":6.0},{"damage":18.0,"enemies":"2 Orb Walkers","floor":46.0,"turns":7.0},{"damage":22.0,"enemies":"Reptomancer","floor":48.0,"turns":6.0},{"damage":12.0,"enemies":"Time Eater","floor":50.0,"turns":8.0},{"damage":0.0,"enemies":"Shield and Spear","floor":54.0,"turns":6.0},{"damage":28,"enemies":"The Heart","floor":55,"turns":9}],"seed_played":"-1523827368057808055","potions_obtained":[{"floor":2.0,"key":"BloodPotion"},{"floor":10.0,"key":"Fire Potion"},{"floor":11.0,"key":"SneckoOil"},{"floor":12.0,"key":"Energy Potion"},{"floor":16.0,"key":"Strength Potion"}],"is_trial":false,"path_per_floor":["M","M","?","M","$","R","E","R","T","E","?","E","R","M","R","B",null,"M","M","M","$","M","E","M","E","T","E","M","E","R","M","R","B",null,"M","T","?","?","M","R","E","M","T","E","?","?","$","E","R","B",null,"R","$","E","B",null],"character_chosen":"IRONCLAD","items_purchased":["Metallicize","Anchor","Flame Barrier","Headbutt","HandDrill","Secret Weapon","Bronze Scales","Sever Soul","Purity+1"],"campfire_rested":0,"item_purchase_floors":[5,21,21,21,47,47,53,53,53],"current_hp_per_floor":[88,88,85,85,85,85,88,88,88,58,58,66,66,74,74,50,88,88,88,88,88,88,88,88,67,67,75,75,76,76,75,75,41,88,88,88,78,78,88,88,88,88,88,88,88,82,82,72,72,88,88,88,88,98,76],"gold":56,"neow_bonus":"TEN_PERCENT_HP_BONUS","is_prod":false,"is_daily":false,"chose_seed":false,"campfire_upgraded":8,"win_rate":0,"timestamp":1560334811,"path_taken":["M","M","?","M","$","R","E","R","T","E","?","E","R","M","R","BOSS","M","M","M","$","M","E","M","E","T","E","M","E","R","M","R","BOSS","M","?","?","?","M","R","E","?","T","E","?","?","$","E","R","BOSS","R","$","E","BOSS"],"build_version":"2019-01-23","purchased_purges":3,"victory":true,"max_hp_per_floor":[88,88,88,88,88,88,88,88,88,88,88,88,88,88,88,88,88,88,88,88,88,88,88,88,88,88,88,88,88,88,88,88,88,88,88,88,88,88,88,88,88,88,88,88,88,88,88,88,88,88,88,88,88,98,98],"card_choices":[{"not_picked":["Headbutt","Cleave"],"picked":"Armaments","floor":1.0},{"not_picked":["Rage","Cleave"],"picked":"Clash","floor":2.0},{"not_picked":["Pommel Strike","Iron Wave"],"picked":"Shrug It Off","floor":4.0},{"not_picked":["Pommel Strike","Carnage"],"picked":"Entrench","floor":7.0},{"not_picked":["Pommel Strike","Perfected Strike"],"picked":"Shrug It Off","floor":10.0},{"not_picked":["Anger","Twin Strike"],"picked":"Barricade","floor":12.0},{"not_picked":["Thunderclap","Twin Strike"],"picked":"Shockwave","floor":14.0},{"not_picked":["Double Tap","Offering"],"picked":"Demon Form","floor":16.0},{"not_picked":["Body Slam","Heavy Blade"],"picked":"Flame Barrier","floor":18.0},{"not_picked":["Evolve","Rampage"],"picked":"Shrug It Off","floor":19.0},{"not_picked":["Armaments","Searing Blow"],"picked":"Headbutt+1","floor":20.0},{"not_picked":["Wild Strike+1","Thunderclap"],"picked":"Seeing Red+1","floor":22.0},{"not_picked":["Sword Boomerang","Rampage"],"picked":"Dropkick+1","floor":23.0},{"not_picked":["Headbutt","Clothesline"],"picked":"Juggernaut","floor":24.0},{"not_picked":["Bludgeon","Thunderclap","Pommel Strike"],"picked":"SKIP","floor":25.0},{"not_picked":["Headbutt","Perfected Strike+1"],"picked":"Heavy Blade","floor":27.0},{"not_picked":["Cleave","Twin Strike+1","Bloodletting"],"picked":"SKIP","floor":28.0},{"not_picked":["Dropkick","Bludgeon"],"picked":"Feel No Pain","floor":29.0},{"not_picked":["Battle Trance","Flame Barrier"],"picked":"Shrug It Off","floor":31.0},{"not_picked":["Dark Embrace","Bludgeon"],"picked":"Reaper","floor":33.0},{"not_picked":["Uppercut","Searing Blow+1","Corruption+1"],"picked":"SKIP","floor":35.0},{"not_picked":["Blind","Madness"],"picked":"Master of Strategy","floor":37.0},{"not_picked":["Mind Blast","Discovery"],"picked":"Flash of Steel","floor":37.0},{"not_picked":["Jack Of All Trades","Blind"],"picked":"Enlightenment","floor":37.0},{"not_picked":["Reckless Charge","Body Slam"],"picked":"Shrug It Off","floor":39.0},{"not_picked":["Armaments","Carnage"],"picked":"Shrug It Off+1","floor":41.0},{"not_picked":["Cleave+1","Havoc+1"],"picked":"Battle Trance+1","floor":42.0},{"not_picked":["Fiend Fire","Second Wind"],"picked":"Shrug It Off+1","floor":44.0},{"not_picked":["Clash","Sword Boomerang+1"],"picked":"Headbutt+1","floor":46.0},{"not_picked":["Warcry","Feel No Pain"],"picked":"Flame Barrier","floor":48.0},{"not_picked":["Iron Wave","Double Tap+1"],"picked":"Body Slam+1","floor":54.0}],"player_experience":94270,"relics_obtained":[{"floor":7.0,"key":"Blood Vial"},{"floor":9.0,"key":"Bag of Marbles"},{"floor":10.0,"key":"Letter Opener"},{"floor":12.0,"key":"Dodecahedron"},{"floor":23.0,"key":"MawBank"},{"floor":25.0,"key":"Oddly Smooth Stone"},{"floor":27.0,"key":"Smiling Mask"},{"floor":29.0,"key":"PreservedInsect"},{"floor":36.0,"key":"Mummified Hand"},{"floor":41.0,"key":"Nunchaku"},{"floor":43.0,"key":"Juzu Bracelet"},{"floor":44.0,"key":"Dream Catcher"},{"floor":45.0,"key":"StoneCalendar"},{"floor":46.0,"key":"FossilizedHelix"},{"floor":48.0,"key":"Toxic Egg 2"},{"floor":54.0,"key":"Pear"}],"event_choices":[{"damage_healed":0.0,"max_hp_gain":0.0,"max_hp_loss":0.0,"gold_gain":0.0,"event_name":"Scrap Ooze","player_choice":"Success","floor":3.0,"gold_loss":0.0,"damage_taken":3.0,"relics_obtained":["War Paint"]},{"damage_healed":0.0,"max_hp_gain":0.0,"max_hp_loss":0.0,"gold_gain":0.0,"event_name":"The Woman in Blue","player_choice":"Bought 1 Potion","floor":11.0,"gold_loss":0.0,"damage_taken":0.0},{"damage_healed":0.0,"max_hp_gain":0.0,"max_hp_loss":0.0,"gold_gain":0.0,"event_name":"SensoryStone","player_choice":"Memory 3","floor":37.0,"gold_loss":0.0,"damage_taken":10.0},{"cards_removed":["Strike_R"],"damage_healed":0.0,"max_hp_gain":0.0,"max_hp_loss":0.0,"gold_gain":0.0,"event_name":"Designer","player_choice":"Upgrade and Remove","floor":38.0,"gold_loss":90.0,"damage_taken":0.0,"cards_upgraded":["Heavy Blade"]},{"damage_healed":0.0,"max_hp_gain":0.0,"max_hp_loss":0.0,"gold_gain":0.0,"event_name":"MindBloom","player_choice":"Fight","floor":45.0,"gold_loss":0.0,"damage_taken":0.0},{"damage_healed":0.0,"max_hp_gain":0.0,"max_hp_loss":0.0,"gold_gain":0.0,"event_name":"Mysterious Sphere","player_choice":"Fight","floor":46.0,"gold_loss":0.0,"damage_taken":0.0}],"is_beta":false,"boss_relics":[{"not_picked":["Runic Cube","Astrolabe"],"picked":"Sozu"},{"not_picked":["Black Star","Snecko Eye"],"picked":"Mark of Pain"}],"items_purged_floors":[5,47,53],"is_endless":false,"potions_floor_spawned":[2,10,12,14,16,18,22,25,28,31,33,39,42,46,48],"ascension_level":2}