{"gold_per_floor":[114,129,129,129,129,156,156,190,214,240,260,285,299,299,299,396,396,410,610,82,98,50,77,94,174,197,197,231,231,244,279,279,374,374,387,442,453,184,204,231,231,260,260,260,64,98,98,109,109,109,109,109,21,55,55],"floor_reached":55,"playtime":7355,"items_purged":["Pain"],"score":1328,"play_id":"1bf14645-8bb6-4757-9364-941bb74418f8","local_time":"20190620161017","is_ascension_mode":true,"campfire_choices":[{"data":"Zap","floor":7.0,"key":"SMITH"},{"floor":15.0,"key":"REST"},{"data":"Capacitor","floor":32.0,"key":"SMITH"},{"data":"Seek","floor":41.0,"key":"SMITH"},{"data":"Secret Technique","floor":44.0,"key":"SMITH"},{"floor":49.0,"key":"RECALL"},{"data":"Hologram","floor":52,"key":"SMITH"}],"neow_cost":"NONE","seed_source_timestamp":0,"circlet_count":0,"master_deck":["Strike_B","Strike_B+1","Defend_B","Defend_B","Defend_B","Defend_B","Zap+1","Dualcast","Ball Lightning","Capacitor+1","Seek","Compile Driver+1","Loop","Ball Lightning","Seek+1","Buffer","Cold Snap","Defragment+1","Doom and Gloom","Coolheaded","Creative AI+1","Cold Snap","Streamline+1","Cold Snap+1","Ghostly","Ghostly","Ghostly","Ghostly","Ghostly","Turbo+1","Loop+1","All For One+1","Electrodynamics+1","Conserve Battery","Capacitor+1","Secret Technique+1","Hologram+1","Chill+1","Undo+1","Defragment+1","Hologram","Madness","Madness","Madness","Lockon+1","Loop+1","Stack","Capacitor+1"],"special_seed":0,"relics":["FrozenCore","NeowsBlessing","DataDisk","Unceasing Top","Whetstone","Bottled Tornado","Singing Bowl","WarpedTongs","Frozen Egg 2","Symbiotic Virus","Molten Egg 2","Happy Flower","Regal Pillow","Vajra","Cursed Key","Mango","Omamori","Bronze Scales","Boot","Ice Cream"],"potions_floor_usage":[54,55,55],"damage_taken":[{"damage":0.0,"enemies":"Jaw Worm","floor":1.0,"turns":1.0},{"damage":0.0,"enemies":"Small Slimes","floor":2.0,"turns":1.0},{"damage":0.0,"enemies":"Gremlin Nob","floor":6.0,"turns":1.0},{"damage":20.0,"enemies":"Lagavulin","floor":8.0,"turns":6.0},{"damage":25.0,"enemies":"3 Sentries","floor":10.0,"turns":6.0},{"damage":0.0,"enemies":"Cultist","floor":11.0,"turns":3.0},{"damage":8.0,"enemies":"Gremlin Nob","floor":12.0,"turns":3.0},{"damage":0.0,"enemies":"Exordium Thugs","floor":13.0,"turns":4.0},{"damage":17.0,"enemies":"The Guardian","floor":16.0,"turns":7.0},{"damage":15.0,"enemies":"Shell Parasite","floor":18.0,"turns":7.0},{"damage":8.0,"enemies":"3 Byrds","floor":21.0,"turns":6.0},{"damage":1.0,"enemies":"Book of Stabbing","floor":23.0,"turns":8.0},{"damage":5.0,"enemies":"Snake Plant","floor":24.0,"turns":5.0},{"damage":0.0,"enemies":"Gremlin Leader","floor":28.0,"turns":7.0},{"damage":0.0,"enemies":"Sentry and Sphere","floor":30.0,"turns":4.0},{"damage":5.0,"enemies":"Book of Stabbing","floor":31.0,"turns":6.0},{"damage":0.0,"enemies":"Champ","floor":33.0,"turns":11.0},{"damage":0.0,"enemies":"Orb Walker","floor":35.0,"turns":4.0},{"damage":0.0,"enemies":"2 Orb Walkers","floor":36.0,"turns":4.0},{"damage":0.0,"enemies":"3 Shapes","floor":37.0,"turns":3.0},{"damage":0.0,"enemies":"Writhing Mass","floor":39.0,"turns":5.0},{"damage":4.0,"enemies":"Giant Head","floor":40.0,"turns":9.0},{"damage":0.0,"enemies":"Reptomancer","floor":42.0,"turns":5.0},{"damage":0.0,"enemies":"Giant Head","floor":46.0,"turns":8.0},{"damage":0.0,"enemies":"3 Darklings","floor":48.0,"turns":4.0},{"damage":17.0,"enemies":"Awakened One","floor":50.0,"turns":12.0},{"damage":24,"enemies":"Shield and Spear","floor":54,"turns":5},{"damage":28,"enemies":"The Heart","floor":55,"turns":3}],"seed_played":"-6383909860796501468","potions_obtained":[{"floor":1.0,"key":"Swift Potion"},{"floor":2.0,"key":"Ancient Potion"},{"floor":11.0,"key":"SkillPotion"},{"floor":13.0,"key":"Ancient Potion"},{"floor":18.0,"key":"SpeedPotion"},{"floor":21.0,"key":"PowerPotion"},{"floor":24.0,"key":"Fire Potion"},{"floor":30.0,"key":"PowerPotion"},{"floor":33.0,"key":"Energy Potion"},{"floor":39.0,"key":"GamblersBrew"},{"floor":40.0,"key":"LiquidBronze"},{"floor":54,"key":"Poison Potion"}],"is_trial":false,"path_per_floor":["M","M","?","?","?","E","R","E","T","E","M","E","M","?","R","B",null,"M","?","$","M","$","E","M","T","T","?","E","?","M","E","R","B",null,"M","?","M","$","M","E","R","E","T","R","$","E","?","M","R","B",null,"R","$","E","B"],"character_chosen":"DEFECT","items_purchased":["Frozen Egg 2","Defragment+1","Doom and Gloom","Coolheaded","Cold Snap","Capacitor+1","Secret Technique","Defragment+1","Hologram","Madness","Loop+1","Stack"],"campfire_rested":1,"item_purchase_floors":[20,20,20,20,22,38,38,45,45,45,53,53],"current_hp_per_floor":[68,68,68,61,61,61,61,41,41,16,16,8,10,10,33,16,62,47,47,47,39,39,38,33,33,33,33,33,33,33,30,30,30,38,40,54,56,56,56,52,52,52,52,52,52,54,46,46,46,29,52,52,52,28,0],"gold":55,"neow_bonus":"THREE_ENEMY_KILL","is_prod":false,"is_daily":false,"chose_seed":false,"campfire_upgraded":5,"win_rate":0,"timestamp":1561036217,"path_taken":["M","M","?","?","?","E","R","E","T","E","M","E","M","?","R","BOSS","M","?","?","M","$","E","M","?","T","?","E","?","M","E","R","BOSS","M","?","M","$","M","E","R","E","T","R","$","E","?","M","R","BOSS","R","$","E","BOSS"],"build_version":"2019-01-23","purchased_purges":1,"victory":false,"max_hp_per_floor":[75,75,75,75,75,75,75,75,75,75,75,75,77,77,77,77,77,77,77,77,77,77,77,77,77,77,38,38,38,38,40,40,40,40,42,56,58,58,58,58,58,58,58,58,58,60,60,60,60,60,60,60,60,60,60],"card_choices":[{"not_picked":["Heatsinks","Recycle"],"picked":"Ball Lightning","floor":1.0},{"not_picked":["Leap","Conserve Battery"],"picked":"Capacitor","floor":2.0},{"not_picked":["Undo","Sunder"],"picked":"Seek","floor":6.0},{"not_picked":["Multi-Cast","Sweeping Beam"],"picked":"Compile Driver","floor":8.0},{"not_picked":["Stack","Lockon"],"picked":"Loop","floor":10.0},{"not_picked":["Compile Driver","Rip and Tear"],"picked":"Ball Lightning","floor":11.0},{"not_picked":["Steam","Conserve Battery"],"picked":"Seek","floor":12.0},{"not_picked":["Sweeping Beam","Steam Power","Storm"],"picked":"Singing Bowl","floor":13.0},{"not_picked":["Rainbow","Thunder Strike"],"picked":"Buffer","floor":16.0},{"not_picked":["Streamline+1","Stack"],"picked":"Cold Snap","floor":18.0},{"not_picked":["Turbo","Gash+1"],"picked":"Creative AI+1","floor":21.0},{"not_picked":["Go for the Eyes","Compile Driver"],"picked":"Streamline+1","floor":23.0},{"not_picked":["Tempest","Darkness"],"picked":"Cold Snap+1","floor":24.0},{"not_picked":["Heatsinks+1","Cold Snap+1"],"picked":"Turbo+1","floor":28.0},{"not_picked":["Aggregate","Ball Lightning+1"],"picked":"All For One+1","floor":30.0},{"not_picked":["Barrage+1","Sweeping Beam+1","Chaos"],"picked":"Singing Bowl","floor":31.0},{"not_picked":["Creative AI+1","Hyperbeam+1"],"picked":"Electrodynamics+1","floor":33.0},{"not_picked":["Static Discharge+1","Redo+1","Beam Cell+1"],"picked":"Singing Bowl","floor":35.0},{"not_picked":["Scrape+1","Sweeping Beam+1"],"picked":"Conserve Battery","floor":36.0},{"not_picked":["Barrage+1","Fusion","Sweeping Beam+1"],"picked":"Singing Bowl","floor":37.0},{"not_picked":["FTL+1","Redo"],"picked":"Hologram","floor":39.0},{"not_picked":["Lockon+1","Ball Lightning+1"],"picked":"Chill+1","floor":40.0},{"not_picked":["Rip and Tear+1","Loop+1"],"picked":"Undo+1","floor":42.0},{"not_picked":["Go for the Eyes+1","Redo+1","Barrage+1"],"picked":"Singing Bowl","floor":46.0},{"not_picked":["Doom and Gloom+1","Auto Shields+1"],"picked":"Lockon+1","floor":48.0},{"not_picked":["Hologram+1","Steam Power"],"picked":"Capacitor+1","floor":54}],"player_experience":335963,"relics_obtained":[{"floor":6.0,"key":"DataDisk"},{"floor":8.0,"key":"Unceasing Top"},{"floor":9.0,"key":"Whetstone"},{"floor":10.0,"key":"Bottled Tornado"},{"floor":12.0,"key":"Singing Bowl"},{"floor":23.0,"key":"Symbiotic Virus"},{"floor":25.0,"key":"Molten Egg 2"},{"floor":26.0,"key":"Happy Flower"},{"floor":28.0,"key":"Regal Pillow"},{"floor":31.0,"key":"Vajra"},{"floor":36.0,"key":"Mango"},{"floor":40.0,"key":"Omamori"},{"floor":42.0,"key":"Bronze Scales"},{"floor":46.0,"key":"Boot"},{"floor":54,"key":"Ice Cream"}],"event_choices":[{"cards_removed":["Strike_B"],"damage_healed":0.0,"max_hp_gain":0.0,"max_hp_loss":0.0,"gold_gain":0.0,"event_name":"Living Wall","player_choice":"Forget","floor":3.0,"gold_loss":0.0,"damage_taken":0.0},{"cards_removed":["Strike_B"],"damage_healed":0.0,"max_hp_gain":0.0,"max_hp_loss":0.0,"gold_gain":0.0,"event_name":"Golden Wing","player_choice":"Card Removal","floor":4.0,"gold_loss":0.0,"damage_taken":7.0},{"damage_healed":0.0,"max_hp_gain":0.0,"max_hp_loss":0.0,"gold_gain":0.0,"event_name":"Liars Game","player_choice":"Ignored","floor":5.0,"gold_loss":0.0,"damage_taken":0.0},{"damage_healed":0.0,"max_hp_gain":0.0,"max_hp_loss":0.0,"gold_gain":0.0,"event_name":"Accursed Blacksmith","player_choice":"Rummage","floor":14.0,"gold_loss":0.0,"damage_taken":0.0,"relics_obtained":["WarpedTongs"],"cards_obtained":["Pain"]},{"damage_healed":0.0,"max_hp_gain":0.0,"max_hp_loss":0.0,"gold_gain":200.0,"event_name":"Wheel of Change","player_choice":"Gold","floor":19.0,"gold_loss":0.0,"damage_taken":0.0},{"damage_healed":0.0,"max_hp_gain":0.0,"max_hp_loss":39.0,"gold_gain":0.0,"event_name":"Ghosts","player_choice":"Became a Ghost","floor":27.0,"gold_loss":0.0,"damage_taken":0.0,"cards_obtained":["Ghostly","Ghostly","Ghostly","Ghostly","Ghostly"]},{"damage_healed":0.0,"max_hp_gain":0.0,"max_hp_loss":0.0,"gold_gain":0.0,"event_name":"The Library","player_choice":"Read","floor":29.0,"gold_loss":0.0,"damage_taken":0.0,"cards_obtained":["Loop"]},{"damage_healed":0.0,"max_hp_gain":0.0,"max_hp_loss":0.0,"gold_gain":0.0,"event_name":"Mysterious Sphere","player_choice":"Fight","floor":36.0,"gold_loss":0.0,"damage_taken":0.0},{"damage_healed":0.0,"max_hp_gain":0.0,"max_hp_loss":0.0,"gold_gain":0.0,"event_name":"Winding Halls","player_choice":"Embrace Madness","floor":47.0,"gold_loss":0.0,"damage_taken":8.0,"cards_obtained":["Madness","Madness"]}],"is_beta":false,"boss_relics":[{"not_picked":["Calling Bell","Tiny House"],"picked":"FrozenCore"},{"not_picked":["Nuclear Battery","Runic Pyramid"],"picked":"Cursed Key"}],"items_purged_floors":[20],"is_endless":false,"potions_floor_spawned":[1,2,11,13,18,21,24,30,33,39,40,42,46,54],"killed_by":"The Heart","ascension_level":6}