{"gold_per_floor":[112,122,122,136,149,149,205,205,205,235,254,254,254,279,279,279],"floor_reached":16,"playtime":642,"items_purged":[],"score":240,"play_id":"92d34d2e-9920-4efc-acd2-49493d8f227f","local_time":"20190726091720","is_ascension_mode":true,"campfire_choices":[{"floor":6.0,"key":"REST"},{"floor":8.0,"key":"REST"},{"floor":13.0,"key":"REST"},{"floor":15.0,"key":"REST"}],"neow_cost":"NONE","seed_source_timestamp":1245438483828500,"circlet_count":0,"master_deck":["AscendersBane","Strike_G","Strike_G","Strike_G","Strike_G","Defend_G","Defend_G","Defend_G","Defend_G","Defend_G","Survivor","Neutralize","Poisoned Stab","Footwork+1","Dagger Throw","Dagger Spray","Masterful Stab","Dash","Backstab","Unload"],"special_seed":0,"relics":["Ring of the Snake","Centennial Puzzle","Tiny Chest","Gremlin Horn","The Specimen","Regal Pillow"],"potions_floor_usage":[],"damage_taken":[{"damage":0.0,"enemies":"2 Louse","floor":1.0,"turns":2.0},{"damage":0.0,"enemies":"Jaw Worm","floor":2.0,"turns":5.0},{"damage":6.0,"enemies":"Cultist","floor":4.0,"turns":4.0},{"damage":9.0,"enemies":"3 Louse","floor":5.0,"turns":4.0},{"damage":19.0,"enemies":"3 Sentries","floor":7.0,"turns":9.0},{"damage":26.0,"enemies":"Gremlin Nob","floor":10.0,"turns":4.0},{"damage":0.0,"enemies":"Exordium Thugs","floor":11.0,"turns":1.0},{"damage":22.0,"enemies":"Lagavulin","floor":14.0,"turns":5.0},{"damage":54,"enemies":"Slime Boss","floor":16,"turns":10}],"seed_played":"1546431457292714008","potions_obtained":[{"floor":1.0,"key":"GamblersBrew"},{"floor":2.0,"key":"Fire Potion"},{"floor":10.0,"key":"SteroidPotion"}],"is_trial":false,"path_per_floor":["M","M","?","M","M","R","E","R","T","E","M","?","R","E","R","B"],"character_chosen":"THE_SILENT","items_purchased":[],"campfire_rested":4,"item_purchase_floors":[],"current_hp_per_floor":[59,59,52,46,37,56,37,56,56,30,30,30,49,27,61,7],"gold":279,"neow_bonus":"RANDOM_COMMON_RELIC","is_prod":false,"is_daily":false,"chose_seed":false,"campfire_upgraded":0,"win_rate":0,"timestamp":1564100240,"path_taken":["M","M","?","M","M","R","E","R","T","E","M","?","R","E","R","BOSS"],"build_version":"2019-07-17","purchased_purges":0,"victory":false,"max_hp_per_floor":[66,66,66,66,66,66,66,66,66,66,66,66,66,66,66,66],"card_choices":[{"not_picked":["Crippling Poison","Bane"],"picked":"Poisoned Stab","floor":1.0},{"not_picked":["Dagger Spray","Masterful Stab"],"picked":"Footwork","floor":2.0},{"not_picked":["Bane","Crippling Poison"],"picked":"Dagger Throw","floor":4.0},{"not_picked":["Calculated Gamble","Cloak And Dagger"],"picked":"Dagger Spray","floor":5.0},{"not_picked":["Backflip","Deflect"],"picked":"Masterful Stab","floor":7.0},{"not_picked":["Quick Slash","Riddle With Holes"],"picked":"Dash","floor":10.0},{"not_picked":["Quick Slash","Bane"],"picked":"Backstab","floor":11.0},{"not_picked":["Quick Slash","Dagger Spray"],"picked":"Unload","floor":14.0}],"player_experience":1261657,"relics_obtained":[{"floor":7.0,"key":"Tiny Chest"},{"floor":9.0,"key":"Gremlin Horn"},{"floor":10.0,"key":"The Specimen"},{"floor":14.0,"key":"Regal Pillow"}],"event_choices":[{"cards_removed":["Strike_G"],"damage_healed":0.0,"max_hp_gain":0.0,"max_hp_loss":0.0,"gold_gain":0.0,"event_name":"Golden Wing","player_choice":"Card Removal","floor":3.0,"gold_loss":0.0,"damage_taken":7.0},{"damage_healed":0.0,"max_hp_gain":0.0,"max_hp_loss":0.0,"gold_gain":0.0,"event_name":"Living Wall","player_choice":"Grow","floor":12.0,"gold_loss":0.0,"damage_taken":0.0,"cards_upgraded":["Footwork"]}],"is_beta":false,"boss_relics":[],"items_purged_floors":[],"is_endless":false,"potions_floor_spawned":[1,2,10],"killed_by":"Slime Boss","ascension_level":20}