{"gold_per_floor":[115,131,74,74,74,104,104,120,120,145,165,165,177,19,19,98,98,113,113,127,42,42,42,42,58,83,99,124,124,137,167,167,245,245,262,66,66,466,480,508,23,38,38,58,89,0,0,29,29,29,29,29,29,29],"floor_reached":54,"playtime":6209,"items_purged":["Strike_B","Strike_B"],"score":1826,"play_id":"a45c1217-524e-4cc8-86c2-d26cd6d2365d","local_time":"20190715233746","is_ascension_mode":true,"campfire_choices":[{"data":"Zap","floor":7.0,"key":"SMITH"},{"data":"Machine Learning","floor":15.0,"key":"SMITH"},{"data":"Machine Learning","floor":23.0,"key":"SMITH"},{"floor":29.0,"key":"REST"},{"data":"Undo","floor":32.0,"key":"SMITH"},{"floor":49,"key":"RECALL"},{"data":"Defend_B","floor":52,"key":"SMITH"}],"neow_cost":"NONE","seed_source_timestamp":151912939826915,"circlet_count":0,"master_deck":["AscendersBane","Defend_B+1","Defend_B","Defend_B","Defend_B","Zap+1","Dualcast","FTL","Go for the Eyes","Gash","Cold Snap","Undo+1","Gash","Machine Learning+1","Heatsinks+1","Gash","Gash","Ghostly+1","Ghostly+1","Ghostly+1","Gash","White Noise+1","Conserve Battery+1","All For One","Echo Form+1","Gash+1","Dark Shackles+1","Steam+1","Conserve Battery+1","Steam+1","Skim+1","All For One","BootSequence+1","Leap+1","Hologram+1","Hologram+1"],"special_seed":0,"relics":["Cracked Core","NeowsBlessing","Bird Faced Urn","Mercury Hourglass","Vajra","Bronze Scales","Black Star","Toxic Egg 2","Frozen Egg 2","Smiling Mask","Art of War","Boot","Oddly Smooth Stone","Bottled Flame","Runic Dome","Old Coin","Kunai","Strawberry","Bottled Tornado","Ancient Tea Set","Centennial Puzzle","Red Mask","Nunchaku","Blood Vial"],"potions_floor_usage":[45],"damage_taken":[{"damage":0.0,"enemies":"Small Slimes","floor":1.0,"turns":1.0},{"damage":0.0,"enemies":"2 Louse","floor":2.0,"turns":1.0},{"damage":0.0,"enemies":"Lagavulin","floor":6.0,"turns":1.0},{"damage":0.0,"enemies":"Cultist","floor":8.0,"turns":3.0},{"damage":21.0,"enemies":"3 Sentries","floor":10.0,"turns":6.0},{"damage":14.0,"enemies":"Large Slime","floor":11.0,"turns":3.0},{"damage":0.0,"enemies":"2 Fungi Beasts","floor":13.0,"turns":3.0},{"damage":0.0,"enemies":"The Guardian","floor":16.0,"turns":9.0},{"damage":23.0,"enemies":"Shell Parasite","floor":18.0,"turns":4.0},{"damage":0.0,"enemies":"Spheric Guardian","floor":20.0,"turns":3.0},{"damage":4.0,"enemies":"Snake Plant","floor":25.0,"turns":4.0},{"damage":2.0,"enemies":"Cultist and Chosen","floor":27.0,"turns":5.0},{"damage":22.0,"enemies":"Slavers","floor":28.0,"turns":6.0},{"damage":7.0,"enemies":"3 Cultists","floor":30.0,"turns":4.0},{"damage":5.0,"enemies":"Gremlin Leader","floor":31.0,"turns":6.0},{"damage":36.0,"enemies":"Automaton","floor":33.0,"turns":7.0},{"damage":32.0,"enemies":"3 Darklings","floor":35.0,"turns":4.0},{"damage":0.0,"enemies":"Mind Bloom Boss Battle","floor":38.0,"turns":5.0},{"damage":1.0,"enemies":"Orb Walker","floor":39.0,"turns":3.0},{"damage":18.0,"enemies":"Reptomancer","floor":40.0,"turns":6.0},{"damage":8.0,"enemies":"Sphere and 2 Shapes","floor":42.0,"turns":3.0},{"damage":8.0,"enemies":"Transient","floor":44.0,"turns":6.0},{"damage":11,"enemies":"Nemesis","floor":45,"turns":7},{"damage":0,"enemies":"Reptomancer","floor":48,"turns":6},{"damage":0,"enemies":"Awakened One","floor":50,"turns":8},{"damage":42,"enemies":"Shield and Spear","floor":54,"turns":2}],"seed_played":"7236023050428679228","potions_obtained":[{"floor":1.0,"key":"PowerPotion"},{"floor":6.0,"key":"FearPotion"},{"floor":11.0,"key":"Strength Potion"},{"floor":18.0,"key":"SteroidPotion"},{"floor":27.0,"key":"Dexterity Potion"},{"floor":39.0,"key":"PowerPotion"},{"floor":40.0,"key":"SpeedPotion"},{"floor":44.0,"key":"Regen Potion"},{"floor":48,"key":"Explosive Potion"}],"is_trial":false,"path_per_floor":["M","M","$","?","?","E","R","M","T","E","M","?","M","$","R","B",null,"M","?","M","?","?","R","T","M","T","M","E","R","M","E","R","B",null,"M","$","?","?","M","E","$","M","T","M","E","?","?","E","R","B",null,"R","$","E"],"character_chosen":"DEFECT","items_purchased":["Gash","Bronze Scales","Dark Shackles+1","Steam+1","All For One","BootSequence+1","Bottled Tornado"],"campfire_rested":1,"item_purchase_floors":[3,14,36,36,41,41,41],"current_hp_per_floor":[64,64,64,64,64,64,64,64,64,43,31,31,33,33,33,37,63,42,42,48,48,35,35,35,33,33,35,15,25,26,29,29,1,27,7,7,7,27,30,30,30,32,32,32,42,42,42,42,42,42,42,42,42,0],"gold":29,"neow_bonus":"THREE_ENEMY_KILL","is_prod":false,"is_daily":false,"chose_seed":false,"campfire_upgraded":5,"win_rate":0,"timestamp":1563223066,"path_taken":["M","M","$","?","?","E","R","M","T","E","M","?","M","$","R","BOSS","M","?","M","?","?","R","?","M","T","?","E","R","M","E","R","BOSS","M","$","?","?","M","E","$","M","T","M","E","?","?","E","R","BOSS","R","$","E"],"build_version":"2019-07-05","purchased_purges":2,"victory":false,"max_hp_per_floor":[71,71,71,71,71,71,71,71,71,71,71,71,71,71,71,71,71,71,71,71,71,35,35,35,35,35,35,35,35,35,35,35,35,35,35,35,35,35,35,42,42,42,42,42,42,42,42,42,42,42,42,42,42,42],"card_choices":[{"not_picked":["Conserve Battery","Rebound"],"picked":"FTL","floor":1.0},{"not_picked":["Undo","Melter"],"picked":"Go for the Eyes","floor":2.0},{"not_picked":["Stack","Aggregate","Compile Driver"],"picked":"SKIP","floor":6.0},{"not_picked":["Coolheaded","Leap"],"picked":"Cold Snap","floor":8.0},{"not_picked":["Conserve Battery","Chill"],"picked":"Machine Learning","floor":10.0},{"not_picked":["Leap","Redo"],"picked":"Undo","floor":11.0},{"not_picked":["Stack","Sweeping Beam"],"picked":"Gash","floor":13.0},{"not_picked":["Thunder Strike","Reboot"],"picked":"Machine Learning","floor":16.0},{"not_picked":["Beam Cell+1","Chill"],"picked":"Heatsinks+1","floor":18.0},{"not_picked":["Melter","Rebound"],"picked":"Gash","floor":20.0},{"not_picked":["Leap+1","Sunder","Rebound"],"picked":"SKIP","floor":25.0},{"not_picked":["Leap+1","Sunder","Rebound"],"picked":"SKIP","floor":25.0},{"not_picked":["Steam+1","Barrage+1"],"picked":"Gash","floor":27.0},{"not_picked":["Streamline","Redo+1"],"picked":"White Noise+1","floor":28.0},{"not_picked":["Rebound","Beam Cell"],"picked":"Conserve Battery+1","floor":30.0},{"not_picked":["Beam Cell+1","Sweeping Beam"],"picked":"All For One","floor":31.0},{"not_picked":["Biased Cognition+1","Machine Learning+1"],"picked":"Echo Form+1","floor":33.0},{"not_picked":["Turbo+1","Conserve Battery+1"],"picked":"Gash+1","floor":35.0},{"not_picked":["Rebound","Ball Lightning"],"picked":"Conserve Battery+1","floor":38.0},{"not_picked":["Doom and Gloom","Capacitor+1"],"picked":"Steam+1","floor":39.0},{"not_picked":["Static Discharge+1","Hello World+1"],"picked":"Skim+1","floor":40.0},{"not_picked":["Beam Cell","Aggregate+1"],"picked":"Leap+1","floor":42.0},{"not_picked":["Streamline","Compile Driver","Heatsinks+1"],"picked":"SKIP","floor":44.0},{"not_picked":["Rebound","Meteor Strike"],"picked":"Hologram+1","floor":45},{"not_picked":["Conserve Battery+1","Rip and Tear"],"picked":"Hologram+1","floor":48}],"player_experience":715511,"relics_obtained":[{"floor":6.0,"key":"Bird Faced Urn"},{"floor":9.0,"key":"Mercury Hourglass"},{"floor":10.0,"key":"Vajra"},{"floor":24.0,"key":"Frozen Egg 2"},{"floor":26.0,"key":"Smiling Mask"},{"floor":28.0,"key":"Art of War"},{"floor":28.0,"key":"Boot"},{"floor":31.0,"key":"Oddly Smooth Stone"},{"floor":31.0,"key":"Bottled Flame"},{"floor":38.0,"key":"Old Coin"},{"floor":40.0,"key":"Kunai"},{"floor":40.0,"key":"Strawberry"},{"floor":45,"key":"Ancient Tea Set"},{"floor":45,"key":"Centennial Puzzle"},{"floor":48,"key":"Nunchaku"},{"floor":48,"key":"Blood Vial"}],"event_choices":[{"cards_removed":["Strike_B"],"damage_healed":0.0,"max_hp_gain":0.0,"max_hp_loss":0.0,"gold_gain":0.0,"event_name":"Living Wall","player_choice":"Forget","floor":4.0,"gold_loss":0.0,"damage_taken":0.0},{"damage_healed":0.0,"max_hp_gain":0.0,"max_hp_loss":0.0,"gold_gain":0.0,"event_name":"Liars Game","player_choice":"Ignored","floor":5.0,"gold_loss":0.0,"damage_taken":0.0},{"cards_removed":["Strike_B"],"damage_healed":0.0,"max_hp_gain":0.0,"max_hp_loss":0.0,"gold_gain":0.0,"event_name":"Bonfire Elementals","player_choice":"Offered Basic","floor":12.0,"gold_loss":0.0,"damage_taken":0.0},{"damage_healed":0.0,"max_hp_gain":0.0,"max_hp_loss":0.0,"gold_gain":0.0,"event_name":"The Library","player_choice":"Read","floor":19.0,"gold_loss":0.0,"damage_taken":0.0,"cards_obtained":["Gash"]},{"damage_healed":0.0,"max_hp_gain":0.0,"max_hp_loss":0.0,"gold_gain":0.0,"event_name":"Addict","player_choice":"Obtained Relic","floor":21.0,"gold_loss":85.0,"damage_taken":0.0,"relics_obtained":["Toxic Egg 2"]},{"damage_healed":0.0,"max_hp_gain":0.0,"max_hp_loss":36.0,"gold_gain":0.0,"event_name":"Ghosts","player_choice":"Became a Ghost","floor":22.0,"gold_loss":0.0,"damage_taken":0.0,"cards_obtained":["Ghostly","Ghostly","Ghostly"]},{"damage_healed":0.0,"max_hp_gain":0.0,"max_hp_loss":0.0,"gold_gain":0.0,"event_name":"Mysterious Sphere","player_choice":"Ignored","floor":37.0,"gold_loss":0.0,"damage_taken":0.0},{"damage_healed":0.0,"max_hp_gain":0.0,"max_hp_loss":0.0,"gold_gain":0.0,"event_name":"MindBloom","player_choice":"Fight","floor":38.0,"gold_loss":0.0,"damage_taken":0.0},{"damage_healed":0,"gold_gain":0,"player_choice":"Paid","damage_taken":0,"relics_obtained":["Red Mask"],"max_hp_gain":0,"max_hp_loss":0,"event_name":"Tomb of Lord Red Mask","floor":46,"gold_loss":89},{"cards_removed":["Machine Learning"],"damage_healed":0,"gold_gain":0,"player_choice":"Removed Power","damage_taken":0,"max_hp_gain":0,"max_hp_loss":0,"event_name":"Falling","floor":47,"gold_loss":0}],"is_beta":false,"boss_relics":[{"not_picked":["Pandora\u0027s Box","FrozenCore"],"picked":"Black Star"},{"not_picked":["Empty Cage","Orrery"],"picked":"Runic Dome"}],"items_purged_floors":[36,41],"is_endless":false,"potions_floor_spawned":[1,6,8,11,18,27,28,31,39,40,44,48],"killed_by":"Shield and Spear","ascension_level":19}