{"gold_per_floor":[209,227,242,261,271,303,378,396,396,396,429,448,19,38,38,136,136,150,150,160,178,202,229,242,272,272,272,272,272,286,303,303,408,408,421,421,421,1420,185,201,201,201,272,290,305,305,3,23,23,23],"floor_reached":51,"playtime":2678,"items_purged":[],"score":1086,"play_id":"86b0482a-3378-456b-ad8f-d5c5105b7a34","local_time":"20190721054753","is_ascension_mode":true,"campfire_choices":[{"data":"All Out Attack","floor":10.0,"key":"SMITH"},{"data":"Terror","floor":15.0,"key":"SMITH"},{"data":"After Image","floor":32,"key":"SMITH"},{"data":"After Image","floor":41,"key":"SMITH"},{"floor":46,"key":"REST"},{"floor":49,"key":"REST"}],"neow_cost":"NONE","seed_source_timestamp":0,"circlet_count":0,"master_deck":["Strike_G+1","Strike_G+1","Defend_G+1","Defend_G+1","Defend_G+1","Defend_G+1","Defend_G+1","Survivor","Neutralize","Outmaneuver","Reflex","Flying Knee","PiercingWail","All Out Attack+1","Dash","Well Laid Plans","Calculated Gamble","Underhanded Strike+1","Dagger Throw+1","Terror+1","Footwork","Footwork","Dash+1","Tools of the Trade","Cloak And Dagger+1","Finisher+1","Blade Dance+1","Predator+1","Backflip","Cloak And Dagger+1","After Image+1","Backflip+1","Setup+1","Leg Sweep","PiercingWail+1","Acrobatics","After Image+1","Accuracy","Madness","Madness","Normality","Normality","Dodge and Roll","Blade Dance","Blade Dance","Reflex","Prepared","Crippling Poison","Blade Dance","Reflex","Crippling Poison","Tactician","Dodge and Roll","PiercingWail","Prepared","Outmaneuver","Crippling Poison","PiercingWail","Cloak And Dagger","Acrobatics","Bouncing Flask","Deflect","Tactician","Night Terror","Blur","PiercingWail","Expertise","Tactician","Backflip","Outmaneuver","Backflip","Bouncing Flask","Deadly Poison","Bouncing Flask","Acrobatics","Expertise","Deflect","Expertise","Backflip","Prepared","Distraction","Expertise","Terror","Cloak And Dagger","Prepared","Blade Dance","Cloak And Dagger","Backflip","Tactician","Bouncing Flask","Terror","Outmaneuver","Deflect","Cloak And Dagger+1","Blind","Discovery","Dark Shackles","Dodge and Roll","Backflip+1","Acrobatics","Escape Plan","Acrobatics","Cloak And Dagger","Blur","Backflip","Calculated Gamble","Crippling Poison","PiercingWail","Footwork","All Out Attack+1","Bandage Up","Cloak And Dagger"],"special_seed":0,"relics":["Ring of the Snake","The Courier","PreservedInsect","Anchor","Membership Card","Blood Vial","Molten Egg 2","Astrolabe","War Paint","Happy Flower","Kunai","Snake Skull","Sozu","Sundial"],"potions_floor_usage":[50,50,50],"damage_taken":[{"damage":0.0,"enemies":"Small Slimes","floor":1.0,"turns":3.0},{"damage":0.0,"enemies":"Jaw Worm","floor":2.0,"turns":7.0},{"damage":2.0,"enemies":"Cultist","floor":3.0,"turns":5.0},{"damage":0.0,"enemies":"Blue Slaver","floor":4.0,"turns":5.0},{"damage":0.0,"enemies":"3 Louse","floor":5.0,"turns":5.0},{"damage":14.0,"enemies":"Lagavulin","floor":6.0,"turns":9.0},{"damage":1.0,"enemies":"Large Slime","floor":8.0,"turns":6.0},{"damage":18.0,"enemies":"Gremlin Nob","floor":11.0,"turns":4.0},{"damage":0.0,"enemies":"Exordium Wildlife","floor":12.0,"turns":5.0},{"damage":0.0,"enemies":"Lots of Slimes","floor":14.0,"turns":4.0},{"damage":6.0,"enemies":"Hexaghost","floor":16.0,"turns":8.0},{"damage":0.0,"enemies":"Spheric Guardian","floor":18.0,"turns":2.0},{"damage":10.0,"enemies":"2 Thieves","floor":20.0,"turns":4.0},{"damage":0.0,"enemies":"Snecko","floor":21.0,"turns":5.0},{"damage":9.0,"enemies":"Gremlin Leader","floor":23.0,"turns":5.0},{"damage":5.0,"enemies":"Chosen and Byrds","floor":24.0,"turns":7.0},{"damage":3.0,"enemies":"Book of Stabbing","floor":25.0,"turns":5.0},{"damage":0,"enemies":"Snake Plant","floor":30,"turns":5},{"damage":0,"enemies":"Centurion and Healer","floor":31,"turns":6},{"damage":14,"enemies":"Collector","floor":33,"turns":13},{"damage":9,"enemies":"3 Shapes","floor":35,"turns":5},{"damage":5,"enemies":"Orb Walker","floor":40,"turns":6},{"damage":6,"enemies":"4 Shapes","floor":44,"turns":7},{"damage":7,"enemies":"Maw","floor":45,"turns":9},{"damage":7,"enemies":"Spire Growth","floor":48,"turns":7},{"damage":5,"enemies":"Time Eater","floor":50,"turns":22}],"seed_played":"9092864519539314820","potions_obtained":[{"floor":1.0,"key":"SteroidPotion"},{"floor":3.0,"key":"Block Potion"},{"floor":4.0,"key":"SkillPotion"},{"floor":14.0,"key":"Weak Potion"},{"floor":20.0,"key":"EssenceOfSteel"},{"floor":21.0,"key":"SmokeBomb"},{"floor":33,"key":"EssenceOfSteel"}],"is_trial":false,"path_per_floor":["M","M","M","M","M","E","?","M","T","R","E","M","$","M","R","B",null,"M","?","M","M","T","E","M","E","T","?","?","?","M","M","R","B",null,"M","?","?","?","$","M","R","?","T","M","M","R","$","M","R","B",null],"character_chosen":"THE_SILENT","items_purchased":["Membership Card","Blood Vial","Molten Egg 2","Underhanded Strike+1","Dagger Throw+1","Terror","Footwork","Footwork","Dodge and Roll","Blade Dance","Blade Dance","Reflex","Prepared","Crippling Poison","Blade Dance","Reflex","Crippling Poison","Tactician","Dodge and Roll","PiercingWail","Prepared","Outmaneuver","Crippling Poison","PiercingWail","Cloak And Dagger","Acrobatics","Bouncing Flask","Deflect","Tactician","Night Terror","Blur","PiercingWail","Expertise","Tactician","Backflip","Outmaneuver","Backflip","Bouncing Flask","Deadly Poison","Bouncing Flask","Acrobatics","Expertise","Deflect","Expertise","Backflip","Prepared","Distraction","Expertise","Terror","Cloak And Dagger","Prepared","Blade Dance","Cloak And Dagger","Backflip","Tactician","Bouncing Flask","Terror","Outmaneuver","Deflect","Acrobatics","Escape Plan","Acrobatics","Cloak And Dagger","Blur","Backflip","Calculated Gamble","Crippling Poison","PiercingWail","Footwork","All Out Attack+1","Bandage Up"],"campfire_rested":2,"item_purchase_floors":[13,13,13,13,13,13,13,13,39,39,39,39,39,39,39,39,39,39,39,39,39,39,39,39,39,39,39,39,39,39,39,39,39,39,39,39,39,39,39,39,39,39,39,39,39,39,39,39,39,39,39,39,39,39,39,39,39,39,39,47,47,47,47,47,47,47,47,47,47,47,47],"current_hp_per_floor":[70,70,68,68,68,54,43,42,42,42,24,24,24,26,26,22,70,70,70,60,62,62,55,52,51,51,51,51,51,53,55,55,43,70,61,52,52,52,52,49,49,39,39,35,30,51,51,46,67,68],"gold":23,"neow_bonus":"HUNDRED_GOLD","is_prod":false,"is_daily":false,"chose_seed":false,"campfire_upgraded":4,"win_rate":0,"timestamp":1563655673,"path_taken":["M","M","M","M","M","E","?","M","T","R","E","M","$","M","R","BOSS","M","?","M","M","?","E","?","E","T","?","?","?","M","M","R","BOSS","M","?","?","?","$","M","R","?","T","M","?","R","$","M","R","BOSS"],"build_version":"2019-07-17","purchased_purges":0,"victory":true,"max_hp_per_floor":[70,70,70,70,70,70,70,70,70,70,70,70,70,70,70,70,70,70,70,70,70,70,70,70,70,70,70,70,70,70,70,70,70,70,70,70,70,70,70,70,70,70,70,70,70,70,70,70,70,70],"card_choices":[{"not_picked":["Setup","Endless Agony"],"picked":"Outmaneuver","floor":1.0},{"not_picked":["Quick Slash","Setup"],"picked":"Reflex","floor":2.0},{"not_picked":["Slice","Bane"],"picked":"Flying Knee","floor":3.0},{"not_picked":["Slice","Infinite Blades"],"picked":"PiercingWail","floor":4.0},{"not_picked":["Blade Dance","Bane"],"picked":"All Out Attack","floor":5.0},{"not_picked":["Finisher","Escape Plan"],"picked":"Dash","floor":6.0},{"not_picked":["Dash","Slice","Underhanded Strike"],"picked":"SKIP","floor":8.0},{"not_picked":["Dodge and Roll","Acrobatics"],"picked":"Well Laid Plans","floor":11.0},{"not_picked":["Wraith Form v2","Dash"],"picked":"Calculated Gamble","floor":12.0},{"not_picked":["Endless Agony+1","Deadly Poison"],"picked":"Dash+1","floor":14.0},{"not_picked":["Night Terror","Doppelganger"],"picked":"Tools of the Trade","floor":16.0},{"not_picked":["Well Laid Plans","Slice+1"],"picked":"Predator+1","floor":18.0},{"not_picked":["Deadly Poison","Quick Slash+1"],"picked":"Cloak And Dagger","floor":20.0},{"not_picked":["Blur","Bane+1"],"picked":"After Image","floor":21.0},{"not_picked":["Well Laid Plans","Flying Knee+1"],"picked":"Backflip+1","floor":23.0},{"not_picked":["Backstab+1","Distraction"],"picked":"Setup+1","floor":24.0},{"not_picked":["All Out Attack+1","Underhanded Strike+1"],"picked":"Leg Sweep","floor":25.0},{"not_picked":["Acrobatics","Slice+1"],"picked":"PiercingWail+1","floor":30},{"not_picked":["Quick Slash+1","Sucker Punch+1"],"picked":"Acrobatics","floor":31},{"not_picked":["Tools of the Trade","Wraith Form v2"],"picked":"After Image","floor":33},{"not_picked":["Slice+1","Outmaneuver"],"picked":"Accuracy","floor":35},{"not_picked":["Outmaneuver+1","Backstab+1"],"picked":"Cloak And Dagger+1","floor":40},{"not_picked":["Impatience","Enlightenment"],"picked":"Blind","floor":42},{"not_picked":["Magnetism","PanicButton"],"picked":"Discovery","floor":42},{"not_picked":["Jack Of All Trades","PanicButton"],"picked":"Dark Shackles","floor":42},{"not_picked":["Poisoned Stab+1","Dagger Throw+1"],"picked":"Dodge and Roll","floor":44},{"not_picked":["Flying Knee+1","Dagger Spray+1"],"picked":"Backflip+1","floor":45},{"not_picked":["Caltrops","Slice+1"],"picked":"Cloak And Dagger","floor":48}],"player_experience":1034698,"relics_obtained":[{"floor":6.0,"key":"The Courier"},{"floor":9.0,"key":"PreservedInsect"},{"floor":11.0,"key":"Anchor"},{"floor":22.0,"key":"War Paint"},{"floor":23.0,"key":"Happy Flower"},{"floor":25.0,"key":"Kunai"},{"floor":43,"key":"Sundial"}],"event_choices":[{"damage_healed":0.0,"max_hp_gain":0.0,"max_hp_loss":0.0,"gold_gain":75.0,"event_name":"World of Goop","player_choice":"Gather Gold","floor":7.0,"gold_loss":0.0,"damage_taken":11.0},{"damage_healed":0.0,"max_hp_gain":0.0,"max_hp_loss":0.0,"gold_gain":0.0,"event_name":"The Library","player_choice":"Read","floor":19.0,"gold_loss":0.0,"damage_taken":0.0,"cards_obtained":["Backflip"]},{"damage_healed":0.0,"max_hp_gain":0.0,"max_hp_loss":0.0,"gold_gain":0.0,"event_name":"Beggar","player_choice":"Ignored","floor":27.0,"gold_loss":0.0,"damage_taken":0.0},{"damage_healed":0.0,"max_hp_gain":0.0,"max_hp_loss":0.0,"gold_gain":0.0,"event_name":"Back to Basics","player_choice":"Simplicity","floor":28.0,"gold_loss":0.0,"damage_taken":0.0,"cards_upgraded":["Strike_G","Strike_G","Defend_G","Defend_G","Defend_G","Defend_G"]},{"damage_healed":0.0,"max_hp_gain":0.0,"max_hp_loss":0.0,"gold_gain":0.0,"event_name":"The Mausoleum","player_choice":"Opened","floor":29.0,"gold_loss":0.0,"damage_taken":0.0,"relics_obtained":["Snake Skull"]},{"damage_healed":0,"gold_gain":0,"player_choice":"Embrace Madness","damage_taken":9,"max_hp_gain":0,"max_hp_loss":0,"event_name":"Winding Halls","floor":36,"gold_loss":0,"cards_obtained":["Madness","Madness"]},{"damage_healed":0,"gold_gain":0,"player_choice":"Ignored","damage_taken":0,"max_hp_gain":0,"max_hp_loss":0,"event_name":"Tomb of Lord Red Mask","floor":37,"gold_loss":0},{"damage_healed":0,"gold_gain":999,"player_choice":"Gold","damage_taken":0,"max_hp_gain":0,"max_hp_loss":0,"event_name":"MindBloom","floor":38,"gold_loss":0,"cards_obtained":["Normality","Normality"]},{"damage_healed":0,"gold_gain":0,"player_choice":"Memory 3","damage_taken":10,"max_hp_gain":0,"max_hp_loss":0,"event_name":"SensoryStone","floor":42,"gold_loss":0}],"is_beta":false,"boss_relics":[{"not_picked":["Empty Cage","Eternal Feather"],"picked":"Astrolabe"},{"not_picked":["Busted Crown","HoveringKite"],"picked":"Sozu"}],"items_purged_floors":[],"is_endless":false,"potions_floor_spawned":[1,3,4,14,20,21,33,40,44,48],"ascension_level":1}