{"gold_per_floor":[115,135,154,167,178,213,213,241,241,0,0,16,16,16,16,16],"floor_reached":16,"playtime":408,"items_purged":[],"score":224,"play_id":"c6e9b906-bba4-4c0f-b2de-76182af686dc","local_time":"20190702121720","is_ascension_mode":true,"campfire_choices":[{"data":"Cleave","floor":7,"key":"SMITH"},{"floor":13,"key":"DIG"},{"floor":15,"key":"DIG"}],"neow_cost":"NONE","seed_source_timestamp":348921601648600,"circlet_count":0,"master_deck":["AscendersBane","Strike_R","Strike_R","Strike_R","Strike_R","Defend_R","Defend_R","Defend_R","Defend_R","Bash","Reckless Charge","Spot Weakness","Shrug It Off","Cleave+1","Headbutt","Shrug It Off","Uppercut","Warcry","Sword Boomerang"],"relics":["Burning Blood","NeowsBlessing","Blood Vial","Smiling Mask","Shovel","Toy Ornithopter","Bottled Lightning","Peace Pipe"],"potions_floor_usage":[5,6,12],"damage_taken":[{"damage":0,"enemies":"2 Louse","floor":1,"turns":1},{"damage":0,"enemies":"Small Slimes","floor":2,"turns":1},{"damage":0,"enemies":"Cultist","floor":3,"turns":1},{"damage":5,"enemies":"Red Slaver","floor":4,"turns":5},{"damage":11,"enemies":"2 Fungi Beasts","floor":5,"turns":3},{"damage":40,"enemies":"Lagavulin","floor":6,"turns":7},{"damage":22,"enemies":"3 Sentries","floor":8,"turns":8},{"damage":14,"enemies":"Looter","floor":12,"turns":3},{"damage":36,"enemies":"The Guardian","floor":16,"turns":5}],"seed_played":"-3981898626867637998","potions_obtained":[{"floor":3,"key":"Ancient Potion"},{"floor":4,"key":"SkillPotion"},{"floor":8,"key":"Regen Potion"}],"is_trial":false,"path_per_floor":["M","M","M","M","M","E","R","E","T","$","?","M","R","?","R","B"],"character_chosen":"IRONCLAD","items_purchased":["Toy Ornithopter","Warcry"],"campfire_rested":0,"item_purchase_floors":[10,10],"current_hp_per_floor":[74,75,75,75,70,36,36,22,22,22,22,30,30,30,30,0],"gold":16,"neow_bonus":"THREE_ENEMY_KILL","is_prod":false,"is_daily":false,"chose_seed":false,"campfire_upgraded":1,"win_rate":0,"timestamp":1562084240,"path_taken":["M","M","M","M","M","E","R","E","T","$","?","M","R","?","R","BOSS"],"build_version":"2019-07-01","purchased_purges":0,"victory":false,"max_hp_per_floor":[75,75,75,75,75,75,75,75,75,75,75,75,75,75,75,75],"card_choices":[{"not_picked":["Anger","Rage"],"picked":"Reckless Charge","floor":1},{"not_picked":["Clothesline","Cleave"],"picked":"Spot Weakness","floor":2},{"not_picked":["Flex","Armaments"],"picked":"Shrug It Off","floor":3},{"not_picked":["Havoc","Anger"],"picked":"Cleave","floor":4},{"not_picked":["Perfected Strike","Brutality"],"picked":"Headbutt","floor":5},{"not_picked":["Headbutt","Anger"],"picked":"Shrug It Off","floor":6},{"not_picked":["Entrench","Thunderclap"],"picked":"Uppercut","floor":8},{"not_picked":["Anger","Iron Wave"],"picked":"Sword Boomerang","floor":12}],"player_experience":1652318,"relics_obtained":[{"floor":6,"key":"Blood Vial"},{"floor":8,"key":"Smiling Mask"},{"floor":9,"key":"Shovel"},{"floor":13,"key":"Bottled Lightning"},{"floor":15,"key":"Peace Pipe"}],"event_choices":[{"damage_healed":0,"gold_gain":0,"player_choice":"Ignored","damage_taken":0,"max_hp_gain":0,"max_hp_loss":0,"event_name":"Liars Game","floor":11,"gold_loss":0},{"cards_removed":["Strike_R"],"damage_healed":0,"gold_gain":0,"player_choice":"Purged","damage_taken":0,"max_hp_gain":0,"max_hp_loss":0,"event_name":"Purifier","floor":14,"gold_loss":0}],"is_beta":false,"boss_relics":[],"items_purged_floors":[],"is_endless":false,"potions_floor_spawned":[3,4,8],"killed_by":"The Guardian","ascension_level":20}