{"gold_per_floor":[113,133,93,107,118,153,165,202,214,226,238,250,262,315,327,429,441,478,490,417,36,55,80,113,26,26,26,26,26,62,18,18,108,108,128,44,113,129,129,129,147,190,244,244,279,279,279,299,299,299],"floor_reached":50,"playtime":2260,"items_purged":[],"score":1179,"play_id":"8eda6052-1d39-4488-864e-f924f8e2246b","local_time":"20190702105903","is_ascension_mode":true,"campfire_choices":[{"data":"Fiend Fire","floor":7,"key":"SMITH"},{"data":"Warcry","floor":10,"key":"SMITH"},{"floor":15,"key":"REST"},{"floor":27,"key":"REST"},{"data":"Corruption","floor":29,"key":"SMITH"},{"floor":32,"key":"REST"},{"floor":40,"key":"REST"},{"floor":44,"key":"REST"},{"data":"Bludgeon","floor":47,"key":"SMITH"},{"floor":49,"key":"REST"}],"neow_cost":"NONE","seed_source_timestamp":342372814076500,"circlet_count":0,"master_deck":["AscendersBane","Strike_R","Strike_R","Strike_R","Defend_R","Defend_R","Defend_R","Defend_R","Bash","Fiend Fire+1","Armaments","Clothesline","Feel No Pain","Power Through","Carnage","Juggernaut","Warcry+1","Wild Strike","Dark Embrace","Corruption+1","Power Through","Feel No Pain","Wild Strike","Ghostly Armor","Juggernaut","Feel No Pain","Bludgeon+1","Clothesline","Feel No Pain","Shrug It Off","Reckless Charge","Cleave+1"],"relics":["Burning Blood","MawBank","Mummified Hand","Pear","Golden Idol","Regal Pillow","Velvet Choker","Orichalcum","Sling","Oddly Smooth Stone","Vajra","Ice Cream","Turnip","Bottled Lightning","Busted Crown","FossilizedHelix","Potion Belt","Anchor","Bottled Flame"],"potions_floor_usage":[6,14,16,33,37,37,37,42,50],"damage_taken":[{"damage":1,"enemies":"Small Slimes","floor":1,"turns":3},{"damage":3,"enemies":"2 Louse","floor":2,"turns":3},{"damage":0,"enemies":"Jaw Worm","floor":4,"turns":3},{"damage":0,"enemies":"2 Fungi Beasts","floor":5,"turns":4},{"damage":10,"enemies":"Lagavulin","floor":6,"turns":5},{"damage":20,"enemies":"3 Sentries","floor":8,"turns":6},{"damage":3,"enemies":"Gremlin Nob","floor":14,"turns":3},{"damage":65,"enemies":"Slime Boss","floor":16,"turns":14},{"damage":22,"enemies":"3 Byrds","floor":18,"turns":4},{"damage":0,"enemies":"Chosen","floor":22,"turns":3},{"damage":16,"enemies":"Sentry and Sphere","floor":23,"turns":5},{"damage":13,"enemies":"Book of Stabbing","floor":24,"turns":5},{"damage":66,"enemies":"Slavers","floor":30,"turns":5},{"damage":17,"enemies":"Champ","floor":33,"turns":12},{"damage":0,"enemies":"3 Shapes","floor":35,"turns":7},{"damage":74,"enemies":"2 Orb Walkers","floor":37,"turns":6},{"damage":1,"enemies":"Orb Walker","floor":38,"turns":3},{"damage":0,"enemies":"Maw","floor":41,"turns":5},{"damage":39,"enemies":"Reptomancer","floor":42,"turns":5},{"damage":9,"enemies":"Giant Head","floor":45,"turns":8},{"damage":39,"enemies":"Spire Growth","floor":48,"turns":4},{"damage":83,"enemies":"Time Eater","floor":50,"turns":13}],"seed_played":"-451286152954605571","potions_obtained":[{"floor":5,"key":"SteroidPotion"},{"floor":6,"key":"AttackPotion"},{"floor":14,"key":"SpeedPotion"},{"floor":16,"key":"SteroidPotion"},{"floor":30,"key":"Block Potion"},{"floor":33,"key":"Strength Potion"},{"floor":35,"key":"EntropicBrew"},{"floor":37,"key":"LiquidBronze"},{"floor":45,"key":"SpeedPotion"}],"is_trial":false,"path_per_floor":["M","M","$","M","M","E","R","E","T","R","$","?","?","E","R","B",null,"M","?","?","$","M","M","E","$","T","R","?","R","E","$","R","B",null,"M","$","?","M","?","R","M","E","T","R","E","?","R","M","R","B"],"character_chosen":"IRONCLAD","items_purchased":["Feel No Pain","Sling","Oddly Smooth Stone","Ghostly Armor","Feel No Pain","Feel No Pain"],"campfire_rested":6,"item_purchase_floors":[3,21,21,25,31,36],"current_hp_per_floor":[73,75,75,75,75,71,71,57,67,67,67,60,31,34,74,15,68,52,52,52,52,58,48,41,41,41,81,81,81,21,21,61,50,76,82,82,26,31,31,71,77,44,44,84,81,81,81,48,81,0],"gold":299,"neow_bonus":"ONE_RANDOM_RARE_CARD","is_prod":false,"is_daily":false,"chose_seed":false,"campfire_upgraded":4,"win_rate":0,"timestamp":1562079543,"path_taken":["M","M","$","M","M","E","R","E","T","R","$","?","?","E","R","BOSS","M","?","?","$","M","M","E","?","T","R","?","R","E","$","R","BOSS","M","$","?","M","?","R","?","E","T","R","E","?","R","M","R","BOSS"],"build_version":"2019-07-01","purchased_purges":0,"victory":false,"max_hp_per_floor":[75,75,75,75,75,75,75,75,85,85,85,85,85,85,85,85,85,85,85,85,85,85,85,85,85,85,85,85,85,85,85,85,85,85,85,85,85,85,85,85,85,85,85,85,85,81,81,81,81,81],"card_choices":[{"not_picked":["Sword Boomerang","Body Slam"],"picked":"Armaments","floor":1},{"not_picked":["Sword Boomerang","Perfected Strike"],"picked":"Clothesline","floor":2},{"not_picked":["Sword Boomerang","Iron Wave"],"picked":"Power Through","floor":4},{"not_picked":["Rampage","Iron Wave"],"picked":"Carnage","floor":5},{"not_picked":["Twin Strike","Body Slam"],"picked":"Juggernaut","floor":6},{"not_picked":["True Grit","Iron Wave"],"picked":"Warcry","floor":8},{"not_picked":["Armaments","Clothesline"],"picked":"Wild Strike","floor":14},{"not_picked":["Reaper","Limit Break"],"picked":"Dark Embrace","floor":16},{"not_picked":["Wild Strike","Rage"],"picked":"Corruption","floor":18},{"not_picked":["Second Wind","Headbutt"],"picked":"Power Through","floor":22},{"not_picked":["Thunderclap","Anger"],"picked":"Feel No Pain","floor":23},{"not_picked":["Rage","True Grit"],"picked":"Wild Strike","floor":24},{"not_picked":["Battle Trance","Perfected Strike"],"picked":"Juggernaut","floor":30},{"not_picked":["Demon Form","Feed"],"picked":"Bludgeon","floor":33},{"not_picked":[],"picked":"Clothesline","floor":35},{"not_picked":[],"picked":"Shrug It Off","floor":37},{"not_picked":["Anger"],"picked":"SKIP","floor":38},{"not_picked":[],"picked":"Cleave+1","floor":41},{"not_picked":["Bloodletting"],"picked":"SKIP","floor":42},{"not_picked":["Carnage"],"picked":"SKIP","floor":45},{"not_picked":["Cleave"],"picked":"SKIP","floor":48}],"player_experience":1645833,"relics_obtained":[{"floor":6,"key":"MawBank"},{"floor":8,"key":"Mummified Hand"},{"floor":9,"key":"Pear"},{"floor":14,"key":"Regal Pillow"},{"floor":24,"key":"Vajra"},{"floor":26,"key":"Ice Cream"},{"floor":30,"key":"Bottled Lightning"},{"floor":37,"key":"FossilizedHelix"},{"floor":42,"key":"Potion Belt"},{"floor":43,"key":"Anchor"},{"floor":45,"key":"Bottled Flame"}],"event_choices":[{"cards_removed":["Strike_R"],"damage_healed":0,"gold_gain":0,"player_choice":"Card Removal","damage_taken":7,"max_hp_gain":0,"max_hp_loss":0,"event_name":"Golden Wing","floor":12,"gold_loss":0},{"damage_healed":0,"gold_gain":0,"player_choice":"Take Damage","damage_taken":29,"relics_obtained":["Golden Idol"],"max_hp_gain":0,"max_hp_loss":0,"event_name":"Golden Idol","floor":13,"gold_loss":0},{"damage_healed":0,"gold_gain":0,"player_choice":"Ignored","damage_taken":0,"max_hp_gain":0,"max_hp_loss":0,"event_name":"Ghosts","floor":19,"gold_loss":0},{"damage_healed":0,"gold_gain":0,"player_choice":"Obtained Relic","damage_taken":0,"relics_obtained":["Orichalcum"],"max_hp_gain":0,"max_hp_loss":0,"event_name":"Addict","floor":20,"gold_loss":85},{"damage_healed":0,"gold_gain":0,"player_choice":"Gave Potion","damage_taken":0,"relics_obtained":["Turnip"],"max_hp_gain":0,"max_hp_loss":0,"event_name":"WeMeetAgain","floor":28,"gold_loss":0},{"damage_healed":0,"gold_gain":0,"player_choice":"Fight","damage_taken":0,"max_hp_gain":0,"max_hp_loss":0,"event_name":"Mysterious Sphere","floor":37,"gold_loss":0},{"damage_healed":0,"gold_gain":0,"cards_transformed":["Strike_R"],"player_choice":"Transformed","damage_taken":0,"max_hp_gain":0,"max_hp_loss":0,"event_name":"Transmorgrifier","floor":39,"gold_loss":0,"cards_obtained":["Reckless Charge"]},{"damage_healed":0,"gold_gain":0,"player_choice":"Max HP","damage_taken":0,"max_hp_gain":0,"max_hp_loss":4,"event_name":"Winding Halls","floor":46,"gold_loss":0}],"is_beta":false,"boss_relics":[{"not_picked":["Astrolabe","Calling Bell"],"picked":"Velvet Choker"},{"not_picked":["Eternal Feather","Philosopher\u0027s Stone"],"picked":"Busted Crown"}],"items_purged_floors":[],"is_endless":false,"potions_floor_spawned":[5,6,14,16,30,33,35,37,45],"killed_by":"Time Eater","ascension_level":20}