{"gold_per_floor":[20,34,34,34,45,80,80,115,138,138,164,176,176,206,206,309,309,322,322,237,237,252,252,281,281,281,281,309,29,58,74,74,170,170,186,206,226,16,0,32,132,132,132,132,165,185,185,205,205,205],"floor_reached":51,"playtime":1622,"items_purged":[],"score":1007,"play_id":"bfa6c8ea-a06f-4895-b5cd-855bf11ca286","local_time":"20190716150917","is_ascension_mode":true,"campfire_choices":[{"data":"Iron Wave","floor":7,"key":"SMITH"},{"data":"Bludgeon","floor":10,"key":"SMITH"},{"data":"Heavy Blade","floor":15,"key":"SMITH"},{"data":"Pummel","floor":23,"key":"SMITH"},{"data":"Shockwave","floor":27,"key":"SMITH"},{"data":"Double Tap","floor":32,"key":"SMITH"},{"data":"Disarm","floor":42,"key":"SMITH"},{"data":"Ghostly Armor","floor":44,"key":"SMITH"},{"data":"Offering","floor":49,"key":"SMITH"}],"neow_cost":"NO_GOLD","seed_source_timestamp":85985223972500,"circlet_count":0,"master_deck":["Strike_R+1","Strike_R","Defend_R+1","Defend_R","Defend_R","Defend_R+1","Bash+1","Immolate+1","Pummel+1","Shrug It Off","Iron Wave+1","Iron Wave","Evolve","Bludgeon+1","Shrug It Off","Inflame+1","Heavy Blade+1","Double Tap+1","Shrug It Off","Shockwave+1","Offering+1","Ghostly Armor+1","Disarm+1","Impervious","Power Through+1","Disarm+1","Warcry+1","Madness","Madness"],"relics":["Burning Blood","Vajra","Art of War","Whetstone","PreservedInsect","Happy Flower","Mercury Hourglass","Black Star","Ancient Tea Set","Anchor","Blue Candle","Matryoshka","War Paint","Dream Catcher","Membership Card","Bag of Preparation","FossilizedHelix","Oddly Smooth Stone","Cursed Key","Juzu Bracelet","Pantograph","Red Mask","Bottled Lightning","Potion Belt","Prayer Wheel","Centennial Puzzle","Unceasing Top"],"potions_floor_usage":[33,50,50,50],"damage_taken":[{"damage":1,"enemies":"Cultist","floor":1,"turns":3},{"damage":0,"enemies":"Small Slimes","floor":2,"turns":2},{"damage":0,"enemies":"2 Louse","floor":5,"turns":1},{"damage":14,"enemies":"Gremlin Nob","floor":6,"turns":4},{"damage":8,"enemies":"Lagavulin","floor":8,"turns":5},{"damage":1,"enemies":"3 Sentries","floor":11,"turns":3},{"damage":12,"enemies":"Exordium Thugs","floor":12,"turns":3},{"damage":0,"enemies":"Lagavulin","floor":14,"turns":3},{"damage":46,"enemies":"Hexaghost","floor":16,"turns":6},{"damage":12,"enemies":"Shell Parasite","floor":18,"turns":4},{"damage":17,"enemies":"3 Byrds","floor":22,"turns":4},{"damage":0,"enemies":"Gremlin Leader","floor":24,"turns":2},{"damage":0,"enemies":"Book of Stabbing","floor":28,"turns":3},{"damage":2,"enemies":"Gremlin Leader","floor":30,"turns":3},{"damage":0,"enemies":"Snecko","floor":31,"turns":4},{"damage":39,"enemies":"Champ","floor":33,"turns":13},{"damage":0,"enemies":"3 Shapes","floor":35,"turns":5},{"damage":0,"enemies":"Orb Walker","floor":36,"turns":3},{"damage":7,"enemies":"4 Shapes","floor":37,"turns":5},{"damage":32,"enemies":"Nemesis","floor":40,"turns":5},{"damage":8,"enemies":"Mind Bloom Boss Battle","floor":41,"turns":5},{"damage":6,"enemies":"Giant Head","floor":45,"turns":6},{"damage":0,"enemies":"3 Darklings","floor":46,"turns":2},{"damage":6,"enemies":"Spire Growth","floor":48,"turns":4},{"damage":17,"enemies":"Awakened One","floor":50,"turns":18}],"seed_played":"-305192888380935400","potions_obtained":[{"floor":1,"key":"BloodPotion"},{"floor":2,"key":"Fire Potion"},{"floor":6,"key":"Ancient Potion"},{"floor":35,"key":"Poison Potion"},{"floor":41,"key":"Block Potion"},{"floor":45,"key":"PowerPotion"}],"is_trial":false,"path_per_floor":["M","M","?","?","M","E","R","E","T","R","E","M","?","E","R","B",null,"M","?","?","?","M","R","E","?","T","R","E","$","E","M","R","B",null,"M","M","M","$","?","E","?","R","T","R","E","M","?","M","R","B",null],"character_chosen":"IRONCLAD","items_purchased":["Membership Card","Bag of Preparation","Juzu Bracelet","Pantograph"],"campfire_rested":0,"item_purchase_floors":[29,29,38,38],"current_hp_per_floor":[80,80,80,73,79,71,71,69,69,69,74,68,68,74,74,34,80,74,74,74,74,63,63,69,69,69,69,75,75,79,80,80,47,80,80,80,79,79,79,53,76,76,76,76,76,80,70,70,70,69],"gold":205,"neow_bonus":"TRANSFORM_TWO_CARDS","is_prod":false,"is_daily":false,"chose_seed":false,"campfire_upgraded":9,"win_rate":0,"timestamp":1563304157,"path_taken":["M","M","?","?","M","E","R","E","T","R","E","M","?","E","R","BOSS","M","?","?","?","M","R","E","?","T","R","E","$","E","M","R","BOSS","M","M","?","$","?","E","?","R","T","R","E","M","?","M","R","BOSS"],"build_version":"2019-07-05","purchased_purges":0,"victory":true,"max_hp_per_floor":[80,80,80,80,80,80,80,80,80,80,80,80,80,80,80,80,80,80,80,80,80,80,80,80,80,80,80,80,80,80,80,80,80,80,80,80,80,80,80,80,80,80,80,80,80,80,80,80,80,80],"card_choices":[{"not_picked":["Burning Pact","Infernal Blade"],"picked":"Shrug It Off","floor":1},{"not_picked":["Sever Soul","Clash"],"picked":"Iron Wave","floor":2},{"not_picked":["Sentinel","Body Slam","Iron Wave"],"picked":"SKIP","floor":5},{"not_picked":["Sentinel","Body Slam"],"picked":"Iron Wave","floor":5},{"not_picked":["Sword Boomerang","Thunderclap"],"picked":"Evolve","floor":6},{"not_picked":["Sword Boomerang","Thunderclap"],"picked":"Bludgeon","floor":8},{"not_picked":["Headbutt","Rupture"],"picked":"Shrug It Off","floor":11},{"not_picked":["Clothesline","Body Slam"],"picked":"Inflame","floor":12},{"not_picked":["Pummel","Thunderclap"],"picked":"Heavy Blade","floor":14},{"not_picked":["Exhume","Offering"],"picked":"Double Tap","floor":16},{"not_picked":["Warcry","Combust"],"picked":"Shrug It Off","floor":18},{"not_picked":["Pommel Strike","Armaments+1","Havoc+1"],"picked":"SKIP","floor":22},{"not_picked":["Headbutt","Armaments"],"picked":"Shockwave","floor":24},{"not_picked":["Iron Wave","Searing Blow+1","Flex"],"picked":"SKIP","floor":28},{"not_picked":["Immolate","Armaments","Headbutt+1"],"picked":"SKIP","floor":30},{"not_picked":["Flex","Cleave+1","Armaments+1"],"picked":"SKIP","floor":31},{"not_picked":["Barricade","Feed"],"picked":"Offering","floor":33},{"not_picked":["Anger","Iron Wave","Clothesline"],"picked":"SKIP","floor":35},{"not_picked":["Sword Boomerang","Uppercut"],"picked":"Ghostly Armor","floor":36},{"not_picked":["Warcry+1","Twin Strike"],"picked":"Disarm","floor":37},{"not_picked":["Hemokinesis","Reckless Charge+1"],"picked":"Impervious","floor":40},{"not_picked":["Dark Embrace","Body Slam+1"],"picked":"Power Through+1","floor":45},{"not_picked":["Feel No Pain+1","Perfected Strike"],"picked":"Disarm+1","floor":46},{"not_picked":["Anger","Perfected Strike+1"],"picked":"Warcry+1","floor":46},{"not_picked":["Clash","Reckless Charge+1","Perfected Strike+1"],"picked":"SKIP","floor":48},{"not_picked":["Reaper","Combust","Flame Barrier"],"picked":"SKIP","floor":48}],"player_experience":1927435,"relics_obtained":[{"floor":6,"key":"Art of War"},{"floor":8,"key":"Whetstone"},{"floor":9,"key":"PreservedInsect"},{"floor":11,"key":"Happy Flower"},{"floor":14,"key":"Mercury Hourglass"},{"floor":24,"key":"Anchor"},{"floor":24,"key":"Blue Candle"},{"floor":26,"key":"Matryoshka"},{"floor":28,"key":"War Paint"},{"floor":28,"key":"Dream Catcher"},{"floor":30,"key":"FossilizedHelix"},{"floor":30,"key":"Oddly Smooth Stone"},{"floor":40,"key":"Bottled Lightning"},{"floor":40,"key":"Potion Belt"},{"floor":41,"key":"Prayer Wheel"},{"floor":45,"key":"Centennial Puzzle"},{"floor":45,"key":"Unceasing Top"}],"event_choices":[{"damage_healed":0,"gold_gain":0,"player_choice":"Grow","damage_taken":0,"max_hp_gain":0,"max_hp_loss":0,"event_name":"Living Wall","floor":3,"gold_loss":0,"cards_upgraded":["Immolate"]},{"damage_healed":0,"gold_gain":0,"player_choice":"Success","damage_taken":7,"relics_obtained":["Vajra"],"max_hp_gain":0,"max_hp_loss":0,"event_name":"Scrap Ooze","floor":4,"gold_loss":0},{"damage_healed":0,"gold_gain":0,"player_choice":"Forge","damage_taken":0,"max_hp_gain":0,"max_hp_loss":0,"event_name":"Accursed Blacksmith","floor":13,"gold_loss":0,"cards_upgraded":["Inflame"]},{"damage_healed":0,"gold_gain":0,"player_choice":"Ignored","damage_taken":0,"max_hp_gain":0,"max_hp_loss":0,"event_name":"Vampires","floor":19,"gold_loss":0},{"damage_healed":0,"gold_gain":0,"player_choice":"Obtained Relic","damage_taken":0,"relics_obtained":["Ancient Tea Set"],"max_hp_gain":0,"max_hp_loss":0,"event_name":"Addict","floor":20,"gold_loss":85},{"cards_removed":["Strike_R"],"damage_healed":0,"gold_gain":0,"player_choice":"Elegance","damage_taken":0,"max_hp_gain":0,"max_hp_loss":0,"event_name":"Back to Basics","floor":21,"gold_loss":0},{"damage_healed":0,"gold_gain":0,"player_choice":"Ignored","damage_taken":0,"max_hp_gain":0,"max_hp_loss":0,"event_name":"NoteForYourself","floor":25,"gold_loss":0},{"damage_healed":0,"gold_gain":0,"player_choice":"Paid","damage_taken":0,"relics_obtained":["Red Mask"],"max_hp_gain":0,"max_hp_loss":0,"event_name":"Tomb of Lord Red Mask","floor":39,"gold_loss":16},{"damage_healed":0,"gold_gain":0,"player_choice":"Fight","damage_taken":0,"max_hp_gain":0,"max_hp_loss":0,"event_name":"MindBloom","floor":41,"gold_loss":0},{"damage_healed":0,"gold_gain":0,"player_choice":"Embrace Madness","damage_taken":10,"max_hp_gain":0,"max_hp_loss":0,"event_name":"Winding Halls","floor":47,"gold_loss":0,"cards_obtained":["Madness","Madness"]}],"is_beta":false,"boss_relics":[{"not_picked":["Calling Bell","Astrolabe"],"picked":"Black Star"},{"not_picked":["Philosopher\u0027s Stone","Fusion Hammer"],"picked":"Cursed Key"}],"items_purged_floors":[],"is_endless":false,"potions_floor_spawned":[1,2,6,24,28,31,35,41,45],"ascension_level":1}