{"gold_per_floor":[113,133,133,145,159,193,193,221,244,304,304,115,142,154,166,276,288,312,338,370,352,378,416,428,453,465,507,531,570,595,657,669,780,792,819,845,870,901,403,403,416,416,416,416,18,18,53,70,70,70],"floor_reached":51,"playtime":11788,"items_purged":["Parasite"],"score":868,"play_id":"aa26d84e-a7c9-4f9a-8045-6007cd60cc02","local_time":"20190611142441","is_ascension_mode":true,"campfire_choices":[{"floor":11,"key":"REST"},{"data":"Footwork","floor":15,"key":"SMITH"},{"floor":24,"key":"REST"},{"data":"Footwork","floor":32,"key":"SMITH"},{"data":"A Thousand Cuts","floor":40,"key":"SMITH"},{"data":"Well Laid Plans","floor":42,"key":"SMITH"},{"data":"Malaise","floor":44,"key":"SMITH"},{"data":"Accuracy","floor":49,"key":"SMITH"}],"neow_cost":"NONE","seed_source_timestamp":236599788090580,"circlet_count":0,"master_deck":["Defend_G","Defend_G","Defend_G","Defend_G","Defend_G","Strike_G","Strike_G","Strike_G","Strike_G","Strike_G","Survivor","Neutralize","Cloak And Dagger","Dagger Throw","Deadly Poison","Footwork+1","A Thousand Cuts+1","Cloak And Dagger","Cloak And Dagger","Accuracy+1","Finesse","Backstab","Tools of the Trade","Outmaneuver","PiercingWail+1","Backflip","Backflip","Footwork+1","Malaise+1","Well Laid Plans+1","Crippling Poison","Prepared+1","Accuracy+1","Doppelganger","Infinite Blades+1","Reflex","Dodge and Roll+1","Distraction+1","Infinite Blades","Leg Sweep","Finesse","Footwork+1","Caltrops","Madness","Tactician"],"relics":["Ring of the Snake","Snake Skull","StoneCalendar","Regal Pillow","Pen Nib","Orichalcum","Tiny Chest","MawBank","Philosopher\u0027s Stone","Oddly Smooth Stone","Meat on the Bone","Ninja Scroll","Bronze Scales","Coffee Dripper","DollysMirror","Sundial","Vajra","TwistedFunnel","Ice Cream"],"potions_floor_usage":[6,6,8,10,20,20,23,23,33,47,50,50,50],"damage_taken":[{"damage":3,"enemies":"Jaw Worm","floor":1,"turns":6},{"damage":3,"enemies":"Cultist","floor":2,"turns":4},{"damage":1,"enemies":"Small Slimes","floor":4,"turns":3},{"damage":10,"enemies":"Exordium Thugs","floor":5,"turns":7},{"damage":17,"enemies":"3 Sentries","floor":6,"turns":10},{"damage":8,"enemies":"Gremlin Nob","floor":8,"turns":5},{"damage":22,"enemies":"3 Sentries","floor":10,"turns":7},{"damage":34,"enemies":"Gremlin Nob","floor":13,"turns":5},{"damage":12,"enemies":"The Guardian","floor":16,"turns":10},{"damage":28,"enemies":"2 Thieves","floor":18,"turns":5},{"damage":12,"enemies":"Shell Parasite","floor":19,"turns":6},{"damage":24,"enemies":"Snake Plant","floor":20,"turns":7},{"damage":7,"enemies":"Centurion and Healer","floor":22,"turns":8},{"damage":24,"enemies":"Gremlin Leader","floor":23,"turns":7},{"damage":29,"enemies":"Snecko","floor":25,"turns":7},{"damage":0,"enemies":"Book of Stabbing","floor":27,"turns":7},{"damage":7,"enemies":"3 Cultists","floor":28,"turns":5},{"damage":33,"enemies":"Slavers","floor":29,"turns":6},{"damage":11,"enemies":"Centurion and Healer","floor":30,"turns":7},{"damage":8,"enemies":"Automaton","floor":33,"turns":10},{"damage":24,"enemies":"3 Shapes","floor":35,"turns":4},{"damage":14,"enemies":"3 Darklings","floor":36,"turns":5},{"damage":9,"enemies":"4 Shapes","floor":37,"turns":6},{"damage":3,"enemies":"Maw","floor":38,"turns":8},{"damage":12,"enemies":"3 Darklings","floor":41,"turns":4},{"damage":14,"enemies":"Nemesis","floor":47,"turns":7},{"damage":0,"enemies":"Jaw Worm Horde","floor":48,"turns":3},{"damage":32,"enemies":"Time Eater","floor":50,"turns":9}],"seed_played":"-3298990113084520836","potions_obtained":[{"floor":2,"key":"SkillPotion"},{"floor":3,"key":"GhostInAJar"},{"floor":3,"key":"Energy Potion"},{"floor":8,"key":"Regen Potion"},{"floor":16,"key":"Regen Potion"},{"floor":18,"key":"Regen Potion"},{"floor":21,"key":"Swift Potion"},{"floor":21,"key":"GhostInAJar"},{"floor":27,"key":"Ancient Potion"},{"floor":29,"key":"FearPotion"},{"floor":30,"key":"Weak Potion"},{"floor":36,"key":"Weak Potion"},{"floor":37,"key":"Swift Potion"},{"floor":47,"key":"SkillPotion"}],"is_trial":false,"path_per_floor":["M","M","?","M","M","E","?","E","T","E","R","$","E","?","R","B",null,"M","M","M","?","M","E","R","M","T","E","M","E","M","?","R","B",null,"M","M","M","M","$","R","M","R","T","R","$","?","E","M","R","B",null],"character_chosen":"THE_SILENT","items_purchased":["Cloak And Dagger","Accuracy","Finesse","Infinite Blades","Leg Sweep","Finesse","DollysMirror","Vajra","Caltrops","TwistedFunnel"],"campfire_rested":2,"item_purchase_floors":[12,12,12,39,39,39,39,45,45,45],"current_hp_per_floor":[67,64,64,63,53,36,18,10,10,3,39,39,5,22,22,10,70,42,30,51,51,44,20,56,27,27,39,44,23,24,24,24,28,70,46,44,47,44,44,44,44,44,44,44,44,44,42,42,42,22],"gold":70,"neow_bonus":"RANDOM_COMMON_RELIC","is_prod":false,"is_daily":false,"chose_seed":false,"campfire_upgraded":6,"win_rate":1,"timestamp":1560252281,"path_taken":["M","M","?","M","?","E","?","E","T","E","R","?","E","?","R","BOSS","M","M","M","?","M","E","R","M","T","E","?","E","M","?","R","BOSS","M","?","M","M","$","R","M","R","T","R","$","?","E","M","R","BOSS"],"build_version":"2019-01-23","purchased_purges":1,"victory":true,"max_hp_per_floor":[70,70,70,70,70,70,70,70,70,70,70,70,70,70,70,70,70,70,70,70,70,70,70,70,70,70,70,70,70,70,70,70,70,70,70,70,70,70,67,67,67,67,67,67,67,67,67,67,67,67],"card_choices":[{"not_picked":["Prepared","Skewer","Terror"],"picked":"SKIP","floor":1},{"not_picked":["Riddle With Holes","Deflect"],"picked":"Cloak And Dagger","floor":2},{"not_picked":["Flying Knee","Underhanded Strike"],"picked":"Dagger Throw","floor":4},{"not_picked":["Blade Dance","Quick Slash"],"picked":"Deadly Poison","floor":5},{"not_picked":["Glass Knife","Acrobatics"],"picked":"Footwork","floor":6},{"not_picked":["Masterful Stab","Predator"],"picked":"A Thousand Cuts","floor":8},{"not_picked":["Deflect","Deadly Poison"],"picked":"Cloak And Dagger","floor":10},{"not_picked":["Acrobatics","Riddle With Holes"],"picked":"Backstab","floor":13},{"not_picked":["Malaise","Die Die Die"],"picked":"Tools of the Trade","floor":16},{"not_picked":["Quick Slash","Dagger Throw+1"],"picked":"Outmaneuver","floor":18},{"not_picked":["Expertise","Flying Knee"],"picked":"PiercingWail+1","floor":19},{"not_picked":["Escape Plan","Deadly Poison+1"],"picked":"Backflip","floor":20},{"not_picked":["Prepared+1","Acrobatics"],"picked":"Backflip","floor":22},{"not_picked":["Choke","Accuracy"],"picked":"Footwork","floor":23},{"not_picked":["Choke","Cloak And Dagger"],"picked":"Malaise","floor":25},{"not_picked":["Eviscerate+1","Deflect"],"picked":"Well Laid Plans","floor":27},{"not_picked":["Deadly Poison","Outmaneuver"],"picked":"Crippling Poison","floor":28},{"not_picked":["Expertise","Outmaneuver"],"picked":"Prepared+1","floor":29},{"not_picked":["Outmaneuver","Finisher"],"picked":"Accuracy+1","floor":30},{"not_picked":["Unload","Phantasmal Killer"],"picked":"Doppelganger","floor":33},{"not_picked":["Prepared","Slice+1"],"picked":"Infinite Blades+1","floor":35},{"not_picked":["Flying Knee+1","Choke"],"picked":"Reflex","floor":36},{"not_picked":["Bouncing Flask","Poisoned Stab+1"],"picked":"Dodge and Roll+1","floor":37},{"not_picked":["Prepared","Outmaneuver+1"],"picked":"Distraction+1","floor":38},{"not_picked":["Quick Slash+1","Dagger Throw+1","Glass Knife"],"picked":"SKIP","floor":41},{"not_picked":["Enlightenment","Transmutation"],"picked":"Madness","floor":46},{"not_picked":["Flying Knee+1","Distraction"],"picked":"Tactician","floor":47},{"not_picked":["Finisher","Distraction","Predator+1"],"picked":"SKIP","floor":48}],"player_experience":59257,"relics_obtained":[{"floor":6,"key":"StoneCalendar"},{"floor":8,"key":"Pen Nib"},{"floor":9,"key":"Orichalcum"},{"floor":10,"key":"Tiny Chest"},{"floor":13,"key":"MawBank"},{"floor":23,"key":"Oddly Smooth Stone"},{"floor":26,"key":"Meat on the Bone"},{"floor":27,"key":"Ninja Scroll"},{"floor":29,"key":"Bronze Scales"},{"floor":43,"key":"Sundial"},{"floor":47,"key":"Ice Cream"}],"event_choices":[{"damage_healed":0,"gold_gain":0,"player_choice":"Got Potions","damage_taken":0,"max_hp_gain":0,"max_hp_loss":0,"event_name":"Lab","floor":3,"gold_loss":0},{"damage_healed":0,"gold_gain":0,"player_choice":"Success","damage_taken":18,"relics_obtained":["Regal Pillow"],"max_hp_gain":0,"max_hp_loss":0,"event_name":"Scrap Ooze","floor":7,"gold_loss":0},{"damage_healed":17,"gold_gain":0,"player_choice":"Healed and dodged fight","damage_taken":0,"max_hp_gain":0,"max_hp_loss":0,"event_name":"Mushrooms","floor":14,"gold_loss":0,"cards_obtained":["Parasite"]},{"damage_healed":0,"gold_gain":0,"player_choice":"Bought 2 Potions","damage_taken":0,"max_hp_gain":0,"max_hp_loss":0,"event_name":"The Woman in Blue","floor":21,"gold_loss":0},{"damage_healed":0,"gold_gain":100,"player_choice":"Bet on Murderer","damage_taken":0,"max_hp_gain":0,"max_hp_loss":0,"event_name":"The Joust","floor":31,"gold_loss":50},{"damage_healed":0,"gold_gain":0,"player_choice":"Memory 1","damage_taken":0,"max_hp_gain":0,"max_hp_loss":0,"event_name":"SensoryStone","floor":46,"gold_loss":0}],"is_beta":false,"boss_relics":[{"not_picked":["Tiny House","Ring of the Serpent"],"picked":"Philosopher\u0027s Stone"},{"not_picked":["Orrery","Runic Dome"],"picked":"Coffee Dripper"}],"items_purged_floors":[39],"is_endless":false,"potions_floor_spawned":[2,5,8,16,18,27,29,30,36,37,41,47],"ascension_level":2}