{"gold_per_floor":[20,30,45,63,81,81,156,191,216,216,242,259,259,17,17,121,121,134,154,171,31,31,63,63,63,63,63],"floor_reached":27,"playtime":10445,"items_purged":["Parasite","Strike_G"],"score":243,"play_id":"1452a9a3-f63b-4c8c-832b-e773279eb0c5","local_time":"20190724161214","is_ascension_mode":false,"campfire_choices":[{"data":"Escape Plan","floor":6,"key":"SMITH"},{"floor":10,"key":"REST"},{"data":"Apotheosis","floor":15,"key":"SMITH"},{"data":"Leg Sweep","floor":24,"key":"SMITH"}],"neow_cost":"NO_GOLD","seed_source_timestamp":423560938462700,"circlet_count":0,"master_deck":["Strike_G","Strike_G","Strike_G","Strike_G","Defend_G","Defend_G","Defend_G","Defend_G","Defend_G","Survivor","Neutralize","Deadly Poison","Expertise","Skewer","Escape Plan+1","All Out Attack","Well Laid Plans","Apotheosis+1","Cloak And Dagger+1","Cloak And Dagger+1","Bouncing Flask","Leg Sweep+1","Escape Plan","Terror"],"relics":["Ring of the Snake","Ice Cream","Ginger","Regal Pillow","Dream Catcher","Philosopher\u0027s Stone","Smiling Mask","Du-Vu Doll"],"potions_floor_usage":[8,16,20,23,27],"damage_taken":[{"damage":6,"enemies":"Small Slimes","floor":1,"turns":5},{"damage":0,"enemies":"2 Louse","floor":2,"turns":3},{"damage":4,"enemies":"Jaw Worm","floor":3,"turns":4},{"damage":4,"enemies":"Blue Slaver","floor":4,"turns":5},{"damage":1,"enemies":"Exordium Wildlife","floor":5,"turns":2},{"damage":4,"enemies":"Gremlin Nob","floor":8,"turns":5},{"damage":33,"enemies":"3 Sentries","floor":11,"turns":8},{"damage":0,"enemies":"Red Slaver","floor":12,"turns":3},{"damage":11,"enemies":"Slime Boss","floor":16,"turns":8},{"damage":4,"enemies":"Spheric Guardian","floor":18,"turns":4},{"damage":0,"enemies":"3 Byrds","floor":19,"turns":4},{"damage":13,"enemies":"Cultist and Chosen","floor":20,"turns":5},{"damage":8,"enemies":"Book of Stabbing","floor":23,"turns":6},{"damage":30,"enemies":"Gremlin Leader","floor":27,"turns":5}],"seed_played":"714051201634595542","potions_obtained":[{"floor":5,"key":"GhostInAJar"},{"floor":11,"key":"Fire Potion"},{"floor":12,"key":"FearPotion"},{"floor":16,"key":"SmokeBomb"},{"floor":18,"key":"Weak Potion"},{"floor":20,"key":"Weak Potion"}],"is_trial":false,"path_per_floor":["M","M","M","M","M","R","?","E","T","R","E","M","?","$","R","B",null,"M","M","M","$","?","E","R","?","T","E"],"character_chosen":"THE_SILENT","items_purchased":["Apotheosis","Leg Sweep"],"campfire_rested":1,"item_purchase_floors":[14,21],"current_hp_per_floor":[64,64,60,56,55,55,44,40,40,70,37,37,54,54,54,43,67,63,63,50,50,50,42,42,30,30,0],"gold":63,"neow_bonus":"ONE_RARE_RELIC","is_prod":false,"is_daily":false,"chose_seed":false,"campfire_upgraded":3,"win_rate":0,"timestamp":1563981134,"path_taken":["M","M","M","M","M","R","?","E","T","R","E","M","?","$","R","BOSS","M","M","M","$","?","E","R","?","T","E"],"build_version":"2019-07-17","purchased_purges":2,"victory":false,"max_hp_per_floor":[70,70,70,70,70,70,70,70,70,70,70,70,70,67,67,67,67,67,67,67,67,67,67,67,72,72,72],"card_choices":[{"not_picked":["Poisoned Stab","Catalyst"],"picked":"Deadly Poison","floor":1},{"not_picked":["Caltrops","Flying Knee"],"picked":"Expertise","floor":2},{"not_picked":["Outmaneuver","Flechettes"],"picked":"Skewer","floor":3},{"not_picked":["Terror","Crippling Poison"],"picked":"Escape Plan","floor":4},{"not_picked":["Quick Slash","Skewer"],"picked":"All Out Attack","floor":5},{"not_picked":["Tactician","PiercingWail"],"picked":"Well Laid Plans","floor":8},{"not_picked":["Masterful Stab","Cloak And Dagger","Outmaneuver"],"picked":"SKIP","floor":11},{"not_picked":["Dagger Throw","Sucker Punch","Dodge and Roll"],"picked":"SKIP","floor":12},{"not_picked":["Tactician","Finisher"],"picked":"Cloak And Dagger+1","floor":18},{"not_picked":["PiercingWail","Dagger Spray"],"picked":"Cloak And Dagger+1","floor":19},{"not_picked":["Dodge and Roll","Slice"],"picked":"Bouncing Flask","floor":20},{"not_picked":["Caltrops","Flechettes"],"picked":"Terror","floor":23}],"player_experience":398071,"relics_obtained":[{"floor":8,"key":"Ginger"},{"floor":9,"key":"Regal Pillow"},{"floor":11,"key":"Dream Catcher"},{"floor":23,"key":"Smiling Mask"},{"floor":26,"key":"Du-Vu Doll"}],"event_choices":[{"damage_healed":0,"gold_gain":75,"player_choice":"Gather Gold","damage_taken":11,"max_hp_gain":0,"max_hp_loss":0,"event_name":"World of Goop","floor":7,"gold_loss":0},{"damage_healed":17,"gold_gain":0,"player_choice":"Healed and dodged fight","damage_taken":0,"max_hp_gain":0,"max_hp_loss":0,"event_name":"Mushrooms","floor":13,"gold_loss":0,"cards_obtained":["Parasite"]},{"damage_healed":0,"gold_gain":0,"player_choice":"Read","damage_taken":0,"max_hp_gain":0,"max_hp_loss":0,"event_name":"The Library","floor":22,"gold_loss":0,"cards_obtained":["Escape Plan"]},{"damage_healed":0,"gold_gain":0,"player_choice":"Shed Blood","damage_taken":17,"max_hp_gain":5,"max_hp_loss":0,"event_name":"Forgotten Altar","floor":25,"gold_loss":0}],"is_beta":false,"boss_relics":[{"not_picked":["Empty Cage","Astrolabe"],"picked":"Philosopher\u0027s Stone"}],"items_purged_floors":[14,21],"is_endless":false,"potions_floor_spawned":[5,11,12,16,18,20],"killed_by":"Gremlin Leader","ascension_level":0}