{"gold_per_floor":[113,27,45,45,120,120,36,80,103,118,118,143,184,198,198,198],"floor_reached":16,"playtime":390,"items_purged":[],"score":370,"play_id":"72f299b7-9e73-4519-ad9e-4e44862ea438","local_time":"20190701132105","is_ascension_mode":true,"campfire_choices":[{"floor":6,"key":"REST"},{"data":"Limit Break","floor":15,"key":"SMITH"}],"neow_cost":"NONE","seed_source_timestamp":266365455682599,"circlet_count":0,"master_deck":["AscendersBane","Strike_R","Strike_R","Strike_R","Strike_R","Strike_R","Defend_R","Defend_R","Defend_R","Defend_R+1","Bash","Perfected Strike","Inflame","Evolve","Spot Weakness","Wild Strike","Offering+1","Corruption","True Grit","Limit Break+1"],"relics":["Burning Blood","NeowsBlessing","Golden Idol","Pocketwatch","Red Skull","Strawberry"],"potions_floor_usage":[10,12],"damage_taken":[{"damage":0,"enemies":"Jaw Worm","floor":1,"turns":1},{"damage":0,"enemies":"Small Slimes","floor":3,"turns":1},{"damage":0,"enemies":"Gremlin Nob","floor":8,"turns":1},{"damage":2,"enemies":"2 Louse","floor":10,"turns":2},{"damage":20,"enemies":"Lots of Slimes","floor":12,"turns":6},{"damage":23,"enemies":"3 Sentries","floor":13,"turns":5},{"damage":13,"enemies":"Gremlin Gang","floor":14,"turns":4}],"seed_played":"8903100260841768745","potions_obtained":[{"floor":1,"key":"Regen Potion"},{"floor":8,"key":"Fire Potion"}],"is_trial":false,"path_per_floor":["M","$","M","?","?","R","$","E","T","M","?","M","E","M","R","B"],"character_chosen":"IRONCLAD","items_purchased":["Inflame","Spot Weakness"],"campfire_rested":1,"item_purchase_floors":[2,7],"current_hp_per_floor":[74,74,75,49,38,60,60,66,66,70,47,48,38,31,31,0],"gold":198,"neow_bonus":"THREE_ENEMY_KILL","is_prod":false,"is_daily":false,"chose_seed":false,"campfire_upgraded":1,"win_rate":0,"timestamp":1562001665,"path_taken":["M","$","M","?","?","R","$","E","T","M","?","?","E","M","R","BOSS"],"build_version":"2019-01-23","purchased_purges":0,"victory":false,"max_hp_per_floor":[75,75,75,75,75,75,75,75,75,75,75,75,82,82,82,82],"card_choices":[{"not_picked":["Body Slam","Headbutt"],"picked":"Perfected Strike","floor":1},{"not_picked":["Headbutt","Body Slam"],"picked":"Evolve","floor":3},{"not_picked":["Infernal Blade","Entrench"],"picked":"Wild Strike","floor":8},{"not_picked":["Rupture","Armaments"],"picked":"Offering","floor":10},{"not_picked":["Cleave","Clothesline"],"picked":"Corruption","floor":12},{"not_picked":["Sword Boomerang","Pommel Strike"],"picked":"True Grit","floor":13},{"not_picked":["Clothesline","Perfected Strike"],"picked":"Limit Break","floor":14}],"player_experience":1616437,"relics_obtained":[{"floor":8,"key":"Pocketwatch"},{"floor":9,"key":"Red Skull"},{"floor":13,"key":"Strawberry"}],"event_choices":[{"damage_healed":0,"gold_gain":0,"player_choice":"Take Damage","damage_taken":26,"relics_obtained":["Golden Idol"],"max_hp_gain":0,"max_hp_loss":0,"event_name":"Golden Idol","floor":4,"gold_loss":0},{"damage_healed":0,"gold_gain":75,"player_choice":"Gather Gold","damage_taken":11,"max_hp_gain":0,"max_hp_loss":0,"event_name":"World of Goop","floor":5,"gold_loss":0},{"damage_healed":0,"gold_gain":0,"player_choice":"Entered Light","damage_taken":23,"max_hp_gain":0,"max_hp_loss":0,"event_name":"Shining Light","floor":11,"gold_loss":0,"cards_upgraded":["Offering","Defend_R"]}],"is_beta":false,"boss_relics":[],"items_purged_floors":[],"is_endless":false,"potions_floor_spawned":[1,8],"killed_by":"The Guardian","ascension_level":20}