{"gold_per_floor":[112,122,122,122,140,140,140,165,165,165,165,165,198,212,212,212],"floor_reached":16,"playtime":644,"items_purged":[],"score":216,"play_id":"02ae1f9d-0ff4-4974-b847-cc2c306972dc","local_time":"20190702132815","is_ascension_mode":true,"campfire_choices":[{"data":"Berserk","floor":6,"key":"SMITH"},{"floor":11,"key":"REST"},{"floor":15,"key":"REST"}],"neow_cost":"NONE","seed_source_timestamp":352941836768000,"circlet_count":0,"master_deck":["AscendersBane","Strike_R+1","Strike_R+1","Strike_R","Defend_R","Defend_R","Defend_R","Defend_R","Bash","Berserk+1","Disarm","Wild Strike","Whirlwind","Hemokinesis","Feel No Pain","Shockwave"],"relics":["Burning Blood","Question Card","Mummified Hand","Art of War","Omamori"],"potions_floor_usage":[8,16],"damage_taken":[{"damage":4,"enemies":"2 Louse","floor":1,"turns":4},{"damage":5,"enemies":"Small Slimes","floor":2,"turns":4},{"damage":4,"enemies":"Cultist","floor":5,"turns":3},{"damage":19,"enemies":"Lagavulin","floor":8,"turns":6},{"damage":35,"enemies":"3 Sentries","floor":13,"turns":6},{"damage":3,"enemies":"3 Louse","floor":14,"turns":2},{"damage":64,"enemies":"The Guardian","floor":16,"turns":14}],"seed_played":"-7019638772034320071","potions_obtained":[{"floor":5,"key":"SkillPotion"},{"floor":13,"key":"Regen Potion"}],"is_trial":false,"path_per_floor":["M","M","?","?","M","R","?","E","T","?","R","T","E","M","R","B"],"character_chosen":"IRONCLAD","items_purchased":[],"campfire_rested":2,"item_purchase_floors":[],"current_hp_per_floor":[70,71,71,71,73,73,50,37,37,30,52,52,23,26,48,0],"gold":212,"neow_bonus":"ONE_RANDOM_RARE_CARD","is_prod":false,"is_daily":false,"chose_seed":false,"campfire_upgraded":1,"win_rate":0,"timestamp":1562088495,"path_taken":["M","M","?","?","?","R","?","E","T","?","R","?","E","M","R","BOSS"],"build_version":"2019-07-01","purchased_purges":0,"victory":false,"max_hp_per_floor":[75,75,75,75,75,75,75,75,75,75,75,75,75,75,75,75],"card_choices":[{"not_picked":["Headbutt","Sword Boomerang"],"picked":"Disarm","floor":1},{"not_picked":["Warcry","Clash"],"picked":"Wild Strike","floor":2},{"not_picked":["Warcry","Armaments"],"picked":"Whirlwind","floor":5},{"not_picked":["Corruption","Headbutt"],"picked":"Hemokinesis","floor":8},{"not_picked":["Armaments","Power Through","Warcry"],"picked":"Feel No Pain","floor":13},{"not_picked":["Double Tap","True Grit","Perfected Strike"],"picked":"Shockwave","floor":14}],"player_experience":1656254,"relics_obtained":[{"floor":8,"key":"Question Card"},{"floor":9,"key":"Mummified Hand"},{"floor":12,"key":"Art of War"},{"floor":13,"key":"Omamori"}],"event_choices":[{"damage_healed":0,"gold_gain":0,"player_choice":"Ignored","damage_taken":0,"max_hp_gain":0,"max_hp_loss":0,"event_name":"Liars Game","floor":3,"gold_loss":0},{"cards_removed":["Strike_R"],"damage_healed":0,"gold_gain":0,"player_choice":"Offered Basic","damage_taken":0,"max_hp_gain":0,"max_hp_loss":0,"event_name":"Bonfire Elementals","floor":4,"gold_loss":0},{"damage_healed":0,"gold_gain":0,"player_choice":"Entered Light","damage_taken":23,"max_hp_gain":0,"max_hp_loss":0,"event_name":"Shining Light","floor":7,"gold_loss":0,"cards_upgraded":["Strike_R","Strike_R"]},{"cards_removed":["Strike_R"],"damage_healed":0,"gold_gain":0,"player_choice":"Card Removal","damage_taken":7,"max_hp_gain":0,"max_hp_loss":0,"event_name":"Golden Wing","floor":10,"gold_loss":0}],"is_beta":false,"boss_relics":[],"items_purged_floors":[],"is_endless":false,"potions_floor_spawned":[5,13],"killed_by":"The Guardian","ascension_level":20}