{"gold_per_floor":[113,113,123,133,208,241,241,269,349,349,374,392,405,405,405,500,500,515,530,530,544,51,51,66,66,90,102,102,122,21,21,21,122,122,139,156,171,189,189],"floor_reached":39,"playtime":7638,"items_purged":[],"score":395,"play_id":"057d3699-8f37-4edb-bdce-d2d1252c018a","local_time":"20190711164446","is_ascension_mode":false,"campfire_choices":[{"floor":7,"key":"REST"},{"floor":10,"key":"REST"},{"floor":15,"key":"REST"},{"floor":23,"key":"REST"},{"floor":28,"key":"REST"},{"data":"1","floor":32,"key":"LIFT"}],"neow_cost":"NONE","seed_source_timestamp":513562937324500,"circlet_count":0,"master_deck":["Strike_R","Strike_R","Strike_R","Strike_R","Strike_R","Defend_R+1","Defend_R+1","Defend_R+1","Bash","Armaments","Headbutt","Anger","Carnage","Battle Trance","Rage","Pommel Strike+1","Double Tap","Flex","Shrug It Off","Perfected Strike+1","Battle Trance+1","Parasite","Disarm+1","Headbutt+1","Fire Breathing","Anger","Berserk","Anger","Warcry+1","Shockwave","Spot Weakness"],"relics":["Burning Blood","NeowsBlessing","Girya","War Paint","Question Card","Pen Nib","Cursed Key","Vajra","Orichalcum","TheAbacus","PreservedInsect","MutagenicStrength","Lizard Tail"],"potions_floor_usage":[16,16,33,33,37,38,39],"damage_taken":[{"damage":0,"enemies":"Jaw Worm","floor":1,"turns":1},{"damage":0,"enemies":"Cultist","floor":3,"turns":1},{"damage":0,"enemies":"Small Slimes","floor":4,"turns":1},{"damage":36,"enemies":"Lagavulin","floor":6,"turns":4},{"damage":44,"enemies":"3 Sentries","floor":8,"turns":7},{"damage":0,"enemies":"Exordium Thugs","floor":12,"turns":3},{"damage":0,"enemies":"Red Slaver","floor":13,"turns":2},{"damage":28,"enemies":"Hexaghost","floor":16,"turns":8},{"damage":1,"enemies":"2 Thieves","floor":18,"turns":4},{"damage":2,"enemies":"Chosen","floor":19,"turns":3},{"damage":22,"enemies":"Snecko","floor":21,"turns":4},{"damage":15,"enemies":"Snake Plant","floor":24,"turns":2},{"damage":4,"enemies":"Cultist and Chosen","floor":27,"turns":3},{"damage":6,"enemies":"Snecko","floor":29,"turns":3},{"damage":34,"enemies":"Collector","floor":33,"turns":4},{"damage":16,"enemies":"Orb Walker","floor":35,"turns":4},{"damage":46,"enemies":"3 Darklings","floor":36,"turns":5},{"damage":40,"enemies":"Maw","floor":37,"turns":6},{"damage":32,"enemies":"4 Shapes","floor":38,"turns":5},{"damage":27,"enemies":"Writhing Mass","floor":39,"turns":4}],"seed_played":"9046179062350666227","potions_obtained":[{"floor":8,"key":"LiquidBronze"},{"floor":12,"key":"AttackPotion"},{"floor":19,"key":"Explosive Potion"},{"floor":24,"key":"Energy Potion"},{"floor":29,"key":"Fire Potion"},{"floor":33,"key":"Swift Potion"},{"floor":36,"key":"Regen Potion"}],"is_trial":false,"path_per_floor":["M","?","M","M","?","E","R","E","T","R","T","M","M","?","R","B",null,"M","M","?","M","$","R","M","?","T","M","R","M","$","?","R","B",null,"M","M","M","M","M"],"character_chosen":"IRONCLAD","items_purchased":["Vajra","Orichalcum","TheAbacus","Fire Breathing","Anger"],"campfire_rested":5,"item_purchase_floors":[22,22,22,30,30],"current_hp_per_floor":[80,80,80,80,69,39,63,25,25,49,49,55,61,45,69,47,80,80,80,80,64,64,80,71,56,56,58,83,83,83,83,83,55,85,75,35,46,25,0],"gold":189,"neow_bonus":"THREE_ENEMY_KILL","is_prod":false,"is_daily":false,"chose_seed":false,"campfire_upgraded":0,"win_rate":0.0,"timestamp":1562859886,"path_taken":["M","?","?","M","?","E","R","E","T","R","?","?","M","?","R","BOSS","M","M","?","M","$","R","M","?","T","?","R","M","?","?","R","BOSS","M","M","M","M","M"],"build_version":"2019-07-05","purchased_purges":0,"victory":false,"max_hp_per_floor":[80,80,80,80,80,80,80,80,80,80,80,80,80,80,80,80,80,80,80,80,80,80,80,80,85,85,85,85,85,85,85,85,85,85,85,85,85,85,85],"card_choices":[{"not_picked":["Body Slam","Fire Breathing"],"picked":"Armaments","floor":1},{"not_picked":["Hemokinesis","Clothesline"],"picked":"Headbutt","floor":3},{"not_picked":["Power Through","True Grit"],"picked":"Anger","floor":4},{"not_picked":["Bludgeon","Intimidate"],"picked":"Carnage","floor":6},{"not_picked":["Bloodletting","Headbutt"],"picked":"Battle Trance","floor":8},{"not_picked":["Cleave","Pommel Strike","Spot Weakness"],"picked":"Rage","floor":12},{"not_picked":["Body Slam","Offering","Shrug It Off"],"picked":"Pommel Strike","floor":13},{"not_picked":["Offering","Feed","Juggernaut"],"picked":"Double Tap","floor":16},{"not_picked":["Clash","Heavy Blade","Warcry"],"picked":"Flex","floor":18},{"not_picked":["Twin Strike","Clothesline","Anger"],"picked":"Shrug It Off","floor":19},{"not_picked":["Offering","Infernal Blade","Disarm"],"picked":"Perfected Strike+1","floor":21},{"not_picked":["Clash","Sword Boomerang","Dual Wield"],"picked":"Battle Trance+1","floor":24},{"not_picked":["Blood for Blood+1","Reckless Charge","Heavy Blade"],"picked":"Disarm+1","floor":27},{"not_picked":["Bloodletting+1","Dual Wield","Sword Boomerang"],"picked":"Headbutt+1","floor":29},{"not_picked":["Offering","Reaper","Feed"],"picked":"Berserk","floor":33},{"not_picked":["Armaments","Clash+1","Sword Boomerang"],"picked":"Anger","floor":35},{"not_picked":["Spot Weakness+1","Reckless Charge","Sword Boomerang"],"picked":"Warcry+1","floor":36},{"not_picked":["Headbutt+1","True Grit+1","Clash"],"picked":"Shockwave","floor":37},{"not_picked":["Shockwave","Heavy Blade","Dual Wield+1"],"picked":"Spot Weakness","floor":38}],"player_experience":210536,"relics_obtained":[{"floor":6,"key":"Girya"},{"floor":8,"key":"War Paint"},{"floor":9,"key":"Question Card"},{"floor":11,"key":"Pen Nib"},{"floor":26,"key":"PreservedInsect"}],"event_choices":[{"cards_removed":["Defend_R"],"damage_healed":0,"gold_gain":0,"player_choice":"Offered Basic","damage_taken":0,"max_hp_gain":0,"max_hp_loss":0,"event_name":"Bonfire Elementals","floor":2,"gold_loss":0},{"damage_healed":0,"gold_gain":75,"player_choice":"Gather Gold","damage_taken":11,"max_hp_gain":0,"max_hp_loss":0,"event_name":"World of Goop","floor":5,"gold_loss":0},{"damage_healed":0,"gold_gain":0,"player_choice":"Entered Light","damage_taken":16,"max_hp_gain":0,"max_hp_loss":0,"event_name":"Shining Light","floor":14,"gold_loss":0,"cards_upgraded":["Pommel Strike","Defend_R"]},{"damage_healed":0,"gold_gain":0,"player_choice":"Ignored","damage_taken":0,"max_hp_gain":0,"max_hp_loss":0,"event_name":"Vampires","floor":20,"gold_loss":0},{"damage_healed":0,"gold_gain":0,"player_choice":"Shed Blood","damage_taken":20,"max_hp_gain":5,"max_hp_loss":0,"event_name":"Forgotten Altar","floor":25,"gold_loss":0},{"damage_healed":0,"gold_gain":0,"player_choice":"Inject Mutagens","damage_taken":0,"relics_obtained":["MutagenicStrength"],"max_hp_gain":0,"max_hp_loss":0,"event_name":"Drug Dealer","floor":31,"gold_loss":0}],"is_beta":false,"boss_relics":[{"not_picked":["Fusion Hammer","Philosopher\u0027s Stone"],"picked":"Cursed Key"},{"not_picked":["Snecko Eye","Runic Cube"],"picked":"Lizard Tail"}],"items_purged_floors":[],"is_endless":false,"potions_floor_spawned":[8,12,19,24,29,33,36],"killed_by":"Writhing Mass","ascension_level":0}