{"gold_per_floor":[119,131,14,14,33,33,59,209,264,264,283,303,43,70,70,142,142,154,167,82,100,110,110],"floor_reached":23,"playtime":2390,"items_purged":["Doubt"],"score":406,"play_id":"add849ea-87c5-402f-ba7e-19ae4809915a","local_time":"20190723164537","is_ascension_mode":true,"campfire_choices":[{"floor":6.0,"key":"REST"},{"floor":10.0,"key":"REST"},{"data":"Neutralize","floor":15.0,"key":"SMITH"}],"neow_cost":"NONE","seed_source_timestamp":321476613941627,"circlet_count":0,"master_deck":["AscendersBane","Strike_G","Strike_G","Strike_G+1","Strike_G","Strike_G","Defend_G","Defend_G","Defend_G","Defend_G","Defend_G","Survivor","Neutralize+1","Backflip+1","Dagger Spray","Predator","Bouncing Flask","Deadly Poison","PiercingWail","Caltrops","Predator","Dodge and Roll","Backstab","Malaise","Acrobatics+1","Bouncing Flask","PiercingWail"],"special_seed":0,"relics":["Ring of the Snake","Regal Pillow","Happy Flower","Tiny Chest","PreservedInsect","Blood Vial","Snecko Eye","Bag of Preparation"],"potions_floor_usage":[16,16,19,23],"damage_taken":[{"damage":0.0,"enemies":"2 Louse","floor":1.0,"turns":5.0},{"damage":17.0,"enemies":"Jaw Worm","floor":2.0,"turns":10.0},{"damage":0.0,"enemies":"Cultist","floor":5.0,"turns":3.0},{"damage":36.0,"enemies":"Gremlin Nob","floor":7.0,"turns":4.0},{"damage":16.0,"enemies":"Red Slaver","floor":11.0,"turns":4.0},{"damage":4.0,"enemies":"Blue Slaver","floor":12.0,"turns":4.0},{"damage":4.0,"enemies":"3 Sentries","floor":14.0,"turns":6.0},{"damage":21,"enemies":"Hexaghost","floor":16,"turns":11},{"damage":7,"enemies":"Spheric Guardian","floor":18,"turns":4},{"damage":23,"enemies":"Shell Parasite","floor":19,"turns":7},{"damage":8,"enemies":"Snake Plant","floor":21,"turns":5},{"damage":6,"enemies":"Sentry and Sphere","floor":22,"turns":5},{"damage":19,"enemies":"Slavers","floor":23,"turns":3}],"seed_played":"-7259962788565158535","potions_obtained":[{"floor":5.0,"key":"Dexterity Potion"},{"floor":14.0,"key":"GamblersBrew"},{"floor":16,"key":"SteroidPotion"},{"floor":22,"key":"GamblersBrew"}],"is_trial":false,"path_per_floor":["M","M","$","?","M","R","E","?","T","R","M","M","$","E","R","B",null,"M","M","?","M","M","E"],"character_chosen":"THE_SILENT","items_purchased":["Predator","Bouncing Flask","Dodge and Roll","PreservedInsect"],"campfire_rested":2,"item_purchase_floors":[3,3,13,13],"current_hp_per_floor":[59,42,42,22,22,56,20,20,20,54,38,34,34,30,30,11,52,47,26,26,20,16,0],"gold":110,"neow_bonus":"RANDOM_COMMON_RELIC","is_prod":false,"is_daily":false,"chose_seed":false,"campfire_upgraded":1,"win_rate":0,"timestamp":1563889537,"path_taken":["M","M","$","?","M","R","E","?","T","R","M","M","$","E","R","BOSS","M","M","?","M","?","E"],"build_version":"2019-07-17","purchased_purges":1,"victory":false,"max_hp_per_floor":[66,66,66,66,66,66,66,66,66,66,66,66,66,66,66,66,66,66,66,66,66,66,66],"card_choices":[{"not_picked":["Dagger Throw","Masterful Stab"],"picked":"Backflip","floor":1.0},{"not_picked":["Distraction","Deflect"],"picked":"Dagger Spray","floor":2.0},{"not_picked":["Blade Dance","PiercingWail"],"picked":"Deadly Poison","floor":5.0},{"not_picked":["Quick Slash","Slice"],"picked":"PiercingWail","floor":7.0},{"not_picked":["Accuracy","Acrobatics"],"picked":"Caltrops","floor":11.0},{"not_picked":["Riddle With Holes","Infinite Blades"],"picked":"Predator","floor":12.0},{"not_picked":["Tactician","Acrobatics"],"picked":"Backstab","floor":14.0},{"not_picked":["Storm of Steel","Adrenaline"],"picked":"Malaise","floor":16},{"not_picked":["Flechettes","Dagger Throw"],"picked":"Acrobatics+1","floor":18},{"not_picked":["Footwork","Well Laid Plans"],"picked":"Bouncing Flask","floor":19},{"not_picked":["Quick Slash","Dagger Throw"],"picked":"PiercingWail","floor":21},{"not_picked":["Quick Slash+1","Skewer","Finisher"],"picked":"SKIP","floor":22}],"player_experience":917836,"relics_obtained":[{"floor":7.0,"key":"Happy Flower"},{"floor":9.0,"key":"Tiny Chest"},{"floor":14.0,"key":"Blood Vial"}],"event_choices":[{"damage_healed":0.0,"max_hp_gain":0.0,"max_hp_loss":0.0,"gold_gain":0.0,"event_name":"Shining Light","player_choice":"Entered Light","floor":4.0,"gold_loss":0.0,"damage_taken":20.0,"cards_upgraded":["Backflip","Strike_G"]},{"damage_healed":0.0,"max_hp_gain":0.0,"max_hp_loss":0.0,"gold_gain":150.0,"event_name":"Liars Game","player_choice":"AGREE","floor":8.0,"gold_loss":0.0,"damage_taken":0.0,"cards_obtained":["Doubt"]},{"damage_healed":0,"gold_gain":0,"player_choice":"Paid Gold","damage_taken":0,"relics_obtained":["Bag of Preparation"],"max_hp_gain":0,"max_hp_loss":0,"event_name":"WeMeetAgain","floor":20,"gold_loss":85}],"is_beta":false,"boss_relics":[{"not_picked":["Ectoplasm","Orrery"],"picked":"Snecko Eye"}],"items_purged_floors":[13],"is_endless":false,"potions_floor_spawned":[5,14,16,22],"killed_by":"Slavers","ascension_level":20}