{"gold_per_floor":[119,136,152,152,163,189,189,220,220,240,11,37,57,83,83,181,181,197,215,130,130,156,156,190,190,190,17,30,63,74,91,91,191,191,211,228,281,301,1300,1326,1341,88,88,88,38,38,38,38,38,38],"floor_reached":51,"playtime":2283,"items_purged":["Strike_R"],"score":855,"play_id":"952b519e-0886-4e4e-a8b1-2e3834d0730c","local_time":"20190715210019","is_ascension_mode":true,"campfire_choices":[{"data":"Iron Wave","floor":7,"key":"SMITH"},{"floor":15,"key":"REST"},{"data":"Uppercut","floor":23,"key":"SMITH"},{"data":"Immolate","floor":25,"key":"SMITH"},{"data":"Barricade","floor":32,"key":"SMITH"},{"floor":44,"key":"REST"},{"data":"Mayhem","floor":47,"key":"SMITH"},{"floor":49,"key":"REST"}],"neow_cost":"NONE","seed_source_timestamp":19986640264000,"circlet_count":0,"master_deck":["Bash","Brutality","Hemokinesis","Barricade+1","Second Wind","Shockwave","Iron Wave+1","Intimidate+1","True Grit+1","True Grit+1","Uppercut+1","Wild Strike","Impervious+1","Warcry+1","Armaments+1","Havoc+1","Immolate+1","Bandage Up+1","Havoc+1","Iron Wave","Wild Strike+1","Feel No Pain","Demon Form","Thunderclap","Bludgeon","Carnage","Feed","Barricade","Perfected Strike","Sentinel+1","Entrench+1","Clash+1","Clash+1","Corruption+1","Shrug It Off+1","Body Slam+1","Corruption+1","Dark Shackles+1","Chrysalis+1","Exhume+1","Mayhem+1","Master of Strategy+1","Bandage Up+1"],"relics":["Black Blood","Juzu Bracelet","Toxic Egg 2","Bird Faced Urn","Red Skull","StoneCalendar","PreservedInsect","Meat on the Bone","Red Mask","Omamori","Darkstone Periapt","Mercury Hourglass","Pandora\u0027s Box","FossilizedHelix","Anchor","Mango","Letter Opener","DollysMirror","Ornamental Fan","Gremlin Horn"],"potions_floor_usage":[8,10,14,22,33,33,36,40,41,41,50],"damage_taken":[{"damage":15,"enemies":"Jaw Worm","floor":1,"turns":3},{"damage":11,"enemies":"Cultist","floor":2,"turns":3},{"damage":5,"enemies":"2 Louse","floor":3,"turns":3},{"damage":17,"enemies":"Blue Slaver","floor":5,"turns":3},{"damage":23,"enemies":"Gremlin Nob","floor":6,"turns":4},{"damage":32,"enemies":"3 Sentries","floor":8,"turns":9},{"damage":18,"enemies":"Large Slime","floor":10,"turns":6},{"damage":8,"enemies":"Lagavulin","floor":12,"turns":8},{"damage":0,"enemies":"Looter","floor":13,"turns":3},{"damage":43,"enemies":"Gremlin Nob","floor":14,"turns":5},{"damage":24,"enemies":"The Guardian","floor":16,"turns":9},{"damage":5,"enemies":"Chosen","floor":18,"turns":5},{"damage":26,"enemies":"3 Byrds","floor":19,"turns":7},{"damage":19,"enemies":"Masked Bandits","floor":22,"turns":5},{"damage":42,"enemies":"Gremlin Leader","floor":24,"turns":9},{"damage":9,"enemies":"Snecko","floor":28,"turns":6},{"damage":21,"enemies":"Slavers","floor":29,"turns":3},{"damage":3,"enemies":"Cultist and Chosen","floor":30,"turns":7},{"damage":3,"enemies":"Shelled Parasite and Fungi","floor":31,"turns":6},{"damage":85,"enemies":"Collector","floor":33,"turns":15},{"damage":25,"enemies":"3 Shapes","floor":35,"turns":5},{"damage":7,"enemies":"Orb Walker","floor":36,"turns":2},{"damage":71,"enemies":"2 Orb Walkers","floor":37,"turns":6},{"damage":0,"enemies":"Maw","floor":38,"turns":11},{"damage":46,"enemies":"Reptomancer","floor":40,"turns":5},{"damage":11,"enemies":"Transient","floor":41,"turns":5},{"damage":25,"enemies":"Donu and Deca","floor":50,"turns":7}],"seed_played":"-8727595133778365955","potions_obtained":[{"floor":3,"key":"EssenceOfSteel"},{"floor":4,"key":"SpeedPotion"},{"floor":4,"key":"SmokeBomb"},{"floor":5,"key":"BloodPotion"},{"floor":14,"key":"LiquidBronze"},{"floor":18,"key":"BloodPotion"},{"floor":24,"key":"FearPotion"},{"floor":33,"key":"Explosive Potion"},{"floor":35,"key":"Dexterity Potion"},{"floor":38,"key":"EssenceOfSteel"},{"floor":40,"key":"Explosive Potion"}],"is_trial":false,"path_per_floor":["M","M","M","?","M","E","R","E","T","M","$","E","M","E","R","B",null,"M","M","?","?","?","R","E","R","T","$","M","E","M","M","R","B",null,"M","M","?","M","?","E","M","$","T","R","$","?","R","T","R","B",null],"character_chosen":"IRONCLAD","items_purchased":["Red Skull","BloodPotion","Bandage Up+1","Mango","Letter Opener","DollysMirror","Dark Shackles+1","Chrysalis+1","Exhume+1","BloodPotion","PowerPotion"],"campfire_rested":3,"item_purchase_floors":[11,11,27,42,42,42,42,42,42,42,45],"current_hp_per_floor":[71,66,67,67,56,39,39,13,13,21,21,21,27,10,34,16,80,80,64,64,64,57,57,39,39,39,39,62,57,70,79,79,47,80,78,84,37,57,57,41,52,66,66,96,96,86,86,86,100,100],"gold":38,"neow_bonus":"ONE_RANDOM_RARE_CARD","is_prod":false,"is_daily":false,"chose_seed":false,"campfire_upgraded":5,"win_rate":0,"timestamp":1563238819,"path_taken":["M","M","M","?","?","E","R","E","T","M","?","E","M","E","R","BOSS","M","M","?","?","?","R","E","R","T","$","M","E","M","M","R","BOSS","M","M","?","M","?","E","M","$","T","R","$","?","R","?","R","BOSS"],"build_version":"2019-07-05","purchased_purges":1,"victory":true,"max_hp_per_floor":[80,80,80,80,80,80,80,80,80,80,80,80,80,80,80,80,80,80,80,80,80,80,80,80,80,80,80,80,80,80,80,80,80,80,83,86,86,86,86,86,86,100,100,100,100,100,100,100,100,100],"card_choices":[{"not_picked":["Clothesline","Anger"],"picked":"Hemokinesis","floor":1},{"not_picked":["Armaments","Sword Boomerang"],"picked":"Barricade","floor":2},{"not_picked":["Twin Strike","Heavy Blade"],"picked":"Second Wind","floor":3},{"not_picked":["Metallicize","Cleave"],"picked":"Shockwave","floor":5},{"not_picked":["Combust","Rage"],"picked":"Iron Wave","floor":6},{"not_picked":["Dropkick","Blood for Blood"],"picked":"Intimidate","floor":8},{"not_picked":["Headbutt","Heavy Blade"],"picked":"True Grit+1","floor":10},{"not_picked":["Fire Breathing","Headbutt"],"picked":"True Grit+1","floor":12},{"not_picked":["Clothesline","Anger"],"picked":"Uppercut","floor":13},{"not_picked":["Dark Embrace","Sword Boomerang"],"picked":"Wild Strike","floor":14},{"not_picked":["Barricade","Brutality"],"picked":"Impervious+1","floor":16},{"not_picked":["Seeing Red+1","Cleave"],"picked":"Warcry+1","floor":18},{"not_picked":["Clothesline","Second Wind+1"],"picked":"Armaments+1","floor":19},{"not_picked":["Cleave","Fire Breathing"],"picked":"Havoc+1","floor":22},{"not_picked":["Rampage+1","Brutality"],"picked":"Immolate","floor":24},{"not_picked":["Cleave","Flex+1"],"picked":"Havoc+1","floor":28},{"not_picked":["Burning Pact+1","Havoc+1"],"picked":"Iron Wave","floor":29},{"not_picked":["Anger","Sever Soul+1"],"picked":"Wild Strike+1","floor":30},{"not_picked":["Iron Wave","Carnage+1"],"picked":"Feel No Pain","floor":31},{"not_picked":["Dark Embrace","Reaper"],"picked":"Demon Form","floor":33},{"not_picked":["Sever Soul","Second Wind+1","Havoc+1"],"picked":"SKIP","floor":35},{"not_picked":["Body Slam","Seeing Red+1"],"picked":"Clash+1","floor":36},{"not_picked":["Perfected Strike","Twin Strike"],"picked":"Clash+1","floor":37},{"not_picked":["Perfected Strike","Seeing Red+1"],"picked":"Corruption+1","floor":38},{"not_picked":["Rampage+1","Corruption"],"picked":"Shrug It Off+1","floor":40},{"not_picked":["Iron Wave","Clash+1"],"picked":"Body Slam+1","floor":41},{"not_picked":["Transmutation+1","Blind+1"],"picked":"Mayhem","floor":46},{"not_picked":["Sadistic Nature","Finesse+1"],"picked":"Master of Strategy+1","floor":46},{"not_picked":["Blind+1","Swift Strike"],"picked":"Bandage Up+1","floor":46}],"player_experience":1924128,"relics_obtained":[{"floor":6,"key":"Juzu Bracelet"},{"floor":8,"key":"Toxic Egg 2"},{"floor":9,"key":"Bird Faced Urn"},{"floor":12,"key":"StoneCalendar"},{"floor":14,"key":"PreservedInsect"},{"floor":22,"key":"Red Mask"},{"floor":24,"key":"Omamori"},{"floor":26,"key":"Darkstone Periapt"},{"floor":29,"key":"Mercury Hourglass"},{"floor":37,"key":"FossilizedHelix"},{"floor":40,"key":"Anchor"},{"floor":43,"key":"Ornamental Fan"},{"floor":48,"key":"Gremlin Horn"}],"event_choices":[{"damage_healed":0,"gold_gain":0,"player_choice":"Got Potions","damage_taken":0,"max_hp_gain":0,"max_hp_loss":0,"event_name":"Lab","floor":4,"gold_loss":0},{"damage_healed":0,"gold_gain":0,"player_choice":"Obtained Relic","damage_taken":0,"relics_obtained":["Meat on the Bone"],"max_hp_gain":0,"max_hp_loss":0,"event_name":"Addict","floor":20,"gold_loss":85},{"damage_healed":0,"gold_gain":0,"player_choice":"Ignored","damage_taken":0,"max_hp_gain":0,"max_hp_loss":0,"event_name":"Ghosts","floor":21,"gold_loss":0},{"damage_healed":0,"gold_gain":0,"player_choice":"Fought Bandits","damage_taken":0,"max_hp_gain":0,"max_hp_loss":0,"event_name":"Masked Bandits","floor":22,"gold_loss":0},{"damage_healed":0,"gold_gain":0,"player_choice":"Fight","damage_taken":0,"max_hp_gain":0,"max_hp_loss":0,"event_name":"Mysterious Sphere","floor":37,"gold_loss":0},{"damage_healed":0,"gold_gain":999,"player_choice":"Gold","damage_taken":0,"max_hp_gain":0,"max_hp_loss":0,"event_name":"MindBloom","floor":39,"gold_loss":0,"cards_obtained":["Normality","Normality"]},{"damage_healed":0,"gold_gain":0,"player_choice":"Memory 3","damage_taken":10,"max_hp_gain":0,"max_hp_loss":0,"event_name":"SensoryStone","floor":46,"gold_loss":0}],"is_beta":false,"boss_relics":[{"not_picked":["Snecko Eye","Runic Cube"],"picked":"Black Blood"},{"not_picked":["Mark of Pain","Runic Dome"],"picked":"Pandora\u0027s Box"}],"items_purged_floors":[27],"is_endless":false,"potions_floor_spawned":[3,5,6,14,18,24,30,33,35,38,40],"ascension_level":1}