{"gold_per_floor":[110,120,120,120,36,71,89,118,144,172,172,20,32,9,9,105,155,135,135,210,8,18,18,44,56,56,70,97,97,126,126,126,126],"floor_reached":33,"playtime":3031,"items_purged":[],"score":363,"play_id":"1d809bd2-6278-42d0-b01d-e02f0f809622","local_time":"20190708211247","is_ascension_mode":true,"campfire_choices":[{"floor":15,"key":"REST"},{"data":"Anger","floor":23,"key":"SMITH"},{"floor":29,"key":"REST"},{"data":"Blind","floor":32,"key":"SMITH"}],"neow_cost":"NONE","seed_source_timestamp":58425217461500,"circlet_count":0,"master_deck":["Strike_R+1","Strike_R+1","Strike_R+1","Strike_R+1","Defend_R+1","Defend_R+1","Defend_R+1","Defend_R+1","Bash","Iron Wave+1","Intimidate","Blind+1","Thunderclap","Ghostly Armor","Clothesline","Dropkick","Twin Strike+1","Impervious","Wild Strike","Shockwave","Anger+1","Spot Weakness","Clash","Inflame+1","Heavy Blade+1","Anger","Offering"],"relics":["Burning Blood","NeowsBlessing","Centennial Puzzle","Bag of Preparation","Pen Nib","Pantograph","Bronze Scales","Tiny House","Bag of Marbles","Dream Catcher","Whetstone","Self Forming Clay","Red Skull"],"potions_floor_usage":[8,16,16,16,22,28,33],"damage_taken":[{"damage":0,"enemies":"2 Louse","floor":1,"turns":2},{"damage":0,"enemies":"Small Slimes","floor":2,"turns":1},{"damage":0,"enemies":"3 Sentries","floor":6,"turns":1},{"damage":3,"enemies":"Jaw Worm","floor":7,"turns":3},{"damage":45,"enemies":"Lagavulin","floor":8,"turns":12},{"damage":31,"enemies":"3 Sentries","floor":10,"turns":8},{"damage":9,"enemies":"Gremlin Gang","floor":13,"turns":4},{"damage":59,"enemies":"The Guardian","floor":16,"turns":10},{"damage":11,"enemies":"2 Thieves","floor":18,"turns":4},{"damage":12,"enemies":"3 Byrds","floor":22,"turns":3},{"damage":31,"enemies":"Gremlin Leader","floor":24,"turns":5},{"damage":15,"enemies":"Snake Plant","floor":25,"turns":4},{"damage":0,"enemies":"Snecko","floor":27,"turns":2},{"damage":19,"enemies":"Book of Stabbing","floor":28,"turns":4},{"damage":18,"enemies":"Slavers","floor":30,"turns":4},{"damage":95,"enemies":"Collector","floor":33,"turns":6}],"seed_played":"-5561170979421747598","potions_obtained":[{"floor":2,"key":"LiquidBronze"},{"floor":7,"key":"SkillPotion"},{"floor":10,"key":"SpeedPotion"},{"floor":13,"key":"Block Potion"},{"floor":17,"key":"Poison Potion"},{"floor":18,"key":"Swift Potion"},{"floor":30,"key":"Dexterity Potion"}],"is_trial":false,"path_per_floor":["M","M","?","?","$","E","M","E","T","E","?","$","M","?","R","B",null,"M","?","?","$","M","R","E","M","T","M","E","R","E","?","R","B"],"character_chosen":"IRONCLAD","items_purchased":["Blind","Bronze Scales","Bag of Marbles","Anger"],"campfire_rested":2,"item_purchase_floors":[5,12,21,21],"current_hp_per_floor":[80,80,80,85,85,85,85,46,46,21,21,21,18,18,43,15,90,85,85,76,76,70,70,45,36,36,42,29,56,44,44,44,0],"gold":126,"neow_bonus":"THREE_ENEMY_KILL","is_prod":false,"is_daily":false,"chose_seed":false,"campfire_upgraded":2,"win_rate":0,"timestamp":1562638367,"path_taken":["M","M","?","?","?","E","?","E","T","E","?","?","M","?","R","BOSS","M","?","?","$","M","R","E","?","T","M","E","R","E","?","R","BOSS"],"build_version":"2019-07-05","purchased_purges":0,"victory":false,"max_hp_per_floor":[80,80,80,85,85,85,85,85,85,85,85,85,85,85,85,85,90,90,90,90,90,90,90,90,90,90,90,90,90,90,90,90,90],"card_choices":[{"not_picked":["Clash","Sever Soul"],"picked":"Iron Wave","floor":1},{"not_picked":["Rage","Seeing Red"],"picked":"Intimidate","floor":2},{"not_picked":["Sword Boomerang","Flex"],"picked":"Thunderclap","floor":6},{"not_picked":["Power Through","True Grit"],"picked":"Ghostly Armor","floor":7},{"not_picked":["Warcry","Disarm"],"picked":"Clothesline","floor":8},{"not_picked":["Barricade","Reckless Charge"],"picked":"Dropkick","floor":10},{"not_picked":["True Grit","Thunderclap"],"picked":"Twin Strike","floor":13},{"not_picked":["Barricade","Double Tap"],"picked":"Impervious","floor":16},{"not_picked":["Pommel Strike","Clothesline"],"picked":"Wild Strike","floor":17},{"not_picked":["Armaments+1","Hemokinesis"],"picked":"Shockwave","floor":18},{"not_picked":["Pommel Strike","Flame Barrier"],"picked":"Spot Weakness","floor":22},{"not_picked":["Flex","Evolve+1"],"picked":"Clash","floor":24},{"not_picked":["Metallicize","Disarm"],"picked":"Inflame+1","floor":25},{"not_picked":["Brutality","Perfected Strike","Metallicize"],"picked":"SKIP","floor":27},{"not_picked":["Clothesline","Shockwave"],"picked":"Heavy Blade+1","floor":28},{"not_picked":["Juggernaut","Armaments"],"picked":"Anger","floor":29},{"not_picked":["Intimidate","Ghostly Armor"],"picked":"Offering","floor":30}],"player_experience":70747,"relics_obtained":[{"floor":6,"key":"Centennial Puzzle"},{"floor":8,"key":"Bag of Preparation"},{"floor":9,"key":"Pen Nib"},{"floor":10,"key":"Pantograph"},{"floor":24,"key":"Dream Catcher"},{"floor":26,"key":"Whetstone"},{"floor":28,"key":"Self Forming Clay"},{"floor":30,"key":"Red Skull"}],"event_choices":[{"damage_healed":0,"gold_gain":0,"player_choice":"Leave","damage_taken":0,"max_hp_gain":0,"max_hp_loss":0,"event_name":"The Cleric","floor":3,"gold_loss":0},{"damage_healed":0,"gold_gain":0,"player_choice":"Donut","damage_taken":0,"max_hp_gain":5,"max_hp_loss":0,"event_name":"Big Fish","floor":4,"gold_loss":0},{"cards_removed":["Strike_R"],"damage_healed":0,"gold_gain":0,"player_choice":"Purged","damage_taken":0,"max_hp_gain":0,"max_hp_loss":0,"event_name":"Purifier","floor":11,"gold_loss":0},{"damage_healed":0,"gold_gain":0,"player_choice":"Left Gold","damage_taken":0,"max_hp_gain":0,"max_hp_loss":0,"event_name":"World of Goop","floor":14,"gold_loss":23},{"damage_healed":0,"gold_gain":0,"player_choice":"Simplicity","damage_taken":0,"max_hp_gain":0,"max_hp_loss":0,"event_name":"Back to Basics","floor":19,"gold_loss":0,"cards_upgraded":["Strike_R","Strike_R","Strike_R","Strike_R","Defend_R","Defend_R","Defend_R"]},{"damage_healed":0,"gold_gain":75,"player_choice":"Touch","damage_taken":9,"max_hp_gain":0,"max_hp_loss":0,"event_name":"FaceTrader","floor":20,"gold_loss":0},{"damage_healed":0,"gold_gain":0,"player_choice":"Ignored","damage_taken":0,"max_hp_gain":0,"max_hp_loss":0,"event_name":"Vampires","floor":31,"gold_loss":0}],"is_beta":false,"boss_relics":[{"not_picked":["Coffee Dripper","Eternal Feather"],"picked":"Tiny House"}],"items_purged_floors":[],"is_endless":false,"potions_floor_spawned":[2,7,10,13,18,30],"killed_by":"Collector","ascension_level":1}