{"gold_per_floor":[118,118,0,16,16,16,16,34,34,52,52,13,38,38],"floor_reached":14,"playtime":293,"items_purged":["Strike_B"],"score":176,"play_id":"3d70d699-c223-4107-9e59-da0e423ed750","local_time":"20190531222645","is_ascension_mode":true,"campfire_choices":[{"data":"Consume","floor":6.0,"key":"SMITH"},{"data":"Coolheaded","floor":11.0,"key":"SMITH"}],"neow_cost":"TEN_PERCENT_HP_LOSS","seed_source_timestamp":100850337141016,"circlet_count":0,"master_deck":["AscendersBane","Strike_B","Defend_B","Defend_B","Defend_B","Defend_B","Zap+1","Dualcast","Reprogram","Double Energy","Fusion+1","Consume+1","Conserve Battery","Chill","Coolheaded+1","Defragment","Tempest"],"special_seed":0,"relics":["Cracked Core","Sundial","Darkstone Periapt"],"potions_floor_usage":[],"damage_taken":[{"damage":8.0,"enemies":"2 Louse","floor":1.0,"turns":3.0},{"damage":6.0,"enemies":"Cultist","floor":4.0,"turns":4.0},{"damage":14.0,"enemies":"Small Slimes","floor":8.0,"turns":4.0},{"damage":10.0,"enemies":"3 Louse","floor":10.0,"turns":3.0},{"damage":40,"enemies":"3 Sentries","floor":13,"turns":11},{"damage":0,"enemies":"Exordium Wildlife","floor":14,"turns":2}],"seed_played":"8746898237537314991","potions_obtained":[{"floor":1.0,"key":"Block Potion"},{"floor":4.0,"key":"FairyPotion"}],"is_trial":false,"path_per_floor":["M","?","$","M","?","R","?","M","T","M","R","$","E","M"],"character_chosen":"DEFECT","items_purchased":["Consume","Defragment"],"campfire_rested":0,"item_purchase_floors":[3,12],"current_hp_per_floor":[56,56,56,50,50,50,50,36,36,26,26,26,1,1],"gold":38,"neow_bonus":"TRANSFORM_TWO_CARDS","is_prod":false,"is_daily":false,"chose_seed":false,"campfire_upgraded":2,"win_rate":0,"timestamp":1559312805,"path_taken":["M","?","?","M","?","R","?","?","T","M","R","?","E","M"],"build_version":"2019-01-23","purchased_purges":1,"victory":false,"max_hp_per_floor":[64,64,64,64,64,64,64,64,64,64,64,64,64,64],"card_choices":[{"not_picked":["Doom and Gloom","Go for the Eyes"],"picked":"Fusion","floor":1.0},{"not_picked":["Steam","Genetic Algorithm"],"picked":"Conserve Battery","floor":4.0},{"not_picked":["Scrape","Static Discharge"],"picked":"Chill","floor":8.0},{"not_picked":["Gash","Streamline"],"picked":"Coolheaded","floor":10.0},{"not_picked":["Hologram","Scrape"],"picked":"Tempest","floor":13}],"player_experience":1810166,"relics_obtained":[{"floor":9.0,"key":"Sundial"},{"floor":13,"key":"Darkstone Periapt"}],"event_choices":[{"damage_healed":0.0,"max_hp_gain":0.0,"max_hp_loss":0.0,"gold_gain":0.0,"event_name":"Upgrade Shrine","player_choice":"Upgraded","floor":2.0,"gold_loss":0.0,"damage_taken":0.0,"cards_upgraded":["Fusion"]},{"damage_healed":0.0,"max_hp_gain":0.0,"max_hp_loss":0.0,"gold_gain":0.0,"event_name":"The Cleric","player_choice":"Leave","floor":5.0,"gold_loss":0.0,"damage_taken":0.0},{"damage_healed":0.0,"max_hp_gain":0.0,"max_hp_loss":0.0,"gold_gain":0.0,"event_name":"Living Wall","player_choice":"Grow","floor":7.0,"gold_loss":0.0,"damage_taken":0.0,"cards_upgraded":["Zap"]}],"is_beta":false,"boss_relics":[],"items_purged_floors":[3],"is_endless":false,"potions_floor_spawned":[1,4],"killed_by":"Exordium Wildlife","ascension_level":20}