{"gold_per_floor":[113,113,27,41,41,75,75,89,89,89,106,121,154,167,167,263,263,281,281,3,17,17,50,64,93,93,0,0,17,17,17,17,17],"floor_reached":33,"playtime":3666,"items_purged":[],"score":295,"play_id":"79b09912-e959-424e-89fa-8ad29999503f","local_time":"20190708032446","is_ascension_mode":false,"campfire_choices":[{"data":"Sucker Punch","floor":7,"key":"SMITH"},{"floor":10,"key":"REST"},{"data":"Night Terror","floor":15,"key":"SMITH"},{"floor":28,"key":"REST"},{"floor":32,"key":"REST"}],"neow_cost":"NONE","seed_source_timestamp":1556890846476600,"circlet_count":0,"master_deck":["Strike_G","Strike_G","Strike_G","Strike_G","Strike_G+1","Defend_G","Defend_G","Defend_G","Defend_G","Survivor","Neutralize","Sucker Punch+1","Heel Hook","Poisoned Stab","Finisher","Flying Knee","Dodge and Roll","Blade Dance","Night Terror+1","Poisoned Stab","Adrenaline","Skewer","Dash+1","Poisoned Stab","RitualDagger","Distraction","Quick Slash","Quick Slash"],"relics":["Ring of the Snake","Boot","Bag of Marbles","Darkstone Periapt","Bottled Flame","Busted Crown","Juzu Bracelet","Whetstone","Anchor","Tingsha"],"potions_floor_usage":[14,14,21,23,24,25],"damage_taken":[{"damage":0,"enemies":"Small Slimes","floor":1,"turns":5},{"damage":0,"enemies":"Cultist","floor":4,"turns":3},{"damage":19,"enemies":"Lagavulin","floor":6,"turns":9},{"damage":0,"enemies":"Jaw Worm","floor":8,"turns":2},{"damage":0,"enemies":"Exordium Thugs","floor":11,"turns":3},{"damage":2,"enemies":"Large Slime","floor":12,"turns":6},{"damage":9,"enemies":"Gremlin Nob","floor":13,"turns":4},{"damage":2,"enemies":"2 Fungi Beasts","floor":14,"turns":2},{"damage":65,"enemies":"The Guardian","floor":16,"turns":13},{"damage":5,"enemies":"3 Byrds","floor":18,"turns":5},{"damage":2,"enemies":"Spheric Guardian","floor":21,"turns":3},{"damage":14,"enemies":"Gremlin Leader","floor":23,"turns":4},{"damage":9,"enemies":"Snake Plant","floor":24,"turns":3},{"damage":22,"enemies":"Book of Stabbing","floor":25,"turns":5},{"damage":18,"enemies":"Centurion and Healer","floor":29,"turns":4},{"damage":58,"enemies":"Champ","floor":33,"turns":7}],"seed_played":"-6581875887877159497","potions_obtained":[{"floor":4,"key":"FairyPotion"},{"floor":6,"key":"Regen Potion"},{"floor":16,"key":"Strength Potion"},{"floor":21,"key":"Weak Potion"},{"floor":24,"key":"Explosive Potion"}],"is_trial":false,"path_per_floor":["M","?","$","M","T","E","R","M","T","R","M","M","E","M","R","B",null,"M","?","$","M","?","E","M","E","T","?","R","M","?","?","R","B"],"character_chosen":"THE_SILENT","items_purchased":["Heel Hook","Energy Potion","Juzu Bracelet","Energy Potion","Dash"],"campfire_rested":3,"item_purchase_floors":[3,3,20,20,20],"current_hp_per_floor":[77,77,77,77,77,58,58,58,58,77,77,75,66,69,69,4,77,72,58,58,56,50,36,27,5,5,5,29,11,11,11,35,0],"gold":17,"neow_bonus":"TEN_PERCENT_HP_BONUS","is_prod":false,"is_daily":false,"chose_seed":false,"campfire_upgraded":2,"win_rate":0.0,"timestamp":1562574286,"path_taken":["M","?","?","M","?","E","R","M","T","R","M","M","E","?","R","BOSS","M","?","$","M","?","E","M","E","T","?","R","M","?","?","R","BOSS"],"build_version":"2019-07-05","purchased_purges":0,"victory":false,"max_hp_per_floor":[77,77,77,77,77,77,77,77,77,77,77,77,77,77,77,77,77,77,82,82,82,82,82,82,82,82,82,82,82,82,82,82,82],"card_choices":[{"not_picked":["Flying Knee","Calculated Gamble"],"picked":"Sucker Punch","floor":1},{"not_picked":["Terror","Backflip"],"picked":"Poisoned Stab","floor":4},{"not_picked":["Expertise","Tactician"],"picked":"Finisher","floor":6},{"not_picked":["Expertise","Acrobatics"],"picked":"Flying Knee","floor":8},{"not_picked":["Envenom","Heel Hook"],"picked":"Dodge and Roll","floor":11},{"not_picked":["Backstab","Infinite Blades"],"picked":"Blade Dance","floor":12},{"not_picked":["Choke","Riddle With Holes"],"picked":"Night Terror","floor":13},{"not_picked":["Expertise","Eviscerate"],"picked":"Poisoned Stab","floor":14},{"not_picked":["Bullet Time","Wraith Form v2"],"picked":"Adrenaline","floor":16},{"not_picked":[],"picked":"Skewer","floor":18},{"not_picked":[],"picked":"Poisoned Stab","floor":21},{"not_picked":[],"picked":"Distraction","floor":23},{"not_picked":[],"picked":"Quick Slash","floor":24},{"not_picked":["Reflex"],"picked":"SKIP","floor":25},{"not_picked":[],"picked":"Quick Slash","floor":29}],"player_experience":57568,"relics_obtained":[{"floor":5,"key":"Boot"},{"floor":6,"key":"Bag of Marbles"},{"floor":9,"key":"Darkstone Periapt"},{"floor":13,"key":"Bottled Flame"},{"floor":23,"key":"Whetstone"},{"floor":25,"key":"Anchor"},{"floor":26,"key":"Tingsha"}],"event_choices":[{"cards_removed":["Defend_G"],"damage_healed":0,"gold_gain":0,"player_choice":"Purged","damage_taken":0,"max_hp_gain":0,"max_hp_loss":0,"event_name":"Purifier","floor":2,"gold_loss":0},{"damage_healed":0,"gold_gain":0,"player_choice":"Shed Blood","damage_taken":19,"max_hp_gain":5,"max_hp_loss":0,"event_name":"Forgotten Altar","floor":19,"gold_loss":0},{"damage_healed":0,"gold_gain":0,"player_choice":"Joined the Cult","damage_taken":6,"max_hp_gain":0,"max_hp_loss":0,"event_name":"Nest","floor":22,"gold_loss":0,"cards_obtained":["RitualDagger"]},{"damage_healed":0,"gold_gain":0,"player_choice":"Paid Fearfully","damage_taken":0,"max_hp_gain":0,"max_hp_loss":0,"event_name":"Masked Bandits","floor":27,"gold_loss":93},{"damage_healed":0,"gold_gain":0,"player_choice":"Ignored","damage_taken":0,"max_hp_gain":0,"max_hp_loss":0,"event_name":"Ghosts","floor":30,"gold_loss":0},{"damage_healed":0,"gold_gain":0,"player_choice":"Ignored","damage_taken":0,"max_hp_gain":0,"max_hp_loss":0,"event_name":"Vampires","floor":31,"gold_loss":0}],"is_beta":false,"boss_relics":[{"not_picked":["Eternal Feather","WristBlade"],"picked":"Busted Crown"}],"items_purged_floors":[],"is_endless":false,"potions_floor_spawned":[4,6,8,13,16,21,24],"killed_by":"Champ","ascension_level":0}