{"gold_per_floor":[110,128,53,103,116,116,144,164,164,183,203,220,220,232,232,307,307,321,221,233,245,120,120,300,317,369,469,209,209,224,243,243,315,315,333,333,109,109,109,137,137,164,176,188,215,227,273,299,311,323,335,347,359,54,81,81],"floor_reached":57,"playtime":3138,"items_purged":["Strike_R","Bash","True Grit"],"score":3238,"play_id":"91a5909f-6241-4359-8548-161b47748a4b","local_time":"20190529193650","is_ascension_mode":true,"campfire_choices":[{"data":"Rampage","floor":6.0,"key":"SMITH"},{"data":"Armaments","floor":15.0,"key":"SMITH"},{"data":"Battle Trance","floor":23.0,"key":"SMITH"},{"data":"Burning Pact","floor":29.0,"key":"SMITH"},{"data":"Entrench","floor":32.0,"key":"SMITH"},{"data":"Barricade","floor":41.0,"key":"SMITH"},{"floor":44.0,"key":"RECALL"},{"data":"True Grit","floor":49.0,"key":"SMITH"},{"data":"Shrug It Off","floor":53.0,"key":"SMITH"}],"neow_cost":"PERCENT_DAMAGE","seed_source_timestamp":345674303250073,"circlet_count":0,"master_deck":["AscendersBane","Feed+1","Body Slam+1","Rampage+1","Battle Trance+1","Armaments+1","True Grit+1","Impervious","Berserk","Bloodletting","Burning Pact+1","Barricade+1","Power Through","Shrug It Off+1","Entrench+1","Second Wind","Evolve","AscendersBane"],"special_seed":0,"relics":["Burning Blood","Vajra","Matryoshka","Pandora\u0027s Box","Smiling Mask","Red Skull","FossilizedHelix","Mercury Hourglass","Anchor","Busted Crown","ClockworkSouvenir","Whetstone","MawBank","Gremlin Horn","Strawberry","DollysMirror","Art of War"],"potions_floor_usage":[56],"damage_taken":[{"damage":8.0,"enemies":"Cultist","floor":1.0,"turns":5.0},{"damage":14.0,"enemies":"2 Louse","floor":2.0,"turns":3.0},{"damage":14.0,"enemies":"Small Slimes","floor":5.0,"turns":4.0},{"damage":34.0,"enemies":"Lagavulin","floor":7.0,"turns":7.0},{"damage":4.0,"enemies":"Red Slaver","floor":8.0,"turns":3.0},{"damage":5.0,"enemies":"2 Fungi Beasts","floor":10.0,"turns":5.0},{"damage":2.0,"enemies":"Looter","floor":11.0,"turns":5.0},{"damage":27.0,"enemies":"Large Slime","floor":12.0,"turns":8.0},{"damage":0.0,"enemies":"2 Fungi Beasts","floor":14.0,"turns":3.0},{"damage":27.0,"enemies":"Slime Boss","floor":16.0,"turns":9.0},{"damage":0.0,"enemies":"Spheric Guardian","floor":18.0,"turns":5.0},{"damage":29.0,"enemies":"Shell Parasite","floor":20.0,"turns":7.0},{"damage":11.0,"enemies":"Snake Plant","floor":21.0,"turns":6.0},{"damage":4.0,"enemies":"Chosen and Byrds","floor":25.0,"turns":8.0},{"damage":0.0,"enemies":"Colosseum Slavers","floor":27.0,"turns":8.0},{"damage":6.0,"enemies":"Colosseum Nobs","floor":27.0,"turns":5.0},{"damage":0.0,"enemies":"Centurion and Healer","floor":30.0,"turns":5.0},{"damage":0.0,"enemies":"Snake Plant","floor":31.0,"turns":7.0},{"damage":0.0,"enemies":"Collector","floor":33.0,"turns":10.0},{"damage":0.0,"enemies":"Orb Walker","floor":35.0,"turns":5.0},{"damage":0.0,"enemies":"Nemesis","floor":40.0,"turns":7.0},{"damage":78.0,"enemies":"Reptomancer","floor":42.0,"turns":10.0},{"damage":0.0,"enemies":"3 Shapes","floor":45.0,"turns":3.0},{"damage":0.0,"enemies":"Nemesis","floor":47.0,"turns":11.0},{"damage":0.0,"enemies":"Maw","floor":48.0,"turns":5.0},{"damage":0.0,"enemies":"Donu and Deca","floor":50.0,"turns":15.0},{"damage":0.0,"enemies":"Time Eater","floor":51.0,"turns":9.0},{"damage":47,"enemies":"Shield and Spear","floor":55,"turns":7},{"damage":78,"enemies":"The Heart","floor":56,"turns":15}],"seed_played":"-5004976541116592561","potions_obtained":[{"floor":1.0,"key":"FearPotion"},{"floor":2.0,"key":"Energy Potion"},{"floor":8.0,"key":"SkillPotion"},{"floor":10.0,"key":"Strength Potion"},{"floor":12.0,"key":"SpeedPotion"},{"floor":13.0,"key":"AttackPotion"},{"floor":21.0,"key":"SteroidPotion"},{"floor":27.0,"key":"Ancient Potion"}],"is_trial":false,"path_per_floor":["M","M","$","?","M","R","E","M","T","M","M","M","?","M","R","B",null,"M","$","M","M","$","R","?","M","T","?","$","R","M","M","R","B",null,"M","?","$","?","?","E","R","E","T","R","M","?","E","M","R","B","B",null,"R","$","E","B",null],"character_chosen":"IRONCLAD","items_purchased":["Entrench","Anchor","SpeedPotion","ClockworkSouvenir","Evolve","DollysMirror"],"campfire_rested":0,"item_purchase_floors":[28,28,28,37,54,54],"current_hp_per_floor":[51,46,46,46,41,41,16,21,21,25,32,15,15,25,25,8,83,92,92,73,72,72,72,39,41,41,55,55,55,65,71,71,81,122,132,132,132,132,122,128,128,56,56,56,66,66,79,89,89,99,109,144,144,144,107,39],"gold":81,"neow_bonus":"THREE_RARE_CARDS","is_prod":false,"is_daily":false,"chose_seed":false,"campfire_upgraded":8,"win_rate":0,"timestamp":1559129810,"path_taken":["M","?","$","?","M","R","E","M","T","?","M","M","?","M","R","BOSS","M","$","M","M","?","R","?","?","T","?","$","R","M","M","R","BOSS","M","?","$","?","?","E","R","E","T","R","M","?","E","?","R","BOSS","BOSS","R","$","E","BOSS"],"build_version":"2019-01-23","purchased_purges":3,"victory":true,"max_hp_per_floor":[78,81,81,81,84,84,87,90,90,93,96,100,100,104,104,108,108,111,111,115,119,119,119,119,119,119,127,127,127,131,131,131,135,135,139,139,139,132,132,132,132,132,132,132,136,136,143,147,147,151,155,155,155,155,159,163],"card_choices":[{"not_picked":["Impervious","Fiend Fire"],"picked":"Feed","floor":0.0},{"not_picked":["Feel No Pain","Perfected Strike"],"picked":"Body Slam","floor":1.0},{"not_picked":["Clash","Seeing Red","Wild Strike"],"picked":"SKIP","floor":2.0},{"not_picked":["Perfected Strike","Twin Strike"],"picked":"Rampage","floor":5.0},{"not_picked":["Pommel Strike","True Grit"],"picked":"Battle Trance","floor":7.0},{"not_picked":["Pommel Strike","Clothesline"],"picked":"Armaments","floor":8.0},{"not_picked":["Headbutt","Heavy Blade"],"picked":"True Grit","floor":10.0},{"not_picked":["Flame Barrier","Metallicize","Iron Wave"],"picked":"SKIP","floor":11.0},{"not_picked":["Berserk","True Grit","Shrug It Off"],"picked":"SKIP","floor":12.0},{"not_picked":["Flex","Anger","Headbutt"],"picked":"SKIP","floor":14.0},{"not_picked":["Double Tap","Feed"],"picked":"Impervious","floor":16.0},{"not_picked":["Sword Boomerang","Cleave","Clothesline"],"picked":"SKIP","floor":18.0},{"not_picked":["Flame Barrier","Rupture","Power Through"],"picked":"SKIP","floor":20.0},{"not_picked":["Thunderclap","Iron Wave","Sword Boomerang"],"picked":"SKIP","floor":21.0},{"not_picked":["Hemokinesis","Warcry+1","Rupture"],"picked":"SKIP","floor":25.0},{"not_picked":["Sword Boomerang","Cleave","Blood for Blood"],"picked":"SKIP","floor":30.0},{"not_picked":["Whirlwind","Shockwave","Headbutt"],"picked":"SKIP","floor":31.0},{"not_picked":["Clothesline"],"picked":"SKIP","floor":35.0},{"not_picked":["Rupture+1"],"picked":"SKIP","floor":40.0},{"not_picked":["Blood for Blood+1"],"picked":"SKIP","floor":42.0},{"not_picked":["Bloodletting"],"picked":"SKIP","floor":45.0},{"not_picked":["Wild Strike"],"picked":"SKIP","floor":47.0},{"not_picked":["Cleave+1"],"picked":"SKIP","floor":48.0},{"not_picked":["Rampage"],"picked":"SKIP","floor":55}],"player_experience":1791550,"relics_obtained":[{"floor":7.0,"key":"Vajra"},{"floor":9.0,"key":"Matryoshka"},{"floor":26.0,"key":"Smiling Mask"},{"floor":26.0,"key":"Red Skull"},{"floor":27.0,"key":"FossilizedHelix"},{"floor":27.0,"key":"Mercury Hourglass"},{"floor":40.0,"key":"Whetstone"},{"floor":42.0,"key":"MawBank"},{"floor":43.0,"key":"Gremlin Horn"},{"floor":47.0,"key":"Strawberry"},{"floor":55,"key":"Art of War"}],"event_choices":[{"damage_healed":0.0,"max_hp_gain":0.0,"max_hp_loss":0.0,"gold_gain":50.0,"event_name":"Golden Shrine","player_choice":"Pray","floor":4.0,"gold_loss":0.0,"damage_taken":0.0},{"damage_healed":0.0,"max_hp_gain":0.0,"max_hp_loss":0.0,"gold_gain":0.0,"event_name":"Lab","player_choice":"Got Potions","floor":13.0,"gold_loss":0.0,"damage_taken":0.0},{"damage_healed":0.0,"max_hp_gain":0.0,"max_hp_loss":0.0,"gold_gain":180.0,"event_name":"Knowing Skull","player_choice":"GOLD GOLD ","floor":24.0,"potions_obtained":[],"gold_loss":0.0,"damage_taken":33.0,"cards_obtained":[]},{"damage_healed":0.0,"max_hp_gain":0.0,"max_hp_loss":0.0,"gold_gain":0.0,"event_name":"Colosseum","player_choice":"Fight","floor":27.0,"gold_loss":0.0,"damage_taken":0.0},{"damage_healed":0.0,"max_hp_gain":0.0,"max_hp_loss":0.0,"gold_gain":0.0,"event_name":"Colosseum","player_choice":"Fought Nobs","floor":27.0,"gold_loss":0.0,"damage_taken":0.0},{"damage_healed":0.0,"max_hp_gain":0.0,"max_hp_loss":0.0,"gold_gain":0.0,"event_name":"Mysterious Sphere","player_choice":"Ignored","floor":36.0,"gold_loss":0.0,"damage_taken":0.0},{"damage_healed":0.0,"max_hp_gain":0.0,"max_hp_loss":7.0,"gold_gain":0.0,"event_name":"Winding Halls","player_choice":"Max HP","floor":38.0,"gold_loss":0.0,"damage_taken":0.0},{"damage_healed":0.0,"max_hp_gain":0.0,"max_hp_loss":0.0,"gold_gain":0.0,"event_name":"SensoryStone","player_choice":"Memory 3","floor":39.0,"gold_loss":0.0,"damage_taken":10.0},{"damage_healed":0.0,"max_hp_gain":0.0,"max_hp_loss":0.0,"gold_gain":0.0,"cards_transformed":["Warcry"],"event_name":"Transmorgrifier","player_choice":"Transformed","floor":46.0,"gold_loss":0.0,"damage_taken":0.0,"cards_obtained":["Second Wind"]}],"is_beta":false,"boss_relics":[{"not_picked":["Orrery","Lizard Tail"],"picked":"Pandora\u0027s Box"},{"not_picked":["Tiny House","Sozu"],"picked":"Busted Crown"}],"items_purged_floors":[3,19,22],"is_endless":false,"potions_floor_spawned":[1,2,8,10,12,21,27,40,47,55],"ascension_level":20}