{"gold_per_floor":[118,133,58,58,58,92,104,104,104,104,124,155,155,186,186,263,263,282,301,301,226,151,176,176,176,203,203,215,215,140,150,150,226,226,244,294,194,239,539,567,581,581,659,659,672,324,335,363,363,363,363,363,363,50,76,76],"floor_reached":57,"playtime":1515,"items_purged":["Defend_G","Unload+1","Bane+1","Defend_G+1"],"score":3438,"play_id":"c3a86c9f-8c3e-437e-97e5-f91552a4b962","local_time":"20190619051135","is_ascension_mode":true,"campfire_choices":[{"data":"Flechettes","floor":8.0,"key":"SMITH"},{"data":"Bouncing Flask","floor":10.0,"key":"SMITH"},{"data":"Acrobatics","floor":13.0,"key":"SMITH"},{"data":"Escape Plan","floor":15.0,"key":"SMITH"},{"data":"Concentrate","floor":25.0,"key":"SMITH"},{"data":"Grand Finale","floor":29.0,"key":"SMITH"},{"floor":32.0,"key":"RECALL"},{"floor":42,"key":"REST"},{"data":"Survivor","floor":44,"key":"SMITH"},{"data":"Defend_G","floor":49,"key":"SMITH"},{"floor":53,"key":"REST"}],"neow_cost":"NONE","seed_source_timestamp":1430608419840198,"circlet_count":0,"master_deck":["AscendersBane","Survivor+1","Neutralize+1","Backflip+1","Acrobatics+1","Escape Plan+1","Concentrate+1","Grand Finale+1","A Thousand Cuts+1","Heel Hook+1","Madness"],"special_seed":0,"relics":["Ring of the Snake","NeowsBlessing","Bag of Preparation","Frozen Egg 2","Whetstone","Dodecahedron","Empty Cage","Bottled Lightning","Du-Vu Doll","Bronze Scales","Astrolabe","Thread and Needle","Molten Egg 2","PrismaticShard","Ancient Tea Set","Oddly Smooth Stone"],"potions_floor_usage":[40,56,56],"damage_taken":[{"damage":0.0,"enemies":"Small Slimes","floor":1.0,"turns":1.0},{"damage":0.0,"enemies":"Cultist","floor":2.0,"turns":1.0},{"damage":0.0,"enemies":"Gremlin Nob","floor":6.0,"turns":1.0},{"damage":0.0,"enemies":"Jaw Worm","floor":7.0,"turns":3.0},{"damage":4.0,"enemies":"Blue Slaver","floor":11.0,"turns":3.0},{"damage":7.0,"enemies":"Lagavulin","floor":12.0,"turns":5.0},{"damage":7.0,"enemies":"3 Sentries","floor":14.0,"turns":9.0},{"damage":14.0,"enemies":"Slime Boss","floor":16.0,"turns":8.0},{"damage":8.0,"enemies":"Shell Parasite","floor":18.0,"turns":3.0},{"damage":0.0,"enemies":"Spheric Guardian","floor":19.0,"turns":3.0},{"damage":26.0,"enemies":"Slavers","floor":23.0,"turns":5.0},{"damage":0.0,"enemies":"Shelled Parasite and Fungi","floor":28.0,"turns":2.0},{"damage":0.0,"enemies":"Chosen and Byrds","floor":31.0,"turns":2.0},{"damage":0.0,"enemies":"Automaton","floor":33.0,"turns":3.0},{"damage":0,"enemies":"3 Darklings","floor":35,"turns":1},{"damage":0,"enemies":"2 Orb Walkers","floor":38,"turns":1},{"damage":0,"enemies":"Nemesis","floor":40,"turns":3},{"damage":0,"enemies":"Orb Walker","floor":41,"turns":1},{"damage":0,"enemies":"Jaw Worm Horde","floor":45,"turns":1},{"damage":0,"enemies":"Spire Growth","floor":47,"turns":1},{"damage":0,"enemies":"Reptomancer","floor":48,"turns":1},{"damage":0,"enemies":"Donu and Deca","floor":50,"turns":1},{"damage":0,"enemies":"Awakened One","floor":51,"turns":3},{"damage":0,"enemies":"Shield and Spear","floor":55,"turns":1},{"damage":31,"enemies":"The Heart","floor":56,"turns":5}],"seed_played":"-5839977892745192326","potions_obtained":[{"floor":1.0,"key":"Fire Potion"},{"floor":5.0,"key":"Swift Potion"},{"floor":19.0,"key":"EssenceOfSteel"},{"floor":23.0,"key":"FearPotion"},{"floor":35,"key":"Swift Potion"},{"floor":45,"key":"LiquidBronze"}],"is_trial":false,"path_per_floor":["M","M","?","?","?","E","M","R","T","R","M","E","R","E","R","B",null,"M","M","?","?","$","E","T","R","T","?","M","R","?","M","R","B",null,"M","?","$","?","?","E","M","R","T","R","M","$","M","E","R","B","B",null,"R","$","E","B",null],"character_chosen":"THE_SILENT","items_purchased":["PrismaticShard","Madness","Block Potion"],"campfire_rested":2,"item_purchase_floors":[46,54,54],"current_hp_per_floor":[59,59,59,52,52,52,52,52,52,52,48,41,41,34,34,20,55,47,47,47,47,47,21,21,21,21,21,21,21,21,21,21,21,55,55,55,55,55,55,55,55,66,66,66,66,66,66,66,66,66,66,66,66,66,66,35],"gold":76,"neow_bonus":"THREE_ENEMY_KILL","is_prod":false,"is_daily":false,"chose_seed":false,"campfire_upgraded":8,"win_rate":0,"timestamp":1560892295,"path_taken":["M","M","?","?","?","E","M","R","T","R","?","E","R","E","R","BOSS","M","M","?","?","$","E","?","R","T","?","?","R","?","M","R","BOSS","M","?","?","?","?","E","M","R","T","R","?","$","M","E","R","BOSS","BOSS","R","$","E","BOSS"],"build_version":"2019-01-23","purchased_purges":4,"victory":true,"max_hp_per_floor":[66,66,66,66,66,66,66,66,66,66,66,66,66,66,66,66,66,66,66,66,66,66,66,66,66,66,66,66,66,66,66,66,66,66,66,66,66,66,66,66,66,66,66,66,66,66,66,66,66,66,66,66,66,66,66,66],"card_choices":[{"not_picked":["Masterful Stab","Deflect","Acrobatics"],"picked":"SKIP","floor":1.0},{"not_picked":["Poisoned Stab","Quick Slash"],"picked":"Bouncing Flask","floor":2.0},{"not_picked":["Dagger Throw","Backflip"],"picked":"Flechettes","floor":6.0},{"not_picked":["Leg Sweep","Underhanded Strike","Dagger Spray"],"picked":"SKIP","floor":7.0},{"not_picked":["Riddle With Holes","Slice"],"picked":"Backflip","floor":11.0},{"not_picked":["Leg Sweep","Cloak And Dagger"],"picked":"Acrobatics","floor":12.0},{"not_picked":["Caltrops+1","Infinite Blades+1"],"picked":"Escape Plan","floor":14.0},{"not_picked":["Quick Slash","Underhanded Strike","Bouncing Flask"],"picked":"SKIP","floor":18.0},{"not_picked":["Deflect","Riddle With Holes","Backstab+1"],"picked":"SKIP","floor":19.0},{"not_picked":["Quick Slash","Finisher","Eviscerate"],"picked":"SKIP","floor":23.0},{"not_picked":["Outmaneuver","Cloak And Dagger"],"picked":"Grand Finale","floor":28.0},{"not_picked":["Poisoned Stab","Deadly Poison+1","Outmaneuver+1"],"picked":"SKIP","floor":31.0},{"not_picked":["Dagger Spray","Terror","Skewer"],"picked":"SKIP","floor":35},{"not_picked":["Catalyst","Distraction","Expertise"],"picked":"SKIP","floor":40},{"not_picked":["Slice+1","Blade Dance+1","Underhanded Strike+1"],"picked":"SKIP","floor":41},{"not_picked":["Dagger Spray+1","Expertise","Deflect"],"picked":"SKIP","floor":45},{"not_picked":["Setup","Leap","Sword Boomerang+1"],"picked":"SKIP","floor":47},{"not_picked":["Good Instincts+1","Glass Knife+1","Expertise+1"],"picked":"SKIP","floor":48},{"not_picked":["Coolheaded","Gash+1","Whirlwind+1"],"picked":"SKIP","floor":55}],"player_experience":1935385,"relics_obtained":[{"floor":6.0,"key":"Bag of Preparation"},{"floor":9.0,"key":"Frozen Egg 2"},{"floor":12.0,"key":"Whetstone"},{"floor":14.0,"key":"Dodecahedron"},{"floor":23.0,"key":"Bottled Lightning"},{"floor":24.0,"key":"Du-Vu Doll"},{"floor":26.0,"key":"Bronze Scales"},{"floor":38,"key":"Thread and Needle"},{"floor":40,"key":"Molten Egg 2"},{"floor":48,"key":"Ancient Tea Set"},{"floor":55,"key":"Oddly Smooth Stone"}],"event_choices":[{"cards_removed":["Strike_G"],"damage_healed":0.0,"max_hp_gain":0.0,"max_hp_loss":0.0,"gold_gain":0.0,"event_name":"The Cleric","player_choice":"Card Removal","floor":3.0,"gold_loss":75.0,"damage_taken":0.0},{"cards_removed":["Strike_G"],"damage_healed":0.0,"max_hp_gain":0.0,"max_hp_loss":0.0,"gold_gain":0.0,"event_name":"Golden Wing","player_choice":"Card Removal","floor":4.0,"gold_loss":0.0,"damage_taken":7.0},{"damage_healed":0.0,"max_hp_gain":0.0,"max_hp_loss":0.0,"gold_gain":0.0,"event_name":"Lab","player_choice":"Got Potions","floor":5.0,"gold_loss":0.0,"damage_taken":0.0},{"damage_healed":0.0,"max_hp_gain":0.0,"max_hp_loss":0.0,"gold_gain":0.0,"cards_transformed":["Strike_G","Defend_G"],"event_name":"Drug Dealer","player_choice":"Became Test Subject","floor":20.0,"gold_loss":0.0,"damage_taken":0.0,"cards_obtained":["All Out Attack","Concentrate"]},{"cards_removed":["All Out Attack"],"damage_healed":0.0,"max_hp_gain":0.0,"max_hp_loss":0.0,"gold_gain":0.0,"event_name":"Beggar","player_choice":"Gave Gold","floor":21.0,"gold_loss":75.0,"damage_taken":0.0},{"damage_healed":0.0,"max_hp_gain":0.0,"max_hp_loss":0.0,"gold_gain":0.0,"event_name":"Accursed Blacksmith","player_choice":"Forge","floor":27.0,"gold_loss":0.0,"damage_taken":0.0,"cards_upgraded":["Backflip"]},{"damage_healed":0.0,"max_hp_gain":0.0,"max_hp_loss":0.0,"gold_gain":0.0,"cards_transformed":["Flechettes","Defend_G"],"event_name":"Designer","player_choice":"Transformed Cards","floor":30.0,"gold_loss":75.0,"damage_taken":0.0,"cards_obtained":["A Thousand Cuts","Poisoned Stab"]},{"damage_healed":0,"gold_gain":50,"player_choice":"Pray","damage_taken":0,"max_hp_gain":0,"max_hp_loss":0,"event_name":"Golden Shrine","floor":36,"gold_loss":0},{"damage_healed":0,"gold_gain":0,"player_choice":"Fight","damage_taken":0,"max_hp_gain":0,"max_hp_loss":0,"event_name":"Mysterious Sphere","floor":38,"gold_loss":0},{"damage_healed":0,"gold_gain":300,"player_choice":"Gold","damage_taken":0,"max_hp_gain":0,"max_hp_loss":0,"event_name":"Wheel of Change","floor":39,"gold_loss":0}],"is_beta":false,"boss_relics":[{"not_picked":["Ring of the Serpent","White Beast Statue"],"picked":"Empty Cage"},{"not_picked":["Coffee Dripper","Runic Dome"],"picked":"Astrolabe"}],"items_purged_floors":[22,37,46,54],"is_endless":false,"potions_floor_spawned":[1,6,12,14,19,23,28,35,45,47,48],"ascension_level":20}