{"gold_per_floor":[116,116,126,51,51,51,51,85,85,85,101,129,129,142,142,217,217,232,332,382,397,397,397],"floor_reached":23,"playtime":694,"items_purged":[],"score":444,"play_id":"061a6791-4e1c-4391-9914-d68b4320a8da","local_time":"20190621104430","is_ascension_mode":true,"campfire_choices":[{"data":"Zap","floor":6.0,"key":"SMITH"},{"data":"Dualcast","floor":10.0,"key":"SMITH"},{"data":"Turbo","floor":13.0,"key":"SMITH"},{"data":"Skim","floor":15.0,"key":"SMITH"}],"neow_cost":"TEN_PERCENT_HP_LOSS","seed_source_timestamp":1623873540569546,"circlet_count":0,"master_deck":["AscendersBane","Strike_B","Defend_B","Defend_B","Defend_B","Defend_B","Zap+1","Dualcast+1","Ball Lightning","Glacier","Barrage+1","Skim+1","Turbo+1","White Noise","Meteor Strike","Self Repair","Creative AI"],"special_seed":0,"relics":["Cracked Core","Sundial","Pantograph","Omamori","Runic Pyramid","Pocketwatch","Bottled Flame","Calipers"],"potions_floor_usage":[23],"damage_taken":[{"damage":4.0,"enemies":"Jaw Worm","floor":1.0,"turns":3.0},{"damage":2.0,"enemies":"2 Louse","floor":3.0,"turns":2.0},{"damage":12.0,"enemies":"Lagavulin","floor":8.0,"turns":8.0},{"damage":0.0,"enemies":"Cultist","floor":11.0,"turns":2.0},{"damage":0.0,"enemies":"3 Sentries","floor":12.0,"turns":5.0},{"damage":9.0,"enemies":"2 Fungi Beasts","floor":14.0,"turns":3.0},{"damage":28.0,"enemies":"Hexaghost","floor":16.0,"turns":8.0},{"damage":0.0,"enemies":"3 Byrds","floor":18.0,"turns":4.0},{"damage":22.0,"enemies":"Colosseum Slavers","floor":19.0,"turns":2.0},{"damage":15.0,"enemies":"Colosseum Nobs","floor":19.0,"turns":4.0},{"damage":12.0,"enemies":"Chosen","floor":21.0,"turns":5.0},{"damage":19,"enemies":"Slavers","floor":23,"turns":3}],"seed_played":"1870381257604803980","potions_obtained":[{"floor":8.0,"key":"Block Potion"},{"floor":11.0,"key":"PowerPotion"},{"floor":16.0,"key":"Regen Potion"},{"floor":19.0,"key":"FocusPotion"}],"is_trial":false,"path_per_floor":["M","?","M","?","?","R","$","E","T","R","M","E","R","M","R","B",null,"M","?","?","M","?","E"],"character_chosen":"DEFECT","items_purchased":[],"campfire_rested":0,"item_purchase_floors":[],"current_hp_per_floor":[60,60,58,58,58,58,58,46,46,46,46,46,46,37,37,34,57,57,25,25,20,20,1],"gold":397,"neow_bonus":"TRANSFORM_TWO_CARDS","is_prod":false,"is_daily":false,"chose_seed":false,"campfire_upgraded":4,"win_rate":0,"timestamp":1561085070,"path_taken":["M","?","M","?","?","R","$","E","T","R","?","E","R","M","R","BOSS","M","?","?","M","?","E"],"build_version":"2019-01-23","purchased_purges":0,"victory":false,"max_hp_per_floor":[64,64,64,64,64,64,64,64,64,64,64,64,64,64,64,64,64,64,64,64,64,64,64],"card_choices":[{"not_picked":["Rebound","Conserve Battery"],"picked":"Glacier","floor":1.0},{"not_picked":["Go for the Eyes","Cold Snap"],"picked":"Barrage","floor":3.0},{"not_picked":["Consume","Leap"],"picked":"Skim","floor":8.0},{"not_picked":["Redo","Storm","Rip and Tear"],"picked":"SKIP","floor":11.0},{"not_picked":["Blizzard","Stack"],"picked":"Turbo","floor":12.0},{"not_picked":["Stack","Rebound"],"picked":"White Noise","floor":14.0},{"not_picked":["All For One","Rainbow"],"picked":"Meteor Strike","floor":16.0},{"not_picked":["Go for the Eyes","Conserve Battery","Cold Snap"],"picked":"SKIP","floor":18.0},{"not_picked":["Cold Snap","Conserve Battery"],"picked":"Self Repair","floor":19.0},{"not_picked":["Turbo","Steam"],"picked":"Creative AI","floor":21.0}],"player_experience":1941567,"relics_obtained":[{"floor":8.0,"key":"Sundial"},{"floor":9.0,"key":"Pantograph"},{"floor":12.0,"key":"Omamori"},{"floor":19.0,"key":"Pocketwatch"},{"floor":19.0,"key":"Bottled Flame"}],"event_choices":[{"damage_healed":0.0,"max_hp_gain":0.0,"max_hp_loss":0.0,"gold_gain":0.0,"event_name":"Liars Game","player_choice":"Ignored","floor":2.0,"gold_loss":0.0,"damage_taken":0.0},{"cards_removed":["Strike_B"],"damage_healed":0.0,"max_hp_gain":0.0,"max_hp_loss":0.0,"gold_gain":0.0,"event_name":"The Cleric","player_choice":"Card Removal","floor":4.0,"gold_loss":75.0,"damage_taken":0.0},{"damage_healed":0.0,"max_hp_gain":0.0,"max_hp_loss":0.0,"gold_gain":0.0,"event_name":"Upgrade Shrine","player_choice":"Upgraded","floor":5.0,"gold_loss":0.0,"damage_taken":0.0,"cards_upgraded":["Barrage"]},{"damage_healed":0.0,"max_hp_gain":0.0,"max_hp_loss":0.0,"gold_gain":0.0,"event_name":"Colosseum","player_choice":"Fight","floor":19.0,"gold_loss":0.0,"damage_taken":0.0},{"damage_healed":0.0,"max_hp_gain":0.0,"max_hp_loss":0.0,"gold_gain":0.0,"event_name":"Colosseum","player_choice":"Fought Nobs","floor":19.0,"gold_loss":0.0,"damage_taken":0.0},{"damage_healed":0.0,"max_hp_gain":0.0,"max_hp_loss":0.0,"gold_gain":50.0,"event_name":"Nest","player_choice":"Stole From Cult","floor":20.0,"gold_loss":0.0,"damage_taken":0.0},{"cards_removed":["Steam Power"],"damage_healed":0.0,"max_hp_gain":0.0,"max_hp_loss":0.0,"gold_gain":0.0,"event_name":"WeMeetAgain","player_choice":"Gave Card","floor":22.0,"gold_loss":0.0,"damage_taken":0.0,"relics_obtained":["Calipers"]}],"is_beta":false,"boss_relics":[{"not_picked":["Velvet Choker","Black Star"],"picked":"Runic Pyramid"}],"items_purged_floors":[],"is_endless":false,"potions_floor_spawned":[8,11,16,19,19],"killed_by":"Slavers","ascension_level":20}