{"gold_per_floor":[12,30,80,98,113,113,128,203,203,203,213,223,223,91,91,91],"floor_reached":16,"playtime":452,"items_purged":["Strike_G"],"score":188,"play_id":"e1c8d133-fb51-4fe3-abe4-193dce935a0d","local_time":"20190529235604","is_ascension_mode":true,"campfire_choices":[{"data":"Neutralize","floor":6.0,"key":"SMITH"},{"data":"Calculated Gamble","floor":13,"key":"SMITH"},{"floor":15,"key":"REST"}],"neow_cost":"NO_GOLD","seed_source_timestamp":365240738420181,"circlet_count":0,"master_deck":["AscendersBane","Defend_G","Defend_G","Defend_G","Defend_G","Defend_G","Strike_G","Strike_G","Survivor","Neutralize+1","Poisoned Stab","Calculated Gamble+1","Backstab","Deadly Poison"],"special_seed":0,"relics":["Ring of the Snake","Bottled Lightning"],"potions_floor_usage":[11,16,16],"damage_taken":[{"damage":0.0,"enemies":"2 Louse","floor":1.0,"turns":4.0},{"damage":11.0,"enemies":"Cultist","floor":2.0,"turns":6.0},{"damage":21.0,"enemies":"Jaw Worm","floor":4.0,"turns":12.0},{"damage":1.0,"enemies":"2 Fungi Beasts","floor":5.0,"turns":4.0},{"damage":0.0,"enemies":"Looter","floor":7.0,"turns":4.0},{"damage":0,"enemies":"Large Slime","floor":11,"turns":6},{"damage":0,"enemies":"3 Louse","floor":12,"turns":4},{"damage":29,"enemies":"Slime Boss","floor":16,"turns":5}],"seed_played":"5347888733756658881","potions_obtained":[{"floor":4.0,"key":"Explosive Potion"},{"floor":5.0,"key":"AttackPotion"},{"floor":7.0,"key":"Poison Potion"},{"floor":12,"key":"SteroidPotion"}],"is_trial":false,"path_per_floor":["M","M","?","M","M","R","M","?","T","?","M","M","R","$","R","B"],"character_chosen":"THE_SILENT","items_purchased":["PowerPotion"],"campfire_rested":1,"item_purchase_floors":[14],"current_hp_per_floor":[59,48,42,21,20,20,20,9,9,9,9,9,9,9,28,0],"gold":91,"neow_bonus":"REMOVE_TWO","is_prod":false,"is_daily":false,"chose_seed":false,"campfire_upgraded":2,"win_rate":0,"timestamp":1559145364,"path_taken":["M","M","?","M","M","R","?","?","T","?","M","M","R","$","R","BOSS"],"build_version":"2019-01-23","purchased_purges":1,"victory":false,"max_hp_per_floor":[66,66,66,66,66,66,66,66,66,66,66,66,66,66,66,66],"card_choices":[{"not_picked":["Dagger Throw","Flying Knee","Prepared"],"picked":"SKIP","floor":1.0},{"not_picked":["Acrobatics","Reflex","Poisoned Stab"],"picked":"SKIP","floor":2.0},{"not_picked":["Eviscerate","Deflect"],"picked":"Poisoned Stab","floor":4.0},{"not_picked":["Dodge and Roll","Heel Hook","Finisher"],"picked":"SKIP","floor":5.0},{"not_picked":["Flying Knee","Poisoned Stab"],"picked":"Calculated Gamble","floor":7.0},{"not_picked":["Choke","Deadly Poison"],"picked":"Backstab","floor":11},{"not_picked":["Masterful Stab","Dash"],"picked":"Deadly Poison","floor":12}],"player_experience":1798023,"relics_obtained":[{"floor":9.0,"key":"Bottled Lightning"}],"event_choices":[{"damage_healed":0.0,"max_hp_gain":0.0,"max_hp_loss":0.0,"gold_gain":50.0,"event_name":"FaceTrader","player_choice":"Touch","floor":3.0,"gold_loss":0.0,"damage_taken":6.0},{"damage_healed":0.0,"max_hp_gain":0.0,"max_hp_loss":0.0,"gold_gain":75.0,"event_name":"World of Goop","player_choice":"Gather Gold","floor":8.0,"gold_loss":0.0,"damage_taken":11.0},{"damage_healed":0,"gold_gain":0,"player_choice":"Fled","damage_taken":0,"max_hp_gain":0,"max_hp_loss":0,"event_name":"Scrap Ooze","floor":10,"gold_loss":0}],"is_beta":false,"boss_relics":[],"items_purged_floors":[14],"is_endless":false,"potions_floor_spawned":[4,5,7,12],"killed_by":"Slime Boss","ascension_level":20}