{"gold_per_floor":[113,125,125,31,47,47,81,81,81,55,55,65,65,92,92,169,169,189,46,60,60,110,139,139,173,173,186,186],"floor_reached":28,"playtime":805,"items_purged":["Strike_R"],"score":462,"play_id":"c602ecc6-5e1b-4112-b1ef-f91ac42ec1a5","local_time":"20181006164836","is_ascension_mode":true,"campfire_choices":[{"data":"Inflame","floor":6,"key":"SMITH"},{"data":"True Grit","floor":11,"key":"SMITH"},{"data":"Armaments","floor":13,"key":"SMITH"},{"data":"Intimidate","floor":15,"key":"SMITH"},{"data":"Limit Break","floor":24,"key":"SMITH"}],"neow_cost":"NONE","seed_source_timestamp":1902618395824730,"circlet_count":0,"master_deck":["Strike_R","Strike_R","Strike_R","Strike_R","Defend_R","Defend_R","Defend_R","Defend_R","Bash+1","AscendersBane","Intimidate+1","Clothesline","Shrug It Off","Rampage","Inflame+1","Dropkick","True Grit+1","Armaments+1","Infernal Blade","Limit Break+1","Headbutt","Dropkick","Thunderclap","Havoc","Headbutt"],"relics":["Burning Blood","NeowsBlessing","Mercury Hourglass","Paper Frog","Bag of Marbles","Runic Dome","CultistMask","Torii","Lantern","Dodecahedron"],"potions_floor_usage":[7,14,20,23,27],"damage_taken":[{"damage":0,"enemies":"Jaw Worm","floor":1,"turns":1},{"damage":0,"enemies":"Small Slimes","floor":2,"turns":1},{"damage":0,"enemies":"Cultist","floor":5,"turns":1},{"damage":36,"enemies":"Gremlin Nob","floor":7,"turns":5},{"damage":10,"enemies":"Gremlin Gang","floor":12,"turns":4},{"damage":16,"enemies":"Lagavulin","floor":14,"turns":7},{"damage":7,"enemies":"Hexaghost","floor":16,"turns":8},{"damage":13,"enemies":"Spheric Guardian","floor":18,"turns":4},{"damage":19,"enemies":"2 Thieves","floor":20,"turns":3},{"damage":20,"enemies":"Book of Stabbing","floor":23,"turns":3},{"damage":21,"enemies":"Gremlin Leader","floor":25,"turns":5},{"damage":14,"enemies":"Chosen and Byrds","floor":27,"turns":5},{"damage":12,"enemies":"Centurion and Healer","floor":28,"turns":2}],"seed_played":"-1374770539435050000","potions_obtained":[{"floor":2,"key":"Fire Potion"},{"floor":5,"key":"Ancient Potion"},{"floor":7,"key":"GamblersBrew"},{"floor":16,"key":"SkillPotion"},{"floor":25,"key":"Ancient Potion"}],"is_trial":false,"path_per_floor":["M","M","?","$","M","R","E","?","T","$","R","M","R","E","R","B",null,"M","$","M","?","?","E","R","E","T","M"],"character_chosen":"IRONCLAD","items_purchased":["Shrug It Off","Rampage","True Grit","Dropkick"],"campfire_rested":0,"item_purchase_floors":[4,4,10,19],"current_hp_per_floor":[74,75,75,75,75,75,45,45,45,45,45,41,41,31,31,30,64,57,57,44,44,44,30,30,15,15,7,0],"gold":186,"neow_bonus":"THREE_ENEMY_KILL","is_prod":false,"is_daily":false,"chose_seed":false,"campfire_upgraded":5,"win_rate":0,"timestamp":1538858916,"path_taken":["M","M","?","$","?","R","E","?","T","?","R","M","R","E","R","BOSS","M","$","M","?","?","E","R","E","T","?","M"],"build_version":"2018-10-04v2","purchased_purges":1,"victory":false,"max_hp_per_floor":[75,75,75,75,75,75,75,75,75,75,75,75,75,75,75,75,75,75,75,75,75,75,75,75,75,75,75,75],"card_choices":[{"not_picked":["Armaments","Iron Wave"],"picked":"Intimidate","floor":1},{"not_picked":["Armaments","Twin Strike"],"picked":"Clothesline","floor":2},{"not_picked":["Sword Boomerang","Flex"],"picked":"Inflame","floor":5},{"not_picked":["Pommel Strike","Combust"],"picked":"Dropkick","floor":7},{"not_picked":["Wild Strike","Sentinel"],"picked":"Armaments","floor":12},{"not_picked":["Wild Strike","Havoc"],"picked":"Infernal Blade","floor":14},{"not_picked":["Barricade","Brutality"],"picked":"Limit Break","floor":16},{"not_picked":["Wild Strike","Sentinel"],"picked":"Headbutt","floor":18},{"not_picked":["Uppercut","Entrench"],"picked":"Thunderclap","floor":20},{"not_picked":["Wild Strike","Clothesline","Sentinel"],"picked":"SKIP","floor":23},{"not_picked":["Warcry","Perfected Strike+1"],"picked":"Havoc","floor":25},{"not_picked":["True Grit","Wild Strike+1"],"picked":"Headbutt","floor":27}],"player_experience":821299,"relics_obtained":[{"floor":7,"key":"Mercury Hourglass"},{"floor":9,"key":"Paper Frog"},{"floor":14,"key":"Bag of Marbles"},{"floor":23,"key":"Torii"},{"floor":25,"key":"Lantern"},{"floor":26,"key":"Dodecahedron"}],"event_choices":[{"event_name":"The Cleric","player_choice":"Leave","floor":3,"damage_taken":0},{"event_name":"Living Wall","player_choice":"Grow","floor":8,"damage_taken":0},{"event_name":"FaceTrader","player_choice":"Trade","floor":21,"damage_taken":0},{"event_name":"Nest","player_choice":"Stole From Cult","floor":22,"damage_taken":0}],"is_beta":false,"boss_relics":[{"not_picked":["Orrery","Lizard Tail"],"picked":"Runic Dome"}],"items_purged_floors":[19],"is_endless":false,"potions_floor_spawned":[2,5,7,16,25],"killed_by":"Centurion and Healer","ascension_level":15}