{"gold_per_floor":[115,115,115,115,128,128,157,157,184,213,281,293,337,121,121,121],"floor_reached":16,"playtime":525,"items_purged":[],"score":190,"play_id":"4a0f675f-d045-4ecd-8eac-3149df2eb4e2","local_time":"20190626124852","is_ascension_mode":true,"campfire_choices":[{"data":"Body Slam","floor":6,"key":"SMITH"},{"floor":12,"key":"REST"},{"floor":15,"key":"REST"}],"neow_cost":"NONE","seed_source_timestamp":7485636927495,"circlet_count":0,"master_deck":["Strike_R","Strike_R","Strike_R","Strike_R","Strike_R","Defend_R","Defend_R","Defend_R","Defend_R","Bash","Body Slam","Body Slam+1","Spot Weakness","Entrench","Metallicize","Corruption"],"relics":["Burning Blood","NeowsBlessing","Singing Bowl","Ice Cream","StoneCalendar","MawBank","Regal Pillow","Vajra","Ancient Tea Set"],"potions_floor_usage":[13],"damage_taken":[{"damage":0,"enemies":"2 Louse","floor":1,"turns":1},{"damage":0,"enemies":"Small Slimes","floor":5,"turns":1},{"damage":0,"enemies":"Lagavulin","floor":7,"turns":2},{"damage":1,"enemies":"Cultist","floor":10,"turns":3},{"damage":69,"enemies":"Lagavulin Event","floor":11,"turns":7},{"damage":34,"enemies":"3 Sentries","floor":13,"turns":7},{"damage":72,"enemies":"Hexaghost","floor":16,"turns":9}],"seed_played":"-5272788042181443632","potions_obtained":[{"floor":5,"key":"Strength Potion"},{"floor":11,"key":"LiquidBronze"}],"is_trial":false,"path_per_floor":["M","?","?","$","M","R","E","?","T","M","?","R","E","$","R","B"],"character_chosen":"IRONCLAD","items_purchased":["Ancient Tea Set","Corruption"],"campfire_rested":2,"item_purchase_floors":[14,14],"current_hp_per_floor":[78,66,66,66,72,72,78,78,78,80,17,56,30,30,69,0],"gold":121,"neow_bonus":"THREE_ENEMY_KILL","is_prod":false,"is_daily":false,"chose_seed":false,"campfire_upgraded":1,"win_rate":0,"timestamp":1561567732,"path_taken":["M","?","?","$","M","R","E","?","T","?","?","R","E","$","R","BOSS"],"build_version":"2019-01-23","purchased_purges":0,"victory":false,"max_hp_per_floor":[80,80,80,80,80,80,80,80,80,80,80,80,82,82,82,82],"card_choices":[{"not_picked":["Dropkick","Warcry"],"picked":"Body Slam","floor":1},{"not_picked":["Dual Wield","Twin Strike"],"picked":"Body Slam","floor":5},{"not_picked":["Warcry","Pommel Strike"],"picked":"Spot Weakness","floor":7},{"not_picked":["Thunderclap","Perfected Strike"],"picked":"Entrench","floor":10},{"not_picked":["Twin Strike","Combust"],"picked":"Metallicize","floor":11},{"not_picked":["Anger","Spot Weakness","Clothesline"],"picked":"Singing Bowl","floor":13}],"player_experience":1075842,"relics_obtained":[{"floor":7,"key":"Ice Cream"},{"floor":9,"key":"MawBank"},{"floor":11,"key":"Regal Pillow"},{"floor":13,"key":"Vajra"}],"event_choices":[{"damage_healed":0,"gold_gain":0,"player_choice":"Success","damage_taken":12,"relics_obtained":["Singing Bowl"],"max_hp_gain":0,"max_hp_loss":0,"event_name":"Scrap Ooze","floor":2,"gold_loss":0},{"damage_healed":0,"gold_gain":0,"player_choice":"Ignored","damage_taken":0,"max_hp_gain":0,"max_hp_loss":0,"event_name":"Shining Light","floor":3,"gold_loss":0},{"damage_healed":0,"gold_gain":0,"player_choice":"Gave Potion","damage_taken":0,"relics_obtained":["StoneCalendar"],"max_hp_gain":0,"max_hp_loss":0,"event_name":"WeMeetAgain","floor":8,"gold_loss":0},{"damage_healed":0,"gold_gain":30,"player_choice":"Searched \u00273\u0027 times","damage_taken":0,"max_hp_gain":0,"max_hp_loss":0,"event_name":"Dead Adventurer","floor":11,"gold_loss":0}],"is_beta":false,"boss_relics":[],"items_purged_floors":[],"is_endless":false,"potions_floor_spawned":[5,11],"killed_by":"Hexaghost","ascension_level":9}