{"gold_per_floor":[116,43,43,6,6,6,39,39,39,39,54,95,110,151,151,241,241,264,264,287,307,332,332,382,415,415,415,455,490,58,83,83,83],"floor_reached":33,"playtime":1494,"items_purged":["Strike_G"],"score":571,"play_id":"ea938de4-f1e4-4a25-b200-1d7f41706f21","local_time":"20190729213415","is_ascension_mode":true,"campfire_choices":[{"data":"Dagger Spray","floor":6,"key":"SMITH"},{"data":"Well Laid Plans","floor":8,"key":"SMITH"},{"data":"Neutralize","floor":10,"key":"SMITH"},{"data":"Footwork","floor":15,"key":"SMITH"},{"data":"Noxious Fumes","floor":23,"key":"SMITH"},{"data":"All Out Attack","floor":27,"key":"SMITH"},{"data":"After Image","floor":32,"key":"SMITH"}],"neow_cost":"NONE","seed_source_timestamp":248456529037845,"circlet_count":0,"master_deck":["AscendersBane","Strike_G","Strike_G","Strike_G","Strike_G","Defend_G","Defend_G","Defend_G","Defend_G","Defend_G","Survivor","Neutralize+1","Dagger Spray+1","Footwork+1","Well Laid Plans+1","Poisoned Stab","Predator","All Out Attack+1","Backflip","Dodge and Roll+1","Acrobatics+1","Noxious Fumes+1","Bouncing Flask+1","Backflip","After Image+1","Well Laid Plans"],"relics":["Ring of the Snake","NeowsBlessing","Golden Idol","Blue Candle","Pear","Oddly Smooth Stone","Gremlin Horn","Coffee Dripper","Kunai","PreservedInsect","Red Mask","Anchor","War Paint","Medical Kit"],"potions_floor_usage":[12,14,20,28,33],"damage_taken":[{"damage":0,"enemies":"Cultist","floor":1,"turns":1},{"damage":0,"enemies":"3 Sentries","floor":7,"turns":2},{"damage":0,"enemies":"Small Slimes","floor":11,"turns":1},{"damage":10,"enemies":"Lagavulin","floor":12,"turns":11},{"damage":3,"enemies":"Jaw Worm","floor":13,"turns":3},{"damage":7,"enemies":"Gremlin Nob","floor":14,"turns":4},{"damage":1,"enemies":"Slime Boss","floor":16,"turns":12},{"damage":10,"enemies":"2 Thieves","floor":18,"turns":4},{"damage":7,"enemies":"Spheric Guardian","floor":20,"turns":5},{"damage":12,"enemies":"Snake Plant","floor":21,"turns":7},{"damage":0,"enemies":"Snecko","floor":22,"turns":6},{"damage":2,"enemies":"Gremlin Leader","floor":25,"turns":6},{"damage":6,"enemies":"Masked Bandits","floor":28,"turns":5},{"damage":23,"enemies":"Slavers","floor":29,"turns":4},{"damage":0,"enemies":"Cultist and Chosen","floor":31,"turns":7},{"damage":22,"enemies":"Automaton","floor":33,"turns":6}],"seed_played":"-5227920153406152438","potions_obtained":[{"floor":1,"key":"GhostInAJar"},{"floor":5,"key":"PowerPotion"},{"floor":12,"key":"Weak Potion"},{"floor":14,"key":"Ancient Potion"},{"floor":21,"key":"PowerPotion"},{"floor":31,"key":"AttackPotion"}],"is_trial":false,"path_per_floor":["M","$","?","$","?","R","E","R","T","R","M","E","M","E","R","B",null,"M","?","M","M","M","R","?","E","T","R","?","E","$","M","R","B"],"character_chosen":"THE_SILENT","items_purchased":["Footwork","Well Laid Plans","War Paint","Medical Kit"],"campfire_rested":0,"item_purchase_floors":[2,4,30,30],"current_hp_per_floor":[59,59,36,36,36,36,36,36,46,46,46,36,33,26,26,25,63,53,53,46,34,34,34,34,32,32,32,26,3,3,3,3,0],"gold":83,"neow_bonus":"THREE_ENEMY_KILL","is_prod":false,"is_daily":false,"chose_seed":false,"campfire_upgraded":7,"win_rate":0,"timestamp":1564450455,"path_taken":["M","$","?","$","?","R","E","R","T","R","?","E","?","E","R","BOSS","M","?","M","M","M","R","?","E","T","R","?","E","$","?","R","BOSS"],"build_version":"2019-07-17","purchased_purges":1,"victory":false,"max_hp_per_floor":[66,66,66,66,66,66,66,66,76,76,76,76,76,76,76,76,76,76,76,76,76,76,76,76,76,76,76,76,76,76,76,76,76],"card_choices":[{"not_picked":["Calculated Gamble","Blade Dance"],"picked":"Dagger Spray","floor":1},{"not_picked":["Caltrops","Riddle With Holes"],"picked":"Poisoned Stab","floor":7},{"not_picked":["Dagger Spray","Sucker Punch"],"picked":"Predator","floor":11},{"not_picked":["Predator","Blade Dance"],"picked":"All Out Attack","floor":12},{"not_picked":["Burst","Underhanded Strike"],"picked":"Backflip","floor":13},{"not_picked":["Sucker Punch","Cloak And Dagger"],"picked":"Dodge and Roll","floor":14},{"not_picked":["Accuracy","Riddle With Holes"],"picked":"Acrobatics","floor":18},{"not_picked":["Blade Dance","Flechettes","Distraction"],"picked":"SKIP","floor":20},{"not_picked":["Expertise","Deadly Poison","Cloak And Dagger"],"picked":"SKIP","floor":21},{"not_picked":["Predator","Acrobatics","All Out Attack"],"picked":"SKIP","floor":22},{"not_picked":["Slice","Dagger Spray"],"picked":"Bouncing Flask+1","floor":25},{"not_picked":["Acrobatics","Deadly Poison"],"picked":"Backflip","floor":28},{"not_picked":["Flying Knee+1","Glass Knife"],"picked":"After Image","floor":29},{"not_picked":["Deadly Poison","Cloak And Dagger"],"picked":"Well Laid Plans","floor":31}],"player_experience":1585978,"relics_obtained":[{"floor":7,"key":"Blue Candle"},{"floor":9,"key":"Pear"},{"floor":12,"key":"Oddly Smooth Stone"},{"floor":14,"key":"Gremlin Horn"},{"floor":25,"key":"Kunai"},{"floor":26,"key":"PreservedInsect"},{"floor":28,"key":"Red Mask"},{"floor":29,"key":"Anchor"}],"event_choices":[{"damage_healed":0,"gold_gain":0,"player_choice":"Take Damage","damage_taken":23,"relics_obtained":["Golden Idol"],"max_hp_gain":0,"max_hp_loss":0,"event_name":"Golden Idol","floor":3,"gold_loss":0},{"damage_healed":0,"gold_gain":0,"player_choice":"Got Potions","damage_taken":0,"max_hp_gain":0,"max_hp_loss":0,"event_name":"Lab","floor":5,"gold_loss":0},{"damage_healed":0,"gold_gain":0,"player_choice":"Read","damage_taken":0,"max_hp_gain":0,"max_hp_loss":0,"event_name":"The Library","floor":19,"gold_loss":0,"cards_obtained":["Noxious Fumes"]},{"damage_healed":0,"gold_gain":50,"player_choice":"Stole From Cult","damage_taken":0,"max_hp_gain":0,"max_hp_loss":0,"event_name":"Nest","floor":24,"gold_loss":0},{"damage_healed":0,"gold_gain":0,"player_choice":"Fought Bandits","damage_taken":0,"max_hp_gain":0,"max_hp_loss":0,"event_name":"Masked Bandits","floor":28,"gold_loss":0}],"is_beta":false,"boss_relics":[{"not_picked":["Eternal Feather","Orrery"],"picked":"Coffee Dripper"}],"items_purged_floors":[30],"is_endless":false,"potions_floor_spawned":[1,12,13,14,18,21,25,31],"killed_by":"Automaton","ascension_level":15}