{"gold_per_floor":[119,132,132,146,51,51,51,70,70,70,84,84,114,114,114,218,218,236,246,246,153,171,171,204,204,231,251,251,269,287,297,297,297],"floor_reached":33,"playtime":1365,"items_purged":[],"score":362,"play_id":"dcf097d9-4378-4ec9-a97f-3edea318e516","local_time":"20190601233255","is_ascension_mode":true,"campfire_choices":[{"data":"Perfected Strike","floor":7,"key":"SMITH"},{"data":"Body Slam","floor":10,"key":"SMITH"},{"data":"Shrug It Off","floor":12,"key":"SMITH"},{"data":"Bash","floor":15,"key":"SMITH"},{"data":"Perfected Strike","floor":23,"key":"SMITH"},{"floor":25,"key":"REST"},{"floor":28,"key":"REST"},{"floor":32,"key":"REST"}],"neow_cost":"NONE","seed_source_timestamp":198443514528811,"circlet_count":0,"master_deck":["Strike_R","Strike_R","Strike_R","Strike_R","Strike_R","Defend_R","Defend_R","Defend_R","Defend_R","Bash+1","Shrug It Off+1","Body Slam+1","Pommel Strike","Perfected Strike+1","Pommel Strike","Ghostly Armor","Whirlwind+1","Demon Form","Disarm","Body Slam+1","Enlightenment","Perfected Strike+1","Shrug It Off+1","Normality","Wild Strike"],"relics":["Burning Blood","Boot","Odd Mushroom","Cursed Key","Pear","Omamori"],"potions_floor_usage":[13,16,24,24,31,33],"damage_taken":[{"damage":11,"enemies":"2 Louse","floor":1,"turns":4},{"damage":6,"enemies":"Cultist","floor":2,"turns":3},{"damage":0,"enemies":"Small Slimes","floor":4,"turns":3},{"damage":11,"enemies":"3 Louse","floor":8,"turns":4},{"damage":6,"enemies":"Red Slaver","floor":11,"turns":2},{"damage":7,"enemies":"The Mushroom Lair","floor":13,"turns":3},{"damage":34,"enemies":"The Guardian","floor":16,"turns":8},{"damage":14,"enemies":"Shell Parasite","floor":18,"turns":3},{"damage":6,"enemies":"Spheric Guardian","floor":19,"turns":3},{"damage":26,"enemies":"Snake Plant","floor":22,"turns":4},{"damage":50,"enemies":"Book of Stabbing","floor":24,"turns":5},{"damage":14,"enemies":"Centurion and Healer","floor":27,"turns":5},{"damage":13,"enemies":"Shelled Parasite and Fungi","floor":29,"turns":4},{"damage":9,"enemies":"Sentry and Sphere","floor":30,"turns":4},{"damage":6,"enemies":"Snake Plant","floor":31,"turns":3},{"damage":101,"enemies":"Automaton","floor":33,"turns":8}],"seed_played":"4256419615894136215","potions_obtained":[{"floor":2,"key":"PowerPotion"},{"floor":11,"key":"AttackPotion"},{"floor":16,"key":"Swift Potion"},{"floor":22,"key":"Fruit Juice"},{"floor":24,"key":"LiquidBronze"},{"floor":30,"key":"SkillPotion"}],"is_trial":false,"path_per_floor":["M","M","?","M","$","$","R","M","T","R","M","R","?","?","R","B",null,"M","M","?","$","M","R","E","R","T","M","R","M","M","M","R","B"],"character_chosen":"IRONCLAD","items_purchased":["Perfected Strike","Pommel Strike","Enlightenment"],"campfire_rested":3,"item_purchase_floors":[5,5,21],"current_hp_per_floor":[75,75,75,81,81,81,81,76,76,76,76,76,75,75,75,47,78,70,70,70,70,50,50,21,51,51,43,73,66,63,63,93,0],"gold":297,"neow_bonus":"TEN_PERCENT_HP_BONUS","is_prod":false,"is_daily":false,"chose_seed":false,"campfire_upgraded":5,"win_rate":0,"timestamp":1559446375,"path_taken":["M","M","?","?","?","$","R","M","T","R","M","R","?","?","R","BOSS","M","M","?","$","M","R","E","R","T","M","R","?","M","M","R","BOSS"],"build_version":"2019-01-23","purchased_purges":0,"victory":false,"max_hp_per_floor":[88,88,88,88,88,88,88,88,88,88,88,88,88,88,88,88,88,88,88,88,88,88,88,103,103,103,103,103,103,103,103,103,103],"card_choices":[{"not_picked":["Pommel Strike","Twin Strike"],"picked":"Shrug It Off","floor":1},{"not_picked":["Corruption","True Grit"],"picked":"Body Slam","floor":2},{"not_picked":["Twin Strike","Wild Strike"],"picked":"Pommel Strike","floor":4},{"not_picked":["Headbutt","Body Slam"],"picked":"Ghostly Armor","floor":8},{"not_picked":["Rampage","Rupture","Combust"],"picked":"SKIP","floor":11},{"not_picked":["Thunderclap","Intimidate"],"picked":"Whirlwind","floor":13},{"not_picked":["Berserk","Exhume"],"picked":"Demon Form","floor":16},{"not_picked":["Headbutt+1","Flex"],"picked":"Disarm","floor":18},{"not_picked":["Power Through+1","Corruption"],"picked":"Body Slam","floor":19},{"not_picked":["Blood for Blood","Twin Strike"],"picked":"Perfected Strike","floor":22},{"not_picked":["Entrench","Hemokinesis"],"picked":"Shrug It Off+1","floor":24},{"not_picked":["Shrug It Off","Shockwave","Brutality"],"picked":"SKIP","floor":27},{"not_picked":["Clothesline","Battle Trance","Havoc"],"picked":"SKIP","floor":29},{"not_picked":["Rage","Warcry"],"picked":"Wild Strike","floor":30},{"not_picked":["True Grit","Feel No Pain+1","Havoc"],"picked":"SKIP","floor":31}],"player_experience":1047014,"relics_obtained":[{"floor":9,"key":"Boot"},{"floor":13,"key":"Odd Mushroom"},{"floor":24,"key":"Pear"},{"floor":26,"key":"Omamori"}],"event_choices":[{"damage_healed":0,"gold_gain":0,"player_choice":"Bought 0 Potions","damage_taken":0,"max_hp_gain":0,"max_hp_loss":0,"event_name":"The Woman in Blue","floor":3,"gold_loss":0},{"damage_healed":0,"gold_gain":0,"player_choice":"Fought Mushrooms","damage_taken":0,"max_hp_gain":0,"max_hp_loss":0,"event_name":"Mushrooms","floor":13,"gold_loss":0},{"damage_healed":0,"gold_gain":0,"player_choice":"Upgraded","damage_taken":0,"max_hp_gain":0,"max_hp_loss":0,"event_name":"Upgrade Shrine","floor":14,"gold_loss":0,"cards_upgraded":["Whirlwind"]},{"damage_healed":0,"gold_gain":0,"player_choice":"Forge","damage_taken":0,"max_hp_gain":0,"max_hp_loss":0,"event_name":"Accursed Blacksmith","floor":20,"gold_loss":0,"cards_upgraded":["Body Slam"]}],"is_beta":false,"boss_relics":[{"not_picked":["Runic Dome","Empty Cage"],"picked":"Cursed Key"}],"items_purged_floors":[],"is_endless":false,"potions_floor_spawned":[2,11,16,22,24,30],"killed_by":"Automaton","ascension_level":6}