{"gold_per_floor":[111,131,206,131,131,131,164,164,189,189,189,189],"floor_reached":12,"playtime":112,"items_purged":[],"score":198,"play_id":"a4cf60de-66fd-434a-af1d-0f9086abc43a","local_time":"20190618113207","is_ascension_mode":true,"campfire_choices":[{"data":"Dualcast","floor":6.0,"key":"SMITH"},{"data":"Turbo","floor":8.0,"key":"SMITH"}],"neow_cost":"NONE","seed_source_timestamp":1368776742198799,"circlet_count":0,"master_deck":["AscendersBane","Strike_B+1","Strike_B","Defend_B","Defend_B","Defend_B","Defend_B","Zap+1","Dualcast+1","Ball Lightning","Capacitor","Turbo+1"],"special_seed":0,"relics":["Cracked Core","NeowsBlessing","Thread and Needle","Oddly Smooth Stone"],"potions_floor_usage":[],"damage_taken":[{"damage":0.0,"enemies":"Jaw Worm","floor":1.0,"turns":1.0},{"damage":0.0,"enemies":"Small Slimes","floor":2.0,"turns":1.0},{"damage":0.0,"enemies":"3 Sentries","floor":7.0,"turns":1.0},{"damage":23,"enemies":"Gremlin Nob","floor":12,"turns":4}],"seed_played":"5552484594472442861","potions_obtained":[],"is_trial":false,"path_per_floor":["M","M","?","?","?","R","E","R","T","?","?","E"],"character_chosen":"DEFECT","items_purchased":[],"campfire_rested":0,"item_purchase_floors":[],"current_hp_per_floor":[64,64,53,53,32,32,32,32,32,25,25,2],"gold":189,"neow_bonus":"THREE_ENEMY_KILL","is_prod":false,"is_daily":false,"chose_seed":false,"campfire_upgraded":2,"win_rate":0,"timestamp":1560828727,"path_taken":["M","M","?","?","?","R","E","R","T","?","?","E"],"build_version":"2019-01-23","purchased_purges":0,"victory":false,"max_hp_per_floor":[71,71,71,71,71,71,71,71,71,71,71,71],"card_choices":[{"not_picked":["Sweeping Beam","Coolheaded"],"picked":"Ball Lightning","floor":1.0},{"not_picked":["Reprogram","Beam Cell"],"picked":"Capacitor","floor":2.0},{"not_picked":["Redo","White Noise"],"picked":"Turbo","floor":7.0}],"player_experience":1920815,"relics_obtained":[{"floor":7.0,"key":"Thread and Needle"},{"floor":9.0,"key":"Oddly Smooth Stone"}],"event_choices":[{"damage_healed":0.0,"max_hp_gain":0.0,"max_hp_loss":0.0,"gold_gain":75.0,"event_name":"World of Goop","player_choice":"Gather Gold","floor":3.0,"gold_loss":0.0,"damage_taken":11.0},{"cards_removed":["Strike_B"],"damage_healed":0.0,"max_hp_gain":0.0,"max_hp_loss":0.0,"gold_gain":0.0,"event_name":"The Cleric","player_choice":"Card Removal","floor":4.0,"gold_loss":75.0,"damage_taken":0.0},{"damage_healed":0.0,"max_hp_gain":0.0,"max_hp_loss":0.0,"gold_gain":0.0,"event_name":"Shining Light","player_choice":"Entered Light","floor":5.0,"gold_loss":0.0,"damage_taken":21.0,"cards_upgraded":["Zap","Strike_B"]},{"cards_removed":["Strike_B"],"damage_healed":0.0,"max_hp_gain":0.0,"max_hp_loss":0.0,"gold_gain":0.0,"event_name":"Golden Wing","player_choice":"Card Removal","floor":10.0,"gold_loss":0.0,"damage_taken":7.0},{"damage_healed":0,"gold_gain":0,"player_choice":"Searched \u00270\u0027 times","damage_taken":0,"max_hp_gain":0,"max_hp_loss":0,"event_name":"Dead Adventurer","floor":11,"gold_loss":0}],"is_beta":false,"boss_relics":[],"items_purged_floors":[],"is_endless":false,"potions_floor_spawned":[],"killed_by":"Gremlin Nob","ascension_level":20}