{"gold_per_floor":[115,115,126,136,154,154,184,184,184,184,199,199,124,124,124,223,223,236,236,236,236,255,255,155,168,192,204,204,204,79,94,94,198,198,208,220,238,88,88,88,88,88,114,126,142,155,132,142,142,142],"floor_reached":51,"playtime":2175,"items_purged":["Strike_R","Strike_R","Defend_R+1","Defend_R+1"],"score":764,"play_id":"cedcba2e-c01f-4f0f-86cc-10ae3a40e349","local_time":"20190805111037","is_ascension_mode":false,"campfire_choices":[{"data":"Burning Pact","floor":6.0,"key":"SMITH"},{"data":"Wild Strike","floor":10,"key":"SMITH"},{"data":"Ghostly Armor","floor":12,"key":"SMITH"},{"data":"Defend_R","floor":15,"key":"SMITH"},{"data":"Evolve","floor":23,"key":"SMITH"},{"data":"Body Slam","floor":29,"key":"SMITH"},{"data":"Power Through","floor":32,"key":"SMITH"},{"data":"Dark Embrace","floor":40,"key":"SMITH"},{"data":"Immolate","floor":42,"key":"SMITH"},{"data":"True Grit","floor":49,"key":"SMITH"}],"neow_cost":"NONE","seed_source_timestamp":29353069652900,"circlet_count":0,"master_deck":["Bash+1","Ghostly Armor+1","Wild Strike+1","Burning Pact+1","Immolate+1","Second Wind+1","Evolve+1","Power Through+1","Body Slam+1","Warcry+1","Dark Embrace+1","True Grit+1"],"special_seed":0,"relics":["Burning Blood"],"potions_floor_usage":[16,50,50],"damage_taken":[{"damage":0.0,"enemies":"Small Slimes","floor":1.0,"turns":3.0},{"damage":0.0,"enemies":"2 Louse","floor":3.0,"turns":3.0},{"damage":1.0,"enemies":"Cultist","floor":4.0,"turns":3.0},{"damage":2.0,"enemies":"Blue Slaver","floor":5.0,"turns":3.0},{"damage":3,"enemies":"Exordium Thugs","floor":11,"turns":5},{"damage":46,"enemies":"Slime Boss","floor":16,"turns":9},{"damage":0,"enemies":"Chosen","floor":18,"turns":4},{"damage":2,"enemies":"Shell Parasite","floor":22,"turns":7},{"damage":0,"enemies":"3 Cultists","floor":25,"turns":4},{"damage":2,"enemies":"Centurion and Healer","floor":27,"turns":7},{"damage":0,"enemies":"Chosen and Byrds","floor":31,"turns":5},{"damage":43,"enemies":"Collector","floor":33,"turns":16},{"damage":1,"enemies":"3 Shapes","floor":35,"turns":6},{"damage":0,"enemies":"Orb Walker","floor":36,"turns":3},{"damage":5,"enemies":"Sphere and 2 Shapes","floor":37,"turns":7},{"damage":8,"enemies":"Writhing Mass","floor":44,"turns":4},{"damage":0,"enemies":"Maw","floor":45,"turns":8},{"damage":10,"enemies":"3 Darklings","floor":46,"turns":5},{"damage":5,"enemies":"4 Shapes","floor":48,"turns":5},{"damage":17,"enemies":"Donu and Deca","floor":50,"turns":9}],"seed_played":"-8108463307532804021","potions_obtained":[{"floor":1.0,"key":"Strength Potion"},{"floor":3.0,"key":"Dexterity Potion"},{"floor":4.0,"key":"Dexterity Potion"},{"floor":16,"key":"Ancient Potion"},{"floor":18,"key":"GamblersBrew"}],"is_trial":false,"path_per_floor":["M","?","M","M","M","R","?","?","T","R","M","R","$","?","R","B",null,"M","?","?","?","M","R","$","M","T","M","?","R","$","M","R","B",null,"M","M","M","$","?","R","?","R","T","M","M","M","$","M","R","B",null],"character_chosen":"IRONCLAD","items_purchased":["True Grit"],"campfire_rested":0,"item_purchase_floors":[47],"current_hp_per_floor":[80,64,70,75,79,79,79,79,79,79,80,80,80,80,80,40,80,80,80,80,80,80,80,80,80,80,80,80,80,80,80,80,43,80,80,80,80,80,80,80,80,80,80,78,80,76,76,77,77,66],"gold":142,"neow_bonus":"REMOVE_CARD","is_prod":false,"is_daily":false,"chose_seed":false,"campfire_upgraded":10,"win_rate":0,"timestamp":1564971037,"path_taken":["M","?","M","M","M","R","?","?","T","R","M","R","$","?","R","BOSS","M","?","?","?","M","R","?","M","T","?","?","R","$","M","R","BOSS","M","M","M","$","?","R","?","R","T","M","M","M","?","M","R","BOSS"],"build_version":"2019-07-17","purchased_purges":4,"victory":true,"max_hp_per_floor":[80,80,80,80,80,80,80,80,80,80,80,80,80,80,80,80,80,80,80,80,80,80,80,80,80,80,80,80,80,80,80,80,80,80,80,80,80,80,80,80,80,80,80,80,80,80,80,80,80,80],"card_choices":[{"not_picked":["Second Wind","Seeing Red"],"picked":"Ghostly Armor","floor":1.0},{"not_picked":["Entrench","Iron Wave"],"picked":"Wild Strike","floor":3.0},{"not_picked":["Combust","Flex","Armaments"],"picked":"SKIP","floor":4.0},{"not_picked":["Whirlwind","Clash"],"picked":"Burning Pact","floor":5.0},{"not_picked":["Entrench","Bloodletting","Fire Breathing"],"picked":"SKIP","floor":11},{"not_picked":["Limit Break","Reaper"],"picked":"Immolate","floor":16},{"not_picked":["Bloodletting","Clash"],"picked":"Second Wind+1","floor":18},{"not_picked":["Wild Strike","Thunderclap+1","Clothesline+1"],"picked":"SKIP","floor":22},{"not_picked":["Pommel Strike","Power Through","Warcry"],"picked":"SKIP","floor":25},{"not_picked":["Uppercut+1","Flame Barrier"],"picked":"Body Slam","floor":27},{"not_picked":["Cleave","Shrug It Off"],"picked":"Warcry+1","floor":31},{"not_picked":["Juggernaut","Feed"],"picked":"Dark Embrace","floor":33},{"not_picked":["Armaments","Sentinel+1","Warcry"],"picked":"SKIP","floor":35},{"not_picked":["Hemokinesis+1","Anger","Shrug It Off"],"picked":"SKIP","floor":36},{"not_picked":["Clothesline+1","Shrug It Off+1","Headbutt+1"],"picked":"SKIP","floor":37},{"not_picked":["Immolate","Combust+1","Battle Trance"],"picked":"SKIP","floor":44},{"not_picked":["Sword Boomerang+1","Warcry+1","Corruption+1"],"picked":"SKIP","floor":45},{"not_picked":["Clothesline+1","Spot Weakness","Armaments"],"picked":"SKIP","floor":46},{"not_picked":["Warcry","Whirlwind","Sever Soul"],"picked":"SKIP","floor":48}],"player_experience":270854,"relics_obtained":[],"event_choices":[{"damage_healed":0.0,"max_hp_gain":0.0,"max_hp_loss":0.0,"gold_gain":0.0,"event_name":"Shining Light","player_choice":"Entered Light","floor":2.0,"gold_loss":0.0,"damage_taken":16.0,"cards_upgraded":["Bash","Defend_R"]},{"damage_healed":0,"gold_gain":30,"player_choice":"Searched \u00271\u0027 times","damage_taken":0,"max_hp_gain":0,"max_hp_loss":0,"event_name":"Dead Adventurer","floor":7,"gold_loss":0},{"damage_healed":0,"gold_gain":0,"player_choice":"Ignored","damage_taken":0,"max_hp_gain":0,"max_hp_loss":0,"event_name":"Golden Idol","floor":8,"gold_loss":0},{"cards_removed":["Strike_R"],"damage_healed":0,"gold_gain":0,"player_choice":"Forget","damage_taken":0,"max_hp_gain":0,"max_hp_loss":0,"event_name":"Living Wall","floor":14,"gold_loss":0},{"damage_healed":0,"gold_gain":0,"cards_transformed":["Strike_R","Defend_R"],"player_choice":"Became Test Subject","damage_taken":0,"max_hp_gain":0,"max_hp_loss":0,"event_name":"Drug Dealer","floor":19,"gold_loss":0,"cards_obtained":["Evolve","Power Through"]},{"damage_healed":0,"gold_gain":0,"player_choice":"Ignored","damage_taken":0,"max_hp_gain":0,"max_hp_loss":0,"event_name":"Cursed Tome","floor":20,"gold_loss":0},{"damage_healed":0,"gold_gain":0,"player_choice":"Ignored","damage_taken":0,"max_hp_gain":0,"max_hp_loss":0,"event_name":"The Mausoleum","floor":21,"gold_loss":0},{"damage_healed":0,"gold_gain":0,"cards_transformed":["Defend_R"],"player_choice":"Transformed","damage_taken":0,"max_hp_gain":0,"max_hp_loss":0,"event_name":"Transmorgrifier","floor":28,"gold_loss":0,"cards_obtained":["Shrug It Off"]},{"cards_removed":["Shrug It Off"],"damage_healed":0,"gold_gain":0,"player_choice":"Removed Skill","damage_taken":0,"max_hp_gain":0,"max_hp_loss":0,"event_name":"Falling","floor":39,"gold_loss":0},{"damage_healed":0,"gold_gain":0,"player_choice":"Ignored","damage_taken":0,"max_hp_gain":0,"max_hp_loss":0,"event_name":"Tomb of Lord Red Mask","floor":41,"gold_loss":0}],"is_beta":false,"boss_relics":[{"not_picked":["Eternal Feather","Snecko Eye","Velvet Choker"]},{"not_picked":["Empty Cage","Tiny House","Runic Pyramid"]}],"items_purged_floors":[13,24,30,38],"is_endless":false,"potions_floor_spawned":[1,3,4,16,18,22,27,33,36,37,46,48],"ascension_level":0}