{"gold_per_floor":[114,129,129,148,167,186,186,35,85,104,279,279,298,317,317,317],"floor_reached":16,"playtime":1003,"items_purged":[],"score":96,"play_id":"9426e070-1fc8-4869-a8ff-b6fab161774f","local_time":"20180630194454","daily_mods":["Heirloom","Cursed Run","Terminal"],"is_ascension_mode":false,"campfire_choices":[{"data":"Darkness","floor":7,"key":"SMITH"},{"data":"Go for the Eyes","floor":12,"key":"SMITH"},{"data":"Auto Shields","floor":15,"key":"SMITH"}],"neow_cost":"","seed_source_timestamp":0,"circlet_count":0,"master_deck":["Strike_B","Strike_B","Strike_B","Strike_B","Defend_B","Defend_B","Defend_B","Defend_B","Zap","Dualcast","Darkness+1","Streamline","Injury","Go for the Eyes+1","Reinforced Body","Auto Shields+1","Skim","Doom and Gloom","Turbo","Clumsy","Aggregate","Doubt","Echo Form","Loop"],"special_seed":17712,"relics":["Cursed Key","Darkstone Periapt","Du-Vu Doll","Torii","Golden Idol","Dream Catcher"],"potions_floor_usage":[14,16,16],"damage_taken":[{"damage":0,"enemies":"Cultist","floor":1,"turns":3},{"damage":0,"enemies":"2 Louse","floor":2,"turns":3},{"damage":1,"enemies":"Jaw Worm","floor":4,"turns":3},{"damage":1,"enemies":"Lots of Slimes","floor":5,"turns":5},{"damage":0,"enemies":"Red Slaver","floor":6,"turns":3},{"damage":0,"enemies":"Gremlin Gang","floor":10,"turns":2},{"damage":0,"enemies":"3 Louse","floor":13,"turns":1},{"damage":0,"enemies":"2 Fungi Beasts","floor":14,"turns":3},{"damage":6,"enemies":"The Guardian","floor":16,"turns":6}],"seed_played":"-1755974802296634168","potions_obtained":[{"floor":2,"key":"GamblersBrew"},{"floor":4,"key":"Weak Potion"},{"floor":10,"key":"FocusPotion"},{"floor":13,"key":"SkillPotion"}],"is_trial":false,"path_per_floor":["M","M","?","M","M","M","R","$","T","M","?","R","M","M","R"],"character_chosen":"DEFECT","items_purchased":["Skim","Doom and Gloom","Turbo"],"campfire_rested":0,"item_purchase_floors":[8,8,8],"current_hp_per_floor":[73,72,77,76,75,74,73,72,77,76,81,80,79,78,77,71],"gold":317,"neow_bonus":"","is_prod":false,"is_daily":true,"chose_seed":false,"campfire_upgraded":3,"win_rate":0.0,"timestamp":1530355494,"path_taken":["M","M","?","M","?","M","R","?","T","?","?","R","M","M","R","BOSS"],"build_version":"2018-06-28","purchased_purges":0,"victory":false,"max_hp_per_floor":[73,72,77,76,75,74,73,72,77,76,81,80,79,78,77,77],"card_choices":[{"not_picked":["Turbo","Coolheaded"],"picked":"Darkness","floor":1},{"not_picked":["Go for the Eyes","Conserve Battery"],"picked":"Streamline","floor":2},{"not_picked":["Biased Cognition","Beam Cell"],"picked":"Go for the Eyes","floor":4},{"not_picked":["Self Repair","FTL"],"picked":"Reinforced Body","floor":5},{"not_picked":["Steam","Ball Lightning"],"picked":"Auto Shields","floor":6},{"not_picked":["Capacitor","Leap"],"picked":"Aggregate","floor":10},{"not_picked":["Redo","Rebound"],"picked":"Echo Form","floor":13},{"not_picked":["Blizzard","Heatsinks"],"picked":"Loop","floor":14}],"player_experience":37113,"relics_obtained":[{"floor":9,"key":"Dream Catcher"}],"event_choices":[{"event_name":"Golden Idol","player_choice":"Take Wound","floor":3,"damage_taken":0},{"event_name":"Liars Game","player_choice":"agreed","floor":11,"damage_taken":0}],"boss_relics":[],"items_purged_floors":[],"is_endless":false,"potions_floor_spawned":[2,4,10,13],"killed_by":"The Guardian","ascension_level":0}