{"gold_per_floor":[114,131,131,56,67,92,104,123,150,22,22,22,49,64,64,64],"floor_reached":16,"playtime":350,"items_purged":["Pain","Strike_R"],"score":224,"play_id":"e3f41f8c-6d2e-49de-ad75-2724711df8ca","local_time":"20190622132430","is_ascension_mode":true,"campfire_choices":[{"data":"Armaments","floor":11.0,"key":"SMITH"},{"data":"Inflame","floor":15,"key":"SMITH"}],"neow_cost":"NONE","seed_source_timestamp":1720847696859081,"circlet_count":0,"master_deck":["AscendersBane","Strike_R","Strike_R+1","Strike_R","Strike_R+1","Defend_R","Defend_R","Defend_R","Defend_R","Bash","Inflame+1","Burning Pact","Armaments+1","Dark Embrace","Shrug It Off","Power Through"],"special_seed":0,"relics":["Burning Blood","NeowsBlessing","WarpedTongs","Bottled Lightning","Whetstone","Centennial Puzzle","Oddly Smooth Stone"],"potions_floor_usage":[],"damage_taken":[{"damage":0.0,"enemies":"Small Slimes","floor":1.0,"turns":1.0},{"damage":0.0,"enemies":"Cultist","floor":2.0,"turns":1.0},{"damage":0.0,"enemies":"Jaw Worm","floor":5.0,"turns":1.0},{"damage":32.0,"enemies":"Gremlin Nob","floor":6.0,"turns":4.0},{"damage":13.0,"enemies":"Large Slime","floor":7.0,"turns":6.0},{"damage":17.0,"enemies":"Lots of Slimes","floor":8.0,"turns":5.0},{"damage":24,"enemies":"3 Sentries","floor":13,"turns":8},{"damage":0,"enemies":"2 Fungi Beasts","floor":14,"turns":6},{"damage":0,"enemies":"The Guardian","floor":16,"turns":2}],"seed_played":"7060633769129812300","potions_obtained":[{"floor":2.0,"key":"Block Potion"},{"floor":7.0,"key":"Dexterity Potion"}],"is_trial":false,"path_per_floor":["M","M","?","$","M","E","M","M","T","$","R","?","E","M","R","B"],"character_chosen":"IRONCLAD","items_purchased":["Shrug It Off"],"campfire_rested":0,"item_purchase_floors":[10],"current_hp_per_floor":[74,75,75,75,75,49,42,31,31,31,31,31,13,19,19,19],"gold":64,"neow_bonus":"THREE_ENEMY_KILL","is_prod":false,"is_daily":false,"chose_seed":false,"campfire_upgraded":2,"win_rate":0,"timestamp":1561181070,"path_taken":["M","M","?","?","?","E","M","M","T","$","R","?","E","?","R","BOSS"],"build_version":"2019-01-23","purchased_purges":2,"victory":false,"max_hp_per_floor":[75,75,75,75,75,75,75,75,75,75,75,75,75,75,75,75],"card_choices":[{"not_picked":["Flex","Sword Boomerang"],"picked":"Inflame","floor":1.0},{"not_picked":["Clothesline","Fire Breathing"],"picked":"Burning Pact","floor":2.0},{"not_picked":["Warcry","Clothesline"],"picked":"Armaments","floor":5.0},{"not_picked":["Thunderclap","Clash","Blood for Blood"],"picked":"SKIP","floor":6.0},{"not_picked":["Armaments","Warcry"],"picked":"Dark Embrace","floor":7.0},{"not_picked":["Wild Strike","Clothesline","Blood for Blood"],"picked":"SKIP","floor":8.0},{"not_picked":["Twin Strike","Fire Breathing"],"picked":"Power Through","floor":13},{"not_picked":["Cleave","Shrug It Off","Entrench"],"picked":"SKIP","floor":14}],"player_experience":1969607,"relics_obtained":[{"floor":6.0,"key":"Bottled Lightning"},{"floor":9.0,"key":"Whetstone"},{"floor":13,"key":"Oddly Smooth Stone"}],"event_choices":[{"damage_healed":0.0,"max_hp_gain":0.0,"max_hp_loss":0.0,"gold_gain":0.0,"event_name":"Accursed Blacksmith","player_choice":"Rummage","floor":3.0,"gold_loss":0.0,"damage_taken":0.0,"relics_obtained":["WarpedTongs"],"cards_obtained":["Pain"]},{"damage_healed":0.0,"max_hp_gain":0.0,"max_hp_loss":0.0,"gold_gain":0.0,"event_name":"WeMeetAgain","player_choice":"Gave Potion","floor":12.0,"gold_loss":0.0,"damage_taken":0.0,"relics_obtained":["Centennial Puzzle"]}],"is_beta":false,"boss_relics":[],"items_purged_floors":[4,10],"is_endless":false,"potions_floor_spawned":[2,7],"killed_by":"The Guardian","ascension_level":20}