{"gold_per_floor":[116,129,129,304,321,356,356,356,356,391,391],"floor_reached":11,"playtime":625,"items_purged":[],"score":100,"play_id":"d5f9e35b-d555-41e8-9700-eda19be46697","local_time":"20180721155030","is_ascension_mode":true,"campfire_choices":[{"data":"Rampage","floor":7,"key":"SMITH"}],"neow_cost":"","seed_source_timestamp":4159732108250,"circlet_count":0,"master_deck":["Strike_R","Strike_R","Strike_R","Strike_R","Strike_R","Defend_R","Defend_R","Defend_R","Defend_R","Bash","Heavy Blade","Clash","Doubt","Rampage+1","Feel No Pain","Flex"],"relics":["Burning Blood","Potion Belt","Dead Branch","The Courier","Boot"],"potions_floor_usage":[8,8],"damage_taken":[{"damage":0,"enemies":"2 Louse","floor":1,"turns":4},{"damage":5,"enemies":"Small Slimes","floor":2,"turns":4},{"damage":10,"enemies":"Jaw Worm","floor":5,"turns":7},{"damage":52,"enemies":"Lagavulin","floor":6,"turns":7},{"damage":0,"enemies":"3 Louse","floor":8,"turns":1},{"damage":18,"enemies":"Gremlin Nob","floor":10,"turns":4},{"damage":21,"enemies":"Exordium Thugs","floor":11,"turns":4}],"seed_played":"5368133855015823809","potions_obtained":[{"floor":5,"key":"PowerPotion"},{"floor":6,"key":"SmokeBomb"}],"is_trial":false,"path_per_floor":["M","M","?","?","M","E","R","M","T","E"],"character_chosen":"IRONCLAD","items_purchased":[],"campfire_rested":0,"item_purchase_floors":[],"current_hp_per_floor":[80,80,73,73,69,23,23,29,29,17,0],"gold":391,"neow_bonus":"","is_prod":false,"is_daily":false,"chose_seed":false,"campfire_upgraded":1,"win_rate":0,"timestamp":1532202630,"path_taken":["M","M","?","?","M","E","R","M","T","E","M"],"build_version":"2018-07-19v2","purchased_purges":0,"victory":false,"max_hp_per_floor":[80,80,80,80,80,80,80,80,80,80,80],"card_choices":[{"not_picked":["Flex","Sword Boomerang"],"picked":"Heavy Blade","floor":1},{"not_picked":["Burning Pact","Feel No Pain"],"picked":"Clash","floor":2},{"not_picked":["Twin Strike","Clothesline"],"picked":"Rampage","floor":5},{"not_picked":["Wild Strike","Entrench"],"picked":"Feel No Pain","floor":6},{"not_picked":["Flame Barrier","Intimidate"],"picked":"Flex","floor":10}],"player_experience":218326,"relics_obtained":[{"floor":6,"key":"Dead Branch"},{"floor":9,"key":"The Courier"},{"floor":10,"key":"Boot"}],"event_choices":[{"event_name":"Scrap Ooze","player_choice":"success","floor":3,"damage_taken":7},{"event_name":"Liars Game","player_choice":"agreed","floor":4,"damage_taken":0}],"is_beta":false,"boss_relics":[],"items_purged_floors":[],"is_endless":false,"potions_floor_spawned":[5,6,8],"killed_by":"Exordium Thugs","ascension_level":4}