{"gold_per_floor":[119,132,142,159,170,200,216,242,242,242],"floor_reached":10,"playtime":863,"items_purged":[],"score":98,"play_id":"b0320f41-f3a9-44ab-b2e2-f7f40ca0ae8a","local_time":"20180720220408","is_ascension_mode":true,"campfire_choices":[],"neow_cost":"","seed_source_timestamp":118698695604953,"circlet_count":0,"master_deck":["Strike_R","Strike_R","Strike_R","Strike_R","Strike_R","Defend_R","Defend_R","Defend_R","Defend_R","Bash","Iron Wave","Flex","Sever Soul","Iron Wave","Second Wind","Warcry","Battle Trance","Exhume"],"relics":["Burning Blood","Mummified Hand","Turnip","Singing Bowl"],"potions_floor_usage":[8,8,8],"damage_taken":[{"damage":1,"enemies":"Cultist","floor":1,"turns":3},{"damage":9,"enemies":"2 Louse","floor":2,"turns":3},{"damage":0,"enemies":"Jaw Worm","floor":3,"turns":3},{"damage":14,"enemies":"Blue Slaver","floor":4,"turns":5},{"damage":15,"enemies":"Gremlin Gang","floor":5,"turns":6},{"damage":30,"enemies":"3 Sentries","floor":6,"turns":10},{"damage":1,"enemies":"2 Fungi Beasts","floor":7,"turns":4},{"damage":38,"enemies":"Lagavulin","floor":8,"turns":7},{"damage":51,"enemies":"Gremlin Nob","floor":10,"turns":4}],"seed_played":"4543502944386761784","potions_obtained":[{"floor":1,"key":"BloodPotion"},{"floor":6,"key":"BloodPotion"},{"floor":7,"key":"Swift Potion"}],"is_trial":false,"path_per_floor":["M","M","M","M","M","E","M","E","T"],"character_chosen":"IRONCLAD","items_purchased":[],"campfire_rested":0,"item_purchase_floors":[],"current_hp_per_floor":[80,77,80,72,63,39,44,28,28,0],"gold":242,"neow_bonus":"","is_prod":false,"is_daily":false,"chose_seed":false,"campfire_upgraded":0,"win_rate":0,"timestamp":1532138648,"path_taken":["M","M","?","?","M","E","M","E","T","E"],"build_version":"2018-07-19v2","purchased_purges":0,"victory":false,"max_hp_per_floor":[80,80,80,80,80,80,80,80,80,80],"card_choices":[{"not_picked":["Dropkick","Bloodletting"],"picked":"Iron Wave","floor":1},{"not_picked":["Wild Strike","Rupture"],"picked":"Flex","floor":2},{"not_picked":["Sentinel","Thunderclap"],"picked":"Sever Soul","floor":3},{"not_picked":["Perfected Strike","Flame Barrier"],"picked":"Iron Wave","floor":4},{"not_picked":["Dual Wield","Blood for Blood"],"picked":"Second Wind","floor":5},{"not_picked":["Perfected Strike","Armaments"],"picked":"Warcry","floor":6},{"not_picked":["Warcry","Havoc"],"picked":"Battle Trance","floor":7},{"not_picked":["Burning Pact","Flex"],"picked":"Exhume","floor":8}],"player_experience":208991,"relics_obtained":[{"floor":6,"key":"Mummified Hand"},{"floor":8,"key":"Turnip"},{"floor":9,"key":"Singing Bowl"}],"event_choices":[],"is_beta":false,"boss_relics":[],"items_purged_floors":[],"is_endless":false,"potions_floor_spawned":[1,6,7],"killed_by":"Gremlin Nob","ascension_level":4}