{"gold_per_floor":[112,132,132,156,156,156,227,262,313,313,338,263,99,113,113,209,209,224,224,224,245,263,263,297,222,222,222,243,192,192,207,207,207],"floor_reached":33,"playtime":1211,"items_purged":["Strike_R"],"score":555,"play_id":"a243d9f4-1478-4d80-a281-d4e8bf124a1e","local_time":"20190805180532","is_ascension_mode":true,"campfire_choices":[{"data":"Bash","floor":6.0,"key":"SMITH"},{"data":"Battle Trance","floor":15.0,"key":"SMITH"},{"data":"Fiend Fire","floor":23.0,"key":"SMITH"},{"data":"True Grit","floor":27.0,"key":"SMITH"},{"data":"Bludgeon","floor":30.0,"key":"SMITH"},{"data":"Body Slam","floor":32.0,"key":"SMITH"}],"neow_cost":"NONE","seed_source_timestamp":258518685570895,"circlet_count":0,"master_deck":["AscendersBane","Defend_R","Defend_R","Defend_R","Bash+1","Clothesline+1","Headbutt","Battle Trance+1","Shrug It Off","Shrug It Off","Spot Weakness","Bludgeon+1","Offering","Shrug It Off","Anger","Infernal Blade","RitualDagger","Fiend Fire+1","True Grit+1","Shrug It Off","Shrug It Off","Body Slam+1"],"special_seed":0,"relics":["Burning Blood","NeowsBlessing","Golden Idol","Whetstone","FossilizedHelix","Lantern","Velvet Choker","PreservedInsect","Darkstone Periapt"],"potions_floor_usage":[33,33],"damage_taken":[{"damage":0.0,"enemies":"Jaw Worm","floor":1.0,"turns":1.0},{"damage":0.0,"enemies":"2 Louse","floor":2.0,"turns":1.0},{"damage":0.0,"enemies":"Small Slimes","floor":4.0,"turns":1.0},{"damage":30.0,"enemies":"Lagavulin Event","floor":7.0,"turns":5.0},{"damage":42.0,"enemies":"3 Sentries","floor":8.0,"turns":9.0},{"damage":0.0,"enemies":"3 Louse","floor":11.0,"turns":3.0},{"damage":0.0,"enemies":"Large Slime","floor":14.0,"turns":4.0},{"damage":16.0,"enemies":"The Guardian","floor":16.0,"turns":12.0},{"damage":4.0,"enemies":"Spheric Guardian","floor":18.0,"turns":4.0},{"damage":6.0,"enemies":"2 Thieves","floor":21.0,"turns":3.0},{"damage":15.0,"enemies":"Shelled Parasite and Fungi","floor":22.0,"turns":4.0},{"damage":15.0,"enemies":"Book of Stabbing","floor":24.0,"turns":4.0},{"damage":0.0,"enemies":"Snake Plant","floor":28.0,"turns":1.0},{"damage":2.0,"enemies":"Chosen and Byrds","floor":31.0,"turns":4.0},{"damage":85,"enemies":"Collector","floor":33,"turns":10}],"seed_played":"1914960952777475802","potions_obtained":[{"floor":2.0,"key":"BloodPotion"},{"floor":4.0,"key":"SteroidPotion"},{"floor":8.0,"key":"LiquidBronze"},{"floor":21.0,"key":"Regen Potion"},{"floor":24.0,"key":"BloodPotion"},{"floor":31.0,"key":"Explosive Potion"}],"is_trial":false,"path_per_floor":["M","M","?","M","?","R","?","E","T","?","M","?","$","M","R","B",null,"M","?","?","M","M","R","E","?","T","R","M","$","R","M","R","B"],"character_chosen":"IRONCLAD","items_purchased":["Spot Weakness","Shrug It Off"],"campfire_rested":0,"item_purchase_floors":[13,29],"current_hp_per_floor":[74,75,49,55,55,55,49,13,13,13,19,19,19,25,25,15,60,62,62,56,56,59,59,50,50,50,50,56,56,56,60,60,0],"gold":207,"neow_bonus":"THREE_ENEMY_KILL","is_prod":false,"is_daily":false,"chose_seed":false,"campfire_upgraded":6,"win_rate":0,"timestamp":1565053532,"path_taken":["M","M","?","M","?","R","?","E","T","?","M","?","?","?","R","BOSS","M","?","?","M","M","R","E","?","T","R","M","$","R","M","R","BOSS"],"build_version":"2019-07-17","purchased_purges":1,"victory":false,"max_hp_per_floor":[75,75,75,75,75,75,75,75,75,75,75,75,75,75,75,75,75,75,75,75,75,75,75,75,75,75,75,75,75,75,75,75,75],"card_choices":[{"not_picked":["Clash","Body Slam"],"picked":"Clothesline","floor":1.0},{"not_picked":["Disarm","Carnage"],"picked":"Headbutt","floor":2.0},{"not_picked":["Uppercut","Clothesline"],"picked":"Battle Trance","floor":4.0},{"not_picked":["Thunderclap","Twin Strike"],"picked":"Shrug It Off","floor":8.0},{"not_picked":["Headbutt","Blood for Blood"],"picked":"Shrug It Off","floor":11.0},{"not_picked":["Uppercut","Clash"],"picked":"Bludgeon","floor":14.0},{"not_picked":["Limit Break","Barricade"],"picked":"Offering","floor":16.0},{"not_picked":["Intimidate","Anger"],"picked":"Shrug It Off","floor":18.0},{"not_picked":["Shockwave","Second Wind+1","Clash"],"picked":"SKIP","floor":21.0},{"not_picked":["Blood for Blood","Infernal Blade"],"picked":"Fiend Fire","floor":22.0},{"not_picked":["Spot Weakness","Wild Strike+1"],"picked":"True Grit","floor":24.0},{"not_picked":["Anger","Wild Strike+1"],"picked":"Shrug It Off","floor":28.0},{"not_picked":["Cleave","Shrug It Off"],"picked":"Body Slam","floor":31.0}],"player_experience":861750,"relics_obtained":[{"floor":7.0,"key":"Whetstone"},{"floor":8.0,"key":"FossilizedHelix"},{"floor":9.0,"key":"Lantern"},{"floor":24.0,"key":"PreservedInsect"},{"floor":26.0,"key":"Darkstone Periapt"}],"event_choices":[{"damage_healed":0.0,"max_hp_gain":0.0,"max_hp_loss":0.0,"gold_gain":0.0,"event_name":"Golden Idol","player_choice":"Take Damage","floor":3.0,"gold_loss":0.0,"damage_taken":26.0,"relics_obtained":["Golden Idol"]},{"cards_removed":["Strike_R"],"damage_healed":0.0,"max_hp_gain":0.0,"max_hp_loss":0.0,"gold_gain":0.0,"event_name":"Living Wall","player_choice":"Forget","floor":5.0,"gold_loss":0.0,"damage_taken":0.0},{"damage_healed":0.0,"max_hp_gain":0.0,"max_hp_loss":0.0,"gold_gain":30.0,"event_name":"Dead Adventurer","player_choice":"Searched \u00272\u0027 times","floor":7.0,"gold_loss":0.0,"damage_taken":0.0},{"damage_healed":0.0,"max_hp_gain":0.0,"max_hp_loss":0.0,"gold_gain":0.0,"event_name":"Liars Game","player_choice":"Ignored","floor":10.0,"gold_loss":0.0,"damage_taken":0.0},{"cards_removed":["Strike_R"],"damage_healed":0.0,"max_hp_gain":0.0,"max_hp_loss":0.0,"gold_gain":0.0,"event_name":"The Cleric","player_choice":"Card Removal","floor":12.0,"gold_loss":75.0,"damage_taken":0.0},{"damage_healed":0.0,"max_hp_gain":0.0,"max_hp_loss":0.0,"gold_gain":0.0,"cards_transformed":["Strike_R","Strike_R"],"event_name":"Drug Dealer","player_choice":"Became Test Subject","floor":19.0,"gold_loss":0.0,"damage_taken":0.0,"cards_obtained":["Anger","Infernal Blade"]},{"damage_healed":0.0,"max_hp_gain":0.0,"max_hp_loss":0.0,"gold_gain":0.0,"event_name":"Nest","player_choice":"Joined the Cult","floor":20.0,"gold_loss":0.0,"damage_taken":6.0,"cards_obtained":["RitualDagger"]},{"cards_removed":["Defend_R"],"damage_healed":0.0,"max_hp_gain":0.0,"max_hp_loss":0.0,"gold_gain":0.0,"event_name":"Beggar","player_choice":"Gave Gold","floor":25.0,"gold_loss":75.0,"damage_taken":0.0}],"is_beta":false,"boss_relics":[{"not_picked":["Lizard Tail","Mark of Pain"],"picked":"Velvet Choker"}],"items_purged_floors":[13],"is_endless":false,"potions_floor_spawned":[2,4,8,21,24,31],"killed_by":"Collector","ascension_level":20}