{"gold_per_floor":[111,111,122,142,142,169,169,169,216,229,229,75,75,75,75,168,168,142,142,160,183,202,202,202,202,202,202,222,245,245,261,261,350,350,369,393,137,162,162,162,162,162,162,198,214,214,50,50,50,50,50],"floor_reached":52,"playtime":3696,"items_purged":["Strike_B"],"score":965,"play_id":"3c755f47-1c52-4c22-8ed2-a5412a651b0b","local_time":"20190520224914","is_ascension_mode":true,"campfire_choices":[{"data":"Defragment","floor":11.0,"key":"SMITH"},{"data":"Zap","floor":13.0,"key":"SMITH"},{"data":"Loop","floor":15.0,"key":"SMITH"},{"data":"Fusion","floor":23.0,"key":"SMITH"},{"data":"Recycle","floor":25.0,"key":"SMITH"},{"data":"Hologram","floor":30.0,"key":"SMITH"},{"floor":32.0,"key":"REST"},{"floor":40.0,"key":"REST"},{"data":"Coolheaded","floor":41.0,"key":"SMITH"},{"data":"Coolheaded","floor":42.0,"key":"SMITH"},{"data":"Double Energy","floor":49,"key":"SMITH"}],"neow_cost":"PERCENT_DAMAGE","seed_source_timestamp":0,"circlet_count":0,"master_deck":["AscendersBane","Defend_B","Defend_B","Defend_B","Zap+1","Dualcast+1","Conserve Battery+1","Ball Lightning","Hologram+1","Defragment+1","Glacier","Loop+1","Core Surge","Recycle+1","Defragment+1","BootSequence","Compile Driver+1","Fusion+1","Chaos+1","Redo+1","Coolheaded+1","Meteor Strike","Coolheaded+1","Aggregate+1","Double Energy+1"],"special_seed":0,"relics":["Cracked Core","WingedGreaves","DataDisk","Golden Idol","Pen Nib","Runic Pyramid","Darkstone Periapt","Empty Cage","Membership Card","Pear","Bottled Flame","Bottled Lightning"],"potions_floor_usage":[45,45],"damage_taken":[{"damage":12.0,"enemies":"Jaw Worm","floor":1.0,"turns":3.0},{"damage":0.0,"enemies":"Cultist","floor":3.0,"turns":4.0},{"damage":2.0,"enemies":"Small Slimes","floor":4.0,"turns":3.0},{"damage":2.0,"enemies":"Exordium Wildlife","floor":10.0,"turns":6.0},{"damage":1.0,"enemies":"Hexaghost","floor":16.0,"turns":9.0},{"damage":9.0,"enemies":"2 Thieves","floor":18.0,"turns":4.0},{"damage":8.0,"enemies":"Shell Parasite","floor":20.0,"turns":5.0},{"damage":0.0,"enemies":"Snecko","floor":21.0,"turns":5.0},{"damage":19.0,"enemies":"3 Cultists","floor":22.0,"turns":5.0},{"damage":0.0,"enemies":"Colosseum Slavers","floor":24.0,"turns":4.0},{"damage":0.0,"enemies":"Snake Plant","floor":28.0,"turns":4.0},{"damage":4.0,"enemies":"Chosen and Byrds","floor":29.0,"turns":6.0},{"damage":10.0,"enemies":"Shelled Parasite and Fungi","floor":31.0,"turns":4.0},{"damage":3.0,"enemies":"Champ","floor":33.0,"turns":7.0},{"damage":29.0,"enemies":"3 Darklings","floor":35.0,"turns":5.0},{"damage":1.0,"enemies":"Orb Walker","floor":36.0,"turns":4.0},{"damage":2.0,"enemies":"Writhing Mass","floor":38.0,"turns":6.0},{"damage":27.0,"enemies":"Nemesis","floor":44.0,"turns":9.0},{"damage":11,"enemies":"3 Darklings","floor":45,"turns":5}],"seed_played":"7303898071116160411","potions_obtained":[{"floor":1.0,"key":"SneckoOil"},{"floor":4.0,"key":"EssenceOfSteel"},{"floor":16.0,"key":"Ancient Potion"},{"floor":21.0,"key":"SkillPotion"},{"floor":27.0,"key":"Dexterity Potion"},{"floor":28.0,"key":"Swift Potion"},{"floor":44,"key":"Swift Potion"},{"floor":45,"key":"Fruit Juice"}],"is_trial":false,"path_per_floor":["M","?","M","M","?","T","?","?","T","M","R","$","R","?","R","B",null,"M","?","M","M","M","R","?","R","T","?","M","M","R","M","R","B",null,"M","M","$","M","?","R","R","R","T","E","M","?","$","?","R","B","B",null],"character_chosen":"DEFECT","items_purchased":["Glacier","Membership Card","Coolheaded","Energy Potion","Bottled Lightning"],"campfire_rested":2,"item_purchase_floors":[12,37,37,47,47],"current_hp_per_floor":[34,34,34,32,55,55,55,36,36,34,34,34,34,34,34,33,56,47,47,39,39,20,20,20,20,20,20,20,16,16,6,25,22,54,25,24,24,22,17,36,36,36,46,19,13,13,13,65,65,22,14],"gold":50,"neow_bonus":"ONE_RARE_RELIC","is_prod":false,"is_daily":false,"chose_seed":false,"campfire_upgraded":9,"win_rate":0,"timestamp":1558363754,"path_taken":["M","?","M","?","?","?","?","?","T","M","R","$","R","?","R","BOSS","M","?","M","M","?","R","?","R","T","?","?","?","R","M","R","BOSS","M","M","$","M","?","R","R","R","T","E","M","?","$","?","R","BOSS","BOSS"],"build_version":"2019-01-23","purchased_purges":1,"victory":true,"max_hp_per_floor":[71,71,71,71,71,71,64,64,64,64,64,64,64,64,64,64,64,64,64,64,64,64,64,64,64,64,64,64,64,64,64,64,64,64,64,64,64,64,64,64,64,64,74,74,79,79,79,65,65,65,65],"card_choices":[{"not_picked":["Reprogram","Steam"],"picked":"Conserve Battery","floor":1.0},{"not_picked":["Stack","Compile Driver"],"picked":"Ball Lightning","floor":3.0},{"not_picked":["Sweeping Beam","Leap"],"picked":"Hologram","floor":4.0},{"not_picked":["Barrage","Steam"],"picked":"Defragment","floor":10.0},{"not_picked":["Hyperbeam","Fission"],"picked":"Core Surge","floor":16.0},{"not_picked":["Hologram","Hello World"],"picked":"Recycle","floor":18.0},{"not_picked":["Storm","Redo"],"picked":"BootSequence","floor":20.0},{"not_picked":["Darkness","Stack"],"picked":"Compile Driver+1","floor":21.0},{"not_picked":["Hologram+1","Streamline"],"picked":"Fusion","floor":22.0},{"not_picked":["Double Energy","Aggregate"],"picked":"Chaos+1","floor":28.0},{"not_picked":["Turbo","Seek"],"picked":"Redo+1","floor":29.0},{"not_picked":["Sweeping Beam","Cold Snap"],"picked":"Coolheaded","floor":31.0},{"not_picked":["Fission","Core Surge"],"picked":"Meteor Strike","floor":33.0},{"not_picked":["Darkness+1","Redo","Barrage+1"],"picked":"SKIP","floor":35.0},{"not_picked":["Undo+1","Darkness","Stack"],"picked":"SKIP","floor":36.0},{"not_picked":["Hologram","Sweeping Beam+1","Beam Cell+1"],"picked":"SKIP","floor":38.0},{"not_picked":["Streamline","Fusion"],"picked":"Aggregate+1","floor":44},{"not_picked":["Rebound","Go for the Eyes+1"],"picked":"Double Energy","floor":45}],"player_experience":1729059,"relics_obtained":[{"floor":6.0,"key":"DataDisk"},{"floor":9.0,"key":"Pen Nib"},{"floor":26.0,"key":"Darkstone Periapt"},{"floor":43.0,"key":"Pear"},{"floor":44,"key":"Bottled Flame"}],"event_choices":[{"cards_removed":["Strike_B"],"damage_healed":0.0,"max_hp_gain":0.0,"max_hp_loss":0.0,"gold_gain":0.0,"event_name":"Purifier","player_choice":"Purged","floor":2.0,"gold_loss":0.0,"damage_taken":0.0},{"damage_healed":23.0,"max_hp_gain":0.0,"max_hp_loss":0.0,"gold_gain":0.0,"event_name":"Big Fish","player_choice":"Banana","floor":5.0,"gold_loss":0.0,"damage_taken":0.0},{"damage_healed":0.0,"max_hp_gain":0.0,"max_hp_loss":7.0,"gold_gain":0.0,"event_name":"Golden Idol","player_choice":"Lose Max HP","floor":7.0,"gold_loss":0.0,"damage_taken":0.0,"relics_obtained":["Golden Idol"]},{"damage_healed":0.0,"max_hp_gain":0.0,"max_hp_loss":0.0,"gold_gain":0.0,"event_name":"Shining Light","player_choice":"Entered Light","floor":8.0,"gold_loss":0.0,"damage_taken":19.0,"cards_upgraded":["Dualcast","Conserve Battery"]},{"damage_healed":0.0,"max_hp_gain":0.0,"max_hp_loss":0.0,"gold_gain":0.0,"cards_transformed":["Strike_B"],"event_name":"Transmorgrifier","player_choice":"Transformed","floor":14.0,"gold_loss":0.0,"damage_taken":0.0,"cards_obtained":["Loop"]},{"damage_healed":0.0,"max_hp_gain":0.0,"max_hp_loss":0.0,"gold_gain":0.0,"event_name":"Duplicator","player_choice":"Copied","floor":19.0,"gold_loss":0.0,"damage_taken":0.0,"cards_obtained":["Defragment"]},{"damage_healed":0.0,"max_hp_gain":0.0,"max_hp_loss":0.0,"gold_gain":0.0,"event_name":"Colosseum","player_choice":"Fight","floor":24.0,"gold_loss":0.0,"damage_taken":0.0},{"damage_healed":0.0,"max_hp_gain":0.0,"max_hp_loss":0.0,"gold_gain":0.0,"event_name":"Colosseum","player_choice":"Fled From Nobs","floor":24.0,"gold_loss":0.0,"damage_taken":0.0},{"damage_healed":0.0,"max_hp_gain":0.0,"max_hp_loss":0.0,"gold_gain":0.0,"event_name":"Lab","player_choice":"Got Potions","floor":27.0,"gold_loss":0.0,"damage_taken":0.0},{"damage_healed":0.0,"max_hp_gain":0.0,"max_hp_loss":0.0,"gold_gain":0.0,"event_name":"Designer","player_choice":"Punched","floor":39.0,"gold_loss":0.0,"damage_taken":5.0},{"damage_healed":0,"gold_gain":0,"player_choice":"Ignored","damage_taken":0,"max_hp_gain":0,"max_hp_loss":0,"event_name":"Mysterious Sphere","floor":46,"gold_loss":0},{"damage_healed":65,"gold_gain":0,"player_choice":"Heal","damage_taken":0,"max_hp_gain":0,"max_hp_loss":14,"event_name":"The Moai Head","floor":48,"gold_loss":0}],"is_beta":false,"boss_relics":[{"not_picked":["Cursed Key","Fusion Hammer"],"picked":"Runic Pyramid"},{"not_picked":["Philosopher\u0027s Stone","FrozenCore"],"picked":"Empty Cage"}],"items_purged_floors":[12],"is_endless":false,"potions_floor_spawned":[1,4,16,18,21,28,29,44,45],"ascension_level":20}