{"gold_per_floor":[144,144,144,219,264,354,354,399,449,494,545,590,635,725,737,749],"floor_reached":16,"playtime":825,"items_purged":[],"score":162,"play_id":"7d79a5ab-6e8b-4e58-b44e-9dddb1fee0d1","local_time":"20180824121457","daily_mods":["Specialized","Midas","Vintage"],"is_ascension_mode":false,"campfire_choices":[{"floor":7,"key":"REST"},{"floor":15,"key":"DIG"}],"neow_cost":"","seed_source_timestamp":0,"circlet_count":0,"master_deck":["Strike_R","Strike_R","Strike_R","Defend_R","Defend_R","Defend_R","Defend_R","Bash","Reaper","Reaper","Reaper+1","Reaper","Reaper","Feed","Iron Wave+1","Second Wind","Feel No Pain"],"special_seed":17767,"relics":["Burning Blood","Bronze Scales","Unceasing Top","Orichalcum","Strawberry","Omamori","Shovel","Odd Mushroom","Whetstone","Self Forming Clay","MawBank","Matryoshka"],"potions_floor_usage":[6,14,16],"damage_taken":[{"damage":11,"enemies":"Cultist","floor":1,"turns":5},{"damage":9,"enemies":"Small Slimes","floor":5,"turns":4},{"damage":53,"enemies":"3 Sentries","floor":6,"turns":11},{"damage":3,"enemies":"Jaw Worm","floor":8,"turns":3},{"damage":12,"enemies":"Looter","floor":10,"turns":4},{"damage":31,"enemies":"The Mushroom Lair","floor":11,"turns":4},{"damage":10,"enemies":"3 Louse","floor":12,"turns":4},{"damage":8,"enemies":"Exordium Wildlife","floor":13,"turns":5},{"damage":38,"enemies":"Lagavulin","floor":14,"turns":10},{"damage":78,"enemies":"The Guardian","floor":16,"turns":15}],"seed_played":"-2736081404112847193","potions_obtained":[{"floor":5,"key":"Block Potion"},{"floor":6,"key":"Strength Potion"},{"floor":11,"key":"Ancient Potion"},{"floor":13,"key":"EssenceOfSteel"},{"floor":14,"key":"SpeedPotion"}],"is_trial":false,"path_per_floor":["M","?","?","?","M","E","R","M","T","M","?","M","M","E","R"],"character_chosen":"IRONCLAD","items_purchased":[],"campfire_rested":1,"item_purchase_floors":[],"current_hp_per_floor":[75,75,75,64,64,50,74,84,84,82,75,78,92,67,67,5],"gold":749,"neow_bonus":"","is_prod":false,"is_daily":true,"chose_seed":false,"campfire_upgraded":0,"win_rate":0,"timestamp":1535080497,"path_taken":["M","?","?","?","M","E","R","M","T","M","?","M","?","E","R","BOSS"],"build_version":"2018-08-23","purchased_purges":0,"victory":false,"max_hp_per_floor":[80,80,80,80,83,83,83,90,90,90,90,93,96,96,96,96],"card_choices":[{"not_picked":["Intimidate","Reckless Charge"],"picked":"Iron Wave","floor":6},{"not_picked":["Sentinel","Evolve"],"picked":"Second Wind","floor":11},{"not_picked":["Blood for Blood","Carnage"],"picked":"Feel No Pain","floor":14}],"player_experience":222709,"relics_obtained":[{"floor":1,"key":"Bronze Scales"},{"floor":5,"key":"Unceasing Top"},{"floor":6,"key":"Orichalcum"},{"floor":8,"key":"Strawberry"},{"floor":9,"key":"Omamori"},{"floor":10,"key":"Shovel"},{"floor":11,"key":"Odd Mushroom"},{"floor":12,"key":"Whetstone"},{"floor":13,"key":"Self Forming Clay"},{"floor":14,"key":"MawBank"},{"floor":15,"key":"Matryoshka"}],"event_choices":[{"event_name":"Bonfire Elementals","player_choice":"BASIC","floor":2,"damage_taken":0},{"event_name":"Living Wall","player_choice":"Change","floor":3,"damage_taken":0},{"event_name":"World of Goop","player_choice":"Gather Gold","floor":4,"damage_taken":0},{"event_name":"Mushrooms","player_choice":"Fought Mushrooms","floor":11,"damage_taken":0}],"is_beta":false,"boss_relics":[],"items_purged_floors":[],"is_endless":false,"potions_floor_spawned":[5,6,11,13,14],"killed_by":"The Guardian","ascension_level":0}