{"gold_per_floor":[112,112,112,128,28,56,56,56,102,115,115,127,146,146,146,220,220,237,137,52,52,52,52,87,87,112,112,191,191,208,225,225,302,302,314,1313,1329,1329,1349,1349,1349],"floor_reached":41,"playtime":889,"items_purged":["Pain","Headbutt"],"score":964,"play_id":"031ff204-93fc-4b15-b3ba-863430b95d81","local_time":"20190603214119","is_ascension_mode":true,"campfire_choices":[{"data":"Armaments","floor":8.0,"key":"SMITH"},{"data":"Searing Blow","floor":11.0,"key":"SMITH"},{"data":"Searing Blow+1","floor":15.0,"key":"SMITH"},{"data":"Searing Blow+2","floor":23.0,"key":"SMITH"},{"data":"Searing Blow+4","floor":25.0,"key":"SMITH"},{"data":"Searing Blow+5","floor":32.0,"key":"SMITH"},{"data":"Searing Blow+6","floor":40.0,"key":"SMITH"}],"neow_cost":"NONE","seed_source_timestamp":108043566401967,"circlet_count":0,"master_deck":["AscendersBane","Spot Weakness","Armaments+1","Searing Blow+7","Battle Trance","Feed+1","Limit Break","Feel No Pain","Impervious","Feel No Pain","Reaper","Normality"],"special_seed":0,"relics":["Burning Blood","NeowsBlessing","WarpedTongs","Bag of Preparation","Pandora\u0027s Box","Omamori","Whetstone","Ancient Tea Set","Meat on the Bone","Regal Pillow","Velvet Choker"],"potions_floor_usage":[],"damage_taken":[{"damage":0.0,"enemies":"Small Slimes","floor":1.0,"turns":1.0},{"damage":1.0,"enemies":"2 Louse","floor":4.0,"turns":2.0},{"damage":0.0,"enemies":"3 Sentries","floor":6.0,"turns":1.0},{"damage":1.0,"enemies":"Cultist","floor":10.0,"turns":3.0},{"damage":6.0,"enemies":"Lots of Slimes","floor":12.0,"turns":4.0},{"damage":6.0,"enemies":"Looter","floor":13.0,"turns":2.0},{"damage":50.0,"enemies":"Hexaghost","floor":16.0,"turns":7.0},{"damage":11.0,"enemies":"Spheric Guardian","floor":18.0,"turns":3.0},{"damage":53.0,"enemies":"Slavers","floor":24.0,"turns":4.0},{"damage":0.0,"enemies":"Chosen","floor":30.0,"turns":4.0},{"damage":11.0,"enemies":"Sentry and Sphere","floor":31.0,"turns":4.0},{"damage":41.0,"enemies":"Automaton","floor":33.0,"turns":5.0},{"damage":3.0,"enemies":"3 Shapes","floor":35.0,"turns":6.0},{"damage":22.0,"enemies":"3 Darklings","floor":37.0,"turns":6.0},{"damage":35.0,"enemies":"Writhing Mass","floor":39.0,"turns":5.0},{"damage":59,"enemies":"Nemesis","floor":41,"turns":5}],"seed_played":"-1132030977464032206","potions_obtained":[{"floor":1.0,"key":"Strength Potion"},{"floor":4.0,"key":"AttackPotion"},{"floor":13.0,"key":"Swift Potion"},{"floor":30.0,"key":"Fruit Juice"},{"floor":33.0,"key":"SpeedPotion"},{"floor":35.0,"key":"Ancient Potion"}],"is_trial":false,"path_per_floor":["M","?","?","M","$","E","?","R","T","M","R","M","M","?","R","B",null,"M","$","?","?","$","R","E","R","T","?","T","T","M","M","R","B",null,"M","?","M","?","M","R","E"],"character_chosen":"IRONCLAD","items_purchased":["Armaments"],"campfire_rested":0,"item_purchase_floors":[5],"current_hp_per_floor":[74,74,74,75,75,75,75,75,75,75,75,75,75,68,68,24,62,61,61,61,61,61,61,14,14,14,14,14,14,37,48,48,25,72,88,88,90,90,63,63,5],"gold":1349,"neow_bonus":"THREE_ENEMY_KILL","is_prod":false,"is_daily":false,"chose_seed":false,"campfire_upgraded":7,"win_rate":0,"timestamp":1559569279,"path_taken":["M","?","?","?","?","E","?","R","T","M","R","M","?","?","R","BOSS","M","$","?","?","?","R","E","R","T","?","?","?","M","?","R","BOSS","M","?","M","?","M","R","E"],"build_version":"2019-01-23","purchased_purges":2,"victory":false,"max_hp_per_floor":[75,75,75,75,75,75,75,75,75,75,75,75,75,75,75,75,75,79,79,79,79,79,79,79,79,79,79,79,79,84,88,88,88,88,88,88,92,92,92,92,92],"card_choices":[{"not_picked":["Metallicize","Hemokinesis","Intimidate"],"picked":"SKIP","floor":1.0},{"not_picked":["Combust","Iron Wave"],"picked":"Spot Weakness","floor":4.0},{"not_picked":["Anger","Pommel Strike"],"picked":"Searing Blow","floor":6.0},{"not_picked":["Twin Strike","Wild Strike"],"picked":"Battle Trance","floor":10.0},{"not_picked":["Intimidate","Twin Strike","Havoc"],"picked":"SKIP","floor":12.0},{"not_picked":["Pommel Strike","Blood for Blood","Iron Wave"],"picked":"SKIP","floor":13.0},{"not_picked":["Bludgeon","Exhume"],"picked":"Feed","floor":16.0},{"not_picked":["Flex","Rampage","Perfected Strike"],"picked":"SKIP","floor":18.0},{"not_picked":["Blood for Blood","Clash","Pummel"],"picked":"SKIP","floor":24.0},{"not_picked":["Cleave","Feel No Pain","Warcry"],"picked":"SKIP","floor":30.0},{"not_picked":["Ghostly Armor","Havoc","Inflame"],"picked":"SKIP","floor":31.0},{"not_picked":["Exhume","Limit Break"],"picked":"Reaper","floor":33.0},{"not_picked":["Heavy Blade","Warcry","Rampage"],"picked":"SKIP","floor":35.0},{"not_picked":["Twin Strike","Sword Boomerang+1","Clash+1"],"picked":"SKIP","floor":37.0},{"not_picked":["Inflame","Searing Blow","Perfected Strike"],"picked":"SKIP","floor":39.0}],"player_experience":1850728,"relics_obtained":[{"floor":6.0,"key":"Bag of Preparation"},{"floor":24.0,"key":"Whetstone"},{"floor":26.0,"key":"Ancient Tea Set"},{"floor":28.0,"key":"Meat on the Bone"},{"floor":29.0,"key":"Regal Pillow"}],"event_choices":[{"cards_removed":["Strike_R"],"damage_healed":0.0,"max_hp_gain":0.0,"max_hp_loss":0.0,"gold_gain":0.0,"event_name":"Living Wall","player_choice":"Forget","floor":2.0,"gold_loss":0.0,"damage_taken":0.0},{"damage_healed":0.0,"max_hp_gain":0.0,"max_hp_loss":0.0,"gold_gain":0.0,"event_name":"Accursed Blacksmith","player_choice":"Rummage","floor":3.0,"gold_loss":0.0,"damage_taken":0.0,"relics_obtained":["WarpedTongs"],"cards_obtained":["Pain"]},{"cards_removed":["Strike_R"],"damage_healed":0.0,"max_hp_gain":0.0,"max_hp_loss":0.0,"gold_gain":0.0,"event_name":"Purifier","player_choice":"Purged","floor":7.0,"gold_loss":0.0,"damage_taken":0.0},{"cards_removed":["Strike_R"],"damage_healed":0.0,"max_hp_gain":0.0,"max_hp_loss":0.0,"gold_gain":0.0,"event_name":"Golden Wing","player_choice":"Card Removal","floor":14.0,"gold_loss":0.0,"damage_taken":7.0},{"damage_healed":0.0,"max_hp_gain":0.0,"max_hp_loss":0.0,"gold_gain":0.0,"event_name":"Addict","player_choice":"Obtained Relic","floor":20.0,"gold_loss":85.0,"damage_taken":0.0,"relics_obtained":["Omamori"]},{"cards_removed":["Bash"],"damage_healed":0.0,"max_hp_gain":0.0,"max_hp_loss":0.0,"gold_gain":0.0,"event_name":"Back to Basics","player_choice":"Elegance","floor":21.0,"gold_loss":0.0,"damage_taken":0.0},{"damage_healed":0.0,"max_hp_gain":0.0,"max_hp_loss":0.0,"gold_gain":0.0,"event_name":"Forgotten Altar","player_choice":"Smashed Altar","floor":27.0,"gold_loss":0.0,"damage_taken":0.0,"cards_obtained":["Decay"]},{"damage_healed":0.0,"max_hp_gain":0.0,"max_hp_loss":0.0,"gold_gain":999.0,"event_name":"MindBloom","player_choice":"Gold","floor":36.0,"gold_loss":0.0,"damage_taken":0.0,"cards_obtained":["Normality","Normality"]},{"cards_removed":["Dark Embrace"],"damage_healed":0.0,"max_hp_gain":0.0,"max_hp_loss":0.0,"gold_gain":0.0,"event_name":"Falling","player_choice":"Removed Power","floor":38.0,"gold_loss":0.0,"damage_taken":0.0}],"is_beta":false,"boss_relics":[{"not_picked":["Cursed Key","Coffee Dripper"],"picked":"Pandora\u0027s Box"},{"not_picked":["Calling Bell","Eternal Feather"],"picked":"Velvet Choker"}],"items_purged_floors":[5,19],"is_endless":false,"potions_floor_spawned":[1,4,13,30,33,35],"killed_by":"Nemesis","ascension_level":20}