{"gold_per_floor":[216,216,227,2,2,2,18,53,53,78,122,24,24,368,368,368],"floor_reached":16,"playtime":863,"items_purged":["Regret"],"score":148,"play_id":"4e65b8c3-70cc-460b-9bd4-e3fabfb84be5","local_time":"20190725014951","is_ascension_mode":true,"campfire_choices":[{"data":"Cleave","floor":6,"key":"SMITH"},{"data":"Flex","floor":13,"key":"SMITH"},{"data":"Body Slam","floor":15,"key":"SMITH"}],"neow_cost":"NONE","seed_source_timestamp":1221025413806800,"circlet_count":0,"master_deck":["Strike_R","Strike_R","Strike_R","Strike_R","Strike_R","Defend_R","Defend_R","Defend_R","Defend_R","Bash","Iron Wave","Cleave+1","Injury","Iron Wave","Body Slam+1","Flex+1","Thunderclap"],"relics":["Burning Blood","Potion Belt","PreservedInsect","Golden Idol","Regal Pillow","Meat on the Bone","Happy Flower","Old Coin"],"potions_floor_usage":[8,11,11,14,16],"damage_taken":[{"damage":6,"enemies":"2 Louse","floor":1,"turns":4},{"damage":11,"enemies":"Jaw Worm","floor":3,"turns":6},{"damage":1,"enemies":"Cultist","floor":7,"turns":3},{"damage":33,"enemies":"Gremlin Nob","floor":8,"turns":5},{"damage":16,"enemies":"2 Fungi Beasts","floor":10,"turns":3},{"damage":20,"enemies":"Lagavulin","floor":11,"turns":3},{"damage":18,"enemies":"Gremlin Nob","floor":14,"turns":3},{"damage":61,"enemies":"Slime Boss","floor":16,"turns":8}],"seed_played":"-476114800962093066","potions_obtained":[{"floor":7,"key":"SkillPotion"},{"floor":8,"key":"FearPotion"},{"floor":10,"key":"SteroidPotion"},{"floor":14,"key":"Block Potion"}],"is_trial":false,"path_per_floor":["M","?","M","$","?","R","M","E","T","M","E","$","R","E","R","B"],"character_chosen":"IRONCLAD","items_purchased":["PreservedInsect","Flex","AttackPotion"],"campfire_rested":0,"item_purchase_floors":[4,12,12],"current_hp_per_floor":[80,80,75,75,75,75,80,53,53,55,53,53,53,53,53,0],"gold":368,"neow_bonus":"HUNDRED_GOLD","is_prod":false,"is_daily":false,"chose_seed":false,"campfire_upgraded":3,"win_rate":0,"timestamp":1564037391,"path_taken":["M","?","M","$","?","R","M","E","T","M","E","$","R","E","R","BOSS"],"build_version":"2019-07-17","purchased_purges":1,"victory":false,"max_hp_per_floor":[80,80,80,80,80,80,80,80,80,80,80,80,80,80,80,80],"card_choices":[{"not_picked":["Ghostly Armor","Headbutt"],"picked":"Iron Wave","floor":1},{"not_picked":["Warcry","Feel No Pain"],"picked":"Cleave","floor":3},{"not_picked":["Twin Strike","Heavy Blade"],"picked":"Iron Wave","floor":7},{"not_picked":["Headbutt","Exhume","Corruption"],"picked":"SKIP","floor":8},{"not_picked":["Feel No Pain","Searing Blow","Hemokinesis"],"picked":"SKIP","floor":10},{"not_picked":["Fire Breathing","Thunderclap"],"picked":"Body Slam","floor":11},{"not_picked":["Wild Strike","Havoc"],"picked":"Thunderclap","floor":14}],"player_experience":145391,"relics_obtained":[{"floor":8,"key":"Regal Pillow"},{"floor":9,"key":"Meat on the Bone"},{"floor":11,"key":"Happy Flower"},{"floor":14,"key":"Old Coin"}],"event_choices":[{"damage_healed":0,"gold_gain":0,"player_choice":"Box","damage_taken":0,"relics_obtained":["Potion Belt"],"max_hp_gain":0,"max_hp_loss":0,"event_name":"Big Fish","floor":2,"gold_loss":0,"cards_obtained":["Regret"]},{"damage_healed":0,"gold_gain":0,"player_choice":"Take Wound","damage_taken":0,"relics_obtained":["Golden Idol"],"max_hp_gain":0,"max_hp_loss":0,"event_name":"Golden Idol","floor":5,"gold_loss":0,"cards_obtained":["Injury"]}],"is_beta":false,"boss_relics":[],"items_purged_floors":[4],"is_endless":false,"potions_floor_spawned":[7,8,10,14],"killed_by":"Slime Boss","ascension_level":5}