{"gold_per_floor":[114,133,143,54,72,92,92,92,92,92,92,126,146,159,159,263,263,276,206,218,218,232,232,249,249,249,249,262,262],"floor_reached":29,"playtime":1346,"items_purged":[],"score":344,"play_id":"0b060c4a-7782-4cc4-aa32-2d833c9dbb1b","local_time":"20190805021552","is_ascension_mode":true,"campfire_choices":[{"floor":8.0,"key":"REST"},{"data":"Barricade","floor":11.0,"key":"SMITH"},{"floor":15,"key":"REST"},{"floor":23,"key":"REST"},{"data":"Inflame","floor":25,"key":"SMITH"},{"floor":27,"key":"REST"}],"neow_cost":"NONE","seed_source_timestamp":1000843886904582,"circlet_count":0,"master_deck":["AscendersBane","Strike_R","Strike_R","Strike_R","Strike_R","Strike_R","Defend_R","Defend_R","Defend_R","Defend_R+1","Bash","Inflame+1","Dual Wield","Panacea","Pommel Strike","Barricade+1","Pummel","Impervious","Seeing Red+1","Corruption","Flame Barrier+1","Clumsy"],"special_seed":0,"relics":["Burning Blood","Dodecahedron","Mummified Hand","Cursed Key","Blood Vial"],"potions_floor_usage":[13,16,16,20,22,24],"damage_taken":[{"damage":6.0,"enemies":"Cultist","floor":1.0,"turns":3.0},{"damage":4.0,"enemies":"Jaw Worm","floor":2.0,"turns":3.0},{"damage":16.0,"enemies":"2 Louse","floor":3.0,"turns":3.0},{"damage":30.0,"enemies":"Exordium Thugs","floor":5.0,"turns":6.0},{"damage":16.0,"enemies":"Blue Slaver","floor":6.0,"turns":4.0},{"damage":22.0,"enemies":"Lagavulin","floor":12.0,"turns":7.0},{"damage":13,"enemies":"Lots of Slimes","floor":13,"turns":4},{"damage":0,"enemies":"Large Slime","floor":14,"turns":5},{"damage":37,"enemies":"The Guardian","floor":16,"turns":13},{"damage":9,"enemies":"Spheric Guardian","floor":18,"turns":4},{"damage":37,"enemies":"Chosen","floor":20,"turns":5},{"damage":31,"enemies":"Shelled Parasite and Fungi","floor":22,"turns":6},{"damage":1,"enemies":"Chosen and Byrds","floor":24,"turns":4},{"damage":53,"enemies":"Centurion and Healer","floor":28,"turns":7},{"damage":38,"enemies":"Masked Bandits","floor":29,"turns":3}],"seed_played":"-7434880234214556057","potions_obtained":[{"floor":1.0,"key":"Fire Potion"},{"floor":6.0,"key":"Fire Potion"},{"floor":13,"key":"Dexterity Potion"},{"floor":14,"key":"LiquidBronze"},{"floor":18,"key":"GamblersBrew"},{"floor":20,"key":"Energy Potion"},{"floor":22,"key":"SkillPotion"}],"is_trial":false,"path_per_floor":["M","M","M","$","M","M","?","R","T","$","R","E","M","M","R","B",null,"M","$","M","?","M","R","M","R","T","R","M","?"],"character_chosen":"IRONCLAD","items_purchased":["Panacea","Corruption"],"campfire_rested":4,"item_purchase_floors":[4,19],"current_hp_per_floor":[72,74,64,64,40,30,30,54,54,54,54,38,31,37,61,30,68,65,65,34,34,9,33,38,38,38,62,17,0],"gold":262,"neow_bonus":"UPGRADE_CARD","is_prod":false,"is_daily":false,"chose_seed":false,"campfire_upgraded":2,"win_rate":0,"timestamp":1564985752,"path_taken":["M","M","M","?","M","?","?","R","T","$","R","E","M","M","R","BOSS","M","$","M","?","M","R","?","R","T","R","M","?"],"build_version":"2019-07-17","purchased_purges":0,"victory":false,"max_hp_per_floor":[80,80,80,80,80,80,80,80,80,80,80,80,80,80,80,80,80,80,80,80,80,80,80,80,80,80,80,80,80],"card_choices":[{"not_picked":["Reckless Charge","Warcry"],"picked":"Inflame","floor":1.0},{"not_picked":["Warcry","Searing Blow"],"picked":"Dual Wield","floor":2.0},{"not_picked":["Armaments","Clothesline","Clash"],"picked":"SKIP","floor":3.0},{"not_picked":["Havoc","Anger"],"picked":"Pommel Strike","floor":5.0},{"not_picked":["Spot Weakness","Shrug It Off"],"picked":"Barricade","floor":6.0},{"not_picked":["Carnage","Rupture","Infernal Blade"],"picked":"SKIP","floor":12.0},{"not_picked":["Anger","Headbutt"],"picked":"Pummel","floor":13},{"not_picked":["Thunderclap","Dropkick","Clothesline"],"picked":"SKIP","floor":14},{"not_picked":["Dark Embrace","Fiend Fire"],"picked":"Impervious","floor":16},{"not_picked":["Blood for Blood","Searing Blow"],"picked":"Seeing Red","floor":18},{"not_picked":["Clothesline","True Grit","Infernal Blade"],"picked":"SKIP","floor":20},{"not_picked":["Second Wind","Headbutt+1"],"picked":"Flame Barrier+1","floor":22},{"not_picked":["Pommel Strike","Anger+1","Reckless Charge"],"picked":"SKIP","floor":24},{"not_picked":["Corruption","Thunderclap+1","True Grit+1"],"picked":"SKIP","floor":28}],"player_experience":1122681,"relics_obtained":[{"floor":9.0,"key":"Dodecahedron"},{"floor":12.0,"key":"Mummified Hand"},{"floor":26,"key":"Blood Vial"}],"event_choices":[{"damage_healed":0.0,"max_hp_gain":0.0,"max_hp_loss":0.0,"gold_gain":0.0,"event_name":"Shining Light","player_choice":"Ignored","floor":7.0,"gold_loss":0.0,"damage_taken":0.0},{"damage_healed":0,"gold_gain":0,"player_choice":"Upgraded","damage_taken":0,"max_hp_gain":0,"max_hp_loss":0,"event_name":"Upgrade Shrine","floor":21,"gold_loss":0,"cards_upgraded":["Seeing Red"]},{"damage_healed":0,"gold_gain":0,"player_choice":"Fought Bandits","damage_taken":0,"max_hp_gain":0,"max_hp_loss":0,"event_name":"Masked Bandits","floor":29,"gold_loss":0}],"is_beta":false,"boss_relics":[{"not_picked":["Runic Cube","Snecko Eye"],"picked":"Cursed Key"}],"items_purged_floors":[],"is_endless":false,"potions_floor_spawned":[1,6,13,14,18,20,22],"killed_by":"Masked Bandits","ascension_level":10}