{"gold_per_floor":[110,124,199,199,199,199,239,239,314,339,357,156,156,169,169,294,294,317,417,442,165,181,216,216,254,327,327,345,361,380,404,404,530,530,554,575,599,599,389,389,432,453,453,477,477,153,153,153,153,153,153,153,1,44,44],"floor_reached":56,"playtime":3631,"items_purged":["Strike_B","Strike_B","Rip and Tear","Cold Snap+1","Compile Driver+1"],"score":1244,"play_id":"09ccdd4e-6959-4198-958f-5101175a91b9","local_time":"20190223234635","is_ascension_mode":false,"campfire_choices":[{"data":"Zap","floor":6.0,"key":"SMITH"},{"data":"Dualcast","floor":8.0,"key":"SMITH"},{"data":"Creative AI","floor":15.0,"key":"SMITH"},{"data":"Defragment","floor":24.0,"key":"SMITH"},{"data":"Redo","floor":27.0,"key":"SMITH"},{"data":"Loop","floor":32.0,"key":"SMITH"},{"data":"Panacea","floor":40.0,"key":"SMITH"},{"floor":45.0,"key":"RECALL"},{"data":"Redo","floor":47.0,"key":"SMITH"},{"data":"Impatience","floor":49.0,"key":"SMITH"},{"data":"Impatience","floor":52.0,"key":"SMITH"}],"neow_cost":"NONE","seed_source_timestamp":316988788394081,"circlet_count":0,"master_deck":["Zap+1","Dualcast+1","Loop+1","Coolheaded","Defragment+1","Impatience+1","Creative AI+1","Reboot","Conserve Battery","Undo","FTL+1","Auto Shields","Go for the Eyes+1","Redo+1","Chill","Skim","FTL+1","Biased Cognition","Biased Cognition","Rainbow","Redo+1","Chaos+1","Panacea+1","Hologram+1","Impatience+1","Heatsinks"],"special_seed":0,"relics":["Cracked Core","NeowsBlessing","Golden Idol","Symbiotic Virus","Pantograph","Molten Egg 2","Orrery","PreservedInsect","DataDisk","Regal Pillow","Pandora\u0027s Box","Pen Nib","Art of War","Membership Card","Dodecahedron"],"potions_floor_usage":[55,55],"damage_taken":[{"damage":0.0,"enemies":"Jaw Worm","floor":1.0,"turns":1.0},{"damage":0.0,"enemies":"Small Slimes","floor":2.0,"turns":1.0},{"damage":0.0,"enemies":"Gremlin Nob","floor":7.0,"turns":1.0},{"damage":0.0,"enemies":"2 Louse","floor":10.0,"turns":1.0},{"damage":5.0,"enemies":"Looter","floor":11.0,"turns":2.0},{"damage":16.0,"enemies":"Exordium Wildlife","floor":14.0,"turns":3.0},{"damage":28.0,"enemies":"Hexaghost","floor":16.0,"turns":7.0},{"damage":0.0,"enemies":"Chosen","floor":18.0,"turns":4.0},{"damage":0.0,"enemies":"Spheric Guardian","floor":20.0,"turns":3.0},{"damage":3.0,"enemies":"Cultist and Chosen","floor":22.0,"turns":6.0},{"damage":31.0,"enemies":"Slavers","floor":23.0,"turns":6.0},{"damage":6.0,"enemies":"Gremlin Leader","floor":25.0,"turns":6.0},{"damage":0.0,"enemies":"3 Cultists","floor":28.0,"turns":4.0},{"damage":0.0,"enemies":"Centurion and Healer","floor":29.0,"turns":6.0},{"damage":1.0,"enemies":"Snake Plant","floor":30.0,"turns":4.0},{"damage":15.0,"enemies":"Snecko","floor":31.0,"turns":7.0},{"damage":38.0,"enemies":"Collector","floor":33.0,"turns":10.0},{"damage":0.0,"enemies":"Orb Walker","floor":35.0,"turns":2.0},{"damage":0.0,"enemies":"3 Shapes","floor":36.0,"turns":4.0},{"damage":0.0,"enemies":"Sphere and 2 Shapes","floor":37.0,"turns":6.0},{"damage":0.0,"enemies":"Nemesis","floor":41.0,"turns":6.0},{"damage":0.0,"enemies":"Transient","floor":42.0,"turns":5.0},{"damage":16.0,"enemies":"Spire Growth","floor":44.0,"turns":4.0},{"damage":37.0,"enemies":"Donu and Deca","floor":50.0,"turns":9.0},{"damage":12.0,"enemies":"Shield and Spear","floor":54.0,"turns":5.0},{"damage":50,"enemies":"The Heart","floor":55,"turns":7}],"seed_played":"1993602659468130386","potions_obtained":[{"floor":1.0,"key":"SteroidPotion"},{"floor":2.0,"key":"Energy Potion"},{"floor":11.0,"key":"PowerPotion"},{"floor":20.0,"key":"SpeedPotion"},{"floor":23.0,"key":"AttackPotion"},{"floor":28.0,"key":"Fire Potion"},{"floor":31.0,"key":"Fire Potion"},{"floor":41.0,"key":"AttackPotion"},{"floor":42.0,"key":"Regen Potion"}],"is_trial":false,"path_per_floor":["M","M","?","?","?","R","E","R","T","M","M","$","?","M","R","B",null,"M","?","M","$","M","E","R","E","T","R","M","M","M","M","R","B",null,"M","M","M","?","$","R","E","M","T","M","R","$","R","?","R","B",null,"R","$","E","B",null],"character_chosen":"DEFECT","items_purchased":["Defragment","Impatience","Go for the Eyes+1","PreservedInsect","Panacea","Membership Card","Impatience","Heatsinks","PowerPotion"],"campfire_rested":0,"item_purchase_floors":[12,12,21,21,39,46,46,53,53],"current_hp_per_floor":[75,75,64,69,69,69,69,69,69,69,64,64,57,41,41,38,74,74,74,74,74,71,40,40,34,34,34,34,34,33,18,18,5,74,74,74,74,74,74,74,74,74,74,58,58,58,58,58,58,33,70,70,70,66,20],"gold":44,"neow_bonus":"THREE_ENEMY_KILL","is_prod":false,"is_daily":false,"chose_seed":false,"campfire_upgraded":10,"win_rate":0,"timestamp":1550933195,"path_taken":["M","M","?","?","?","R","E","R","T","M","M","$","?","?","R","BOSS","M","?","M","?","?","E","R","E","T","R","M","M","?","M","R","BOSS","M","M","M","?","$","R","E","M","T","M","R","$","R","?","R","BOSS","R","$","E","BOSS"],"build_version":"2019-01-23","purchased_purges":5,"victory":true,"max_hp_per_floor":[75,75,75,80,74,74,74,74,74,74,74,74,74,74,74,74,74,74,74,74,74,74,74,74,74,74,74,74,74,74,74,74,74,74,74,74,74,74,74,74,74,74,74,74,74,74,74,70,70,70,70,70,70,70,70],"card_choices":[{"not_picked":["Double Energy","Streamline"],"picked":"Rip and Tear","floor":1.0},{"not_picked":["Heatsinks","Sweeping Beam"],"picked":"Loop","floor":2.0},{"not_picked":["Double Energy","Loop"],"picked":"Coolheaded","floor":7.0},{"not_picked":["Leap","Compile Driver","Barrage"],"picked":"SKIP","floor":10.0},{"not_picked":["Double Energy","Rebound"],"picked":"FTL","floor":11.0},{"not_picked":["White Noise","FTL+1"],"picked":"Creative AI","floor":14.0},{"not_picked":["Hyperbeam+1","Thunder Strike+1"],"picked":"Reboot","floor":16.0},{"not_picked":["Ball Lightning+1","Turbo"],"picked":"Conserve Battery","floor":17.0},{"not_picked":["FTL+1","Ball Lightning+1"],"picked":"Undo","floor":17.0},{"not_picked":["Cold Snap+1","Barrage+1"],"picked":"FTL+1","floor":17.0},{"not_picked":["Rebound+1","Gash+1","Consume"],"picked":"SKIP","floor":18.0},{"not_picked":["Loop","Rebound+1"],"picked":"Auto Shields","floor":20.0},{"not_picked":["Leap","Double Energy"],"picked":"Redo","floor":22.0},{"not_picked":["Go for the Eyes+1","Fusion","Doom and Gloom+1"],"picked":"SKIP","floor":23.0},{"not_picked":["Fission","Beam Cell+1","Go for the Eyes+1"],"picked":"SKIP","floor":25.0},{"not_picked":["Compile Driver+1","Auto Shields","Ball Lightning+1"],"picked":"SKIP","floor":28.0},{"not_picked":["Rebound+1","Darkness","Rainbow"],"picked":"SKIP","floor":29.0},{"not_picked":["Darkness","Self Repair"],"picked":"Chill","floor":30.0},{"not_picked":["Rebound+1","Beam Cell+1","Rip and Tear+1"],"picked":"SKIP","floor":31.0},{"not_picked":["Self Repair","Lockon+1"],"picked":"Redo","floor":35.0},{"not_picked":["Auto Shields","Stack+1"],"picked":"Cold Snap+1","floor":36.0},{"not_picked":["Redo+1","Gash+1"],"picked":"Chaos+1","floor":37.0},{"not_picked":["Thunder Strike+1","Compile Driver+1","Barrage+1"],"picked":"SKIP","floor":41.0},{"not_picked":["Auto Shields","Double Energy"],"picked":"Hologram+1","floor":42.0},{"not_picked":["Hologram+1","Rebound+1","Stack+1"],"picked":"SKIP","floor":44.0},{"not_picked":["Steam","All For One+1","Barrage+1"],"picked":"SKIP","floor":54.0}],"player_experience":229248,"relics_obtained":[{"floor":7.0,"key":"Symbiotic Virus"},{"floor":9.0,"key":"Pantograph"},{"floor":23.0,"key":"DataDisk"},{"floor":25.0,"key":"Regal Pillow"},{"floor":41.0,"key":"Pen Nib"},{"floor":43.0,"key":"Art of War"},{"floor":54.0,"key":"Dodecahedron"}],"event_choices":[{"damage_healed":0.0,"max_hp_gain":0.0,"max_hp_loss":0.0,"gold_gain":75.0,"event_name":"World of Goop","player_choice":"Gather Gold","floor":3.0,"gold_loss":0.0,"damage_taken":11.0},{"damage_healed":0.0,"max_hp_gain":5.0,"max_hp_loss":0.0,"gold_gain":0.0,"event_name":"Big Fish","player_choice":"Donut","floor":4.0,"gold_loss":0.0,"damage_taken":0.0},{"damage_healed":0.0,"max_hp_gain":0.0,"max_hp_loss":6.0,"gold_gain":0.0,"event_name":"Golden Idol","player_choice":"Lose Max HP","floor":5.0,"gold_loss":0.0,"damage_taken":0.0,"relics_obtained":["Golden Idol"]},{"damage_healed":0.0,"max_hp_gain":0.0,"max_hp_loss":0.0,"gold_gain":0.0,"event_name":"Scrap Ooze","player_choice":"Success","floor":13.0,"gold_loss":0.0,"damage_taken":7.0,"relics_obtained":["Molten Egg 2"]},{"damage_healed":0.0,"max_hp_gain":0.0,"max_hp_loss":0.0,"gold_gain":100.0,"event_name":"Golden Shrine","player_choice":"Pray","floor":19.0,"gold_loss":0.0,"damage_taken":0.0},{"cards_removed":["FTL"],"damage_healed":0.0,"max_hp_gain":0.0,"max_hp_loss":0.0,"gold_gain":0.0,"event_name":"Falling","player_choice":"Removed Attack","floor":38.0,"gold_loss":0.0,"damage_taken":0.0},{"damage_healed":0.0,"max_hp_gain":0.0,"max_hp_loss":4.0,"gold_gain":0.0,"event_name":"Winding Halls","player_choice":"Max HP","floor":48.0,"gold_loss":0.0,"damage_taken":0.0}],"is_beta":false,"boss_relics":[{"not_picked":["Ectoplasm","Runic Dome"],"picked":"Orrery"},{"not_picked":["FrozenCore","Runic Pyramid"],"picked":"Pandora\u0027s Box"}],"items_purged_floors":[12,21,39,46,53],"is_endless":false,"potions_floor_spawned":[1,2,11,20,22,23,28,29,31,41,42,54],"ascension_level":0}