{"gold_per_floor":[118,138,138,155,172,205,205,234,234,268,288,319,69,82,82,183,183,198,213,233,2,2,27,27,62,118,118,145,97,129,143,143,247,247,262,262,5,25,25,56,56,137,160,189,206,236,236,247,247,247],"floor_reached":51,"playtime":4131,"items_purged":["Strike_R"],"score":1391,"play_id":"9da2c7e5-2f03-4b4f-b16b-7c55b89e4ebe","local_time":"20180725190503","is_ascension_mode":true,"campfire_choices":[{"data":"Armaments","floor":7,"key":"SMITH"},{"data":"Apotheosis","floor":15,"key":"SMITH"},{"data":"Rampage","floor":24,"key":"SMITH"},{"floor":27,"key":"REST"},{"floor":32,"key":"REST"},{"floor":41,"key":"REST"},{"floor":49,"key":"REST"}],"neow_cost":"NONE","seed_source_timestamp":357963766623741,"circlet_count":0,"master_deck":["Strike_R+1","Defend_R","Defend_R+1","Defend_R","Defend_R","Bash","Armaments+1","Armaments","Shockwave+1","Spot Weakness","Flame Barrier","Shrug It Off","Infernal Blade","Offering","Headbutt","Apotheosis+1","Headbutt","Fiend Fire","Rampage+1","Headbutt+1","Thunderclap+1","Dropkick","Disarm","Battle Trance+1","Decay","Shrug It Off","True Grit","Uppercut+1","Double Tap","Warcry","Battle Trance","Metallicize","Reaper","Intimidate","Clumsy","Injury","Dropkick","Warcry","Warcry+1","Seeing Red","Heavy Blade+1"],"relics":["Burning Blood","Whetstone","Mummified Hand","Pen Nib","Question Card","Pantograph","War Paint","Cursed Key","Happy Flower","Self Forming Clay","Letter Opener","Tiny Chest","Mango","Blue Candle","Fusion Hammer","Oddly Smooth Stone","Pear","Kunai","Orichalcum","Thread and Needle","Omamori","Unceasing Top"],"potions_floor_usage":[8,10,12,16,19,25,30,33,40,50,50],"damage_taken":[{"damage":6,"enemies":"2 Louse","floor":1,"turns":3},{"damage":0,"enemies":"Jaw Worm","floor":2,"turns":3},{"damage":0,"enemies":"Cultist","floor":4,"turns":3},{"damage":0,"enemies":"Blue Slaver","floor":5,"turns":5},{"damage":25,"enemies":"3 Sentries","floor":6,"turns":11},{"damage":35,"enemies":"Gremlin Nob","floor":8,"turns":4},{"damage":6,"enemies":"3 Sentries","floor":10,"turns":8},{"damage":6,"enemies":"3 Louse","floor":11,"turns":5},{"damage":20,"enemies":"Gremlin Nob","floor":12,"turns":4},{"damage":5,"enemies":"Lots of Slimes","floor":14,"turns":5},{"damage":7,"enemies":"Hexaghost","floor":16,"turns":9},{"damage":21,"enemies":"Shell Parasite","floor":18,"turns":3},{"damage":5,"enemies":"Spheric Guardian","floor":19,"turns":3},{"damage":12,"enemies":"3 Cultists","floor":20,"turns":6},{"damage":17,"enemies":"Slavers","floor":23,"turns":4},{"damage":11,"enemies":"Book of Stabbing","floor":25,"turns":5},{"damage":28,"enemies":"Gremlin Leader","floor":28,"turns":4},{"damage":13,"enemies":"Slavers","floor":30,"turns":5},{"damage":9,"enemies":"Centurion and Healer","floor":31,"turns":2},{"damage":15,"enemies":"Champ","floor":33,"turns":6},{"damage":23,"enemies":"Flame Bruiser 1 Orb","floor":35,"turns":3},{"damage":9,"enemies":"3 Darklings","floor":38,"turns":3},{"damage":22,"enemies":"Nemesis","floor":40,"turns":5},{"damage":8,"enemies":"Giant Head","floor":44,"turns":5},{"damage":0,"enemies":"Spire Growth","floor":45,"turns":4},{"damage":28,"enemies":"2 Orb Walkers","floor":46,"turns":6},{"damage":18,"floor":47,"turns":7},{"damage":14,"enemies":"Sphere and 2 Shapes","floor":48,"turns":3},{"damage":39,"enemies":"Donu and Deca","floor":50,"turns":8}],"seed_played":"-7219494056618746683","potions_obtained":[{"floor":1,"key":"Dexterity Potion"},{"floor":6,"key":"LiquidBronze"},{"floor":8,"key":"Fire Potion"},{"floor":10,"key":"EssenceOfSteel"},{"floor":16,"key":"GamblersBrew"},{"floor":23,"key":"SpeedPotion"},{"floor":28,"key":"SkillPotion"},{"floor":31,"key":"EssenceOfSteel"},{"floor":35,"key":"EssenceOfSteel"},{"floor":44,"key":"FearPotion"},{"floor":46,"key":"FearPotion"}],"is_trial":false,"path_per_floor":["M","M","?","M","M","E","R","E","T","E","M","E","$","M","R","B",null,"M","M","M","$","?","E","R","E","T","R","E","$","E","M","R","B",null,"M","?","$","M","?","E","R","T","T","E","M","E","?","M","R","B"],"character_chosen":"IRONCLAD","items_purchased":["Apotheosis","Dropkick","Happy Flower","True Grit","Oddly Smooth Stone","Battle Trance","Metallicize"],"campfire_rested":4,"item_purchase_floors":[13,21,21,29,37,37,37],"current_hp_per_floor":[72,78,71,77,80,61,61,32,32,32,32,21,21,22,22,46,74,59,60,54,54,54,43,43,38,38,62,54,54,47,44,73,88,95,78,78,78,75,75,69,101,101,101,99,107,85,95,107,107,90],"gold":247,"neow_bonus":"RANDOM_COMMON_RELIC","is_prod":false,"is_daily":false,"chose_seed":false,"campfire_upgraded":3,"win_rate":0,"timestamp":1532559903,"path_taken":["M","M","?","M","M","E","R","E","T","E","M","E","$","M","R","BOSS","M","M","M","$","?","E","R","E","T","R","E","$","E","M","R","BOSS","M","?","$","?","?","E","R","?","T","E","M","E","?","M","R","BOSS"],"build_version":"2018-07-19v2","purchased_purges":1,"victory":true,"max_hp_per_floor":[80,80,80,80,80,80,80,80,80,80,80,83,83,83,83,83,83,83,83,83,83,83,83,83,83,83,83,97,97,97,97,97,97,97,97,97,97,97,97,107,107,107,107,107,107,107,107,107,107,107],"card_choices":[{"not_picked":["Fire Breathing","Sword Boomerang"],"picked":"Armaments","floor":1},{"not_picked":["Clothesline","Iron Wave"],"picked":"Armaments","floor":2},{"not_picked":["Ghostly Armor","Sentinel"],"picked":"Shockwave","floor":4},{"not_picked":["Reckless Charge","Armaments"],"picked":"Spot Weakness","floor":5},{"not_picked":["Thunderclap","True Grit"],"picked":"Flame Barrier","floor":6},{"not_picked":["Intimidate","Clothesline"],"picked":"Shrug It Off","floor":8},{"not_picked":["Clothesline","Second Wind","Rupture"],"picked":"Infernal Blade","floor":10},{"not_picked":["Warcry","Clash","Body Slam"],"picked":"Offering","floor":11},{"not_picked":["Sentinel","Armaments","Carnage"],"picked":"Headbutt","floor":12},{"not_picked":["Uppercut","Power Through","Blood for Blood"],"picked":"Headbutt","floor":14},{"not_picked":["Double Tap","Brutality","Reaper"],"picked":"Fiend Fire","floor":16},{"not_picked":["Disarm+1","Twin Strike","Heavy Blade"],"picked":"Rampage","floor":18},{"not_picked":["Heavy Blade","Twin Strike","Wild Strike"],"picked":"Headbutt+1","floor":19},{"not_picked":["Power Through","Havoc","Cleave+1"],"picked":"Thunderclap+1","floor":20},{"not_picked":["Twin Strike","Havoc","Immolate"],"picked":"Disarm","floor":23},{"not_picked":["Pummel","Twin Strike+1","Double Tap"],"picked":"Battle Trance+1","floor":25},{"not_picked":["Headbutt","Armaments","Rage"],"picked":"Shrug It Off","floor":28},{"not_picked":["Clothesline","Wild Strike","Rupture","Rampage"],"picked":"SKIP","floor":30},{"not_picked":["Feel No Pain+1","Carnage+1","Sever Soul"],"picked":"Uppercut+1","floor":31},{"not_picked":["Reaper","Berserk","Fiend Fire"],"picked":"Double Tap","floor":33},{"not_picked":["Wild Strike","Blood for Blood","Iron Wave"],"picked":"Warcry","floor":35},{"not_picked":["Shockwave+1","Clothesline+1","Anger"],"picked":"Reaper","floor":38},{"not_picked":["Pommel Strike","Anger","Clash"],"picked":"Intimidate","floor":40},{"not_picked":["Headbutt","Perfected Strike","Reaper"],"picked":"Dropkick","floor":44},{"not_picked":["Body Slam","Cleave+1","Ghostly Armor"],"picked":"Warcry","floor":45},{"not_picked":["Headbutt+1","Cleave+1","Armaments+1"],"picked":"Warcry+1","floor":46},{"not_picked":["Body Slam","Metallicize","Flex"],"picked":"Seeing Red","floor":47},{"not_picked":["Armaments","Headbutt+1","Pommel Strike+1"],"picked":"Heavy Blade+1","floor":48}],"player_experience":321111,"relics_obtained":[{"floor":6,"key":"Mummified Hand"},{"floor":8,"key":"Pen Nib"},{"floor":9,"key":"Question Card"},{"floor":10,"key":"Pantograph"},{"floor":12,"key":"War Paint"},{"floor":23,"key":"Self Forming Clay"},{"floor":25,"key":"Letter Opener"},{"floor":26,"key":"Tiny Chest"},{"floor":28,"key":"Mango"},{"floor":30,"key":"Blue Candle"},{"floor":40,"key":"Pear"},{"floor":42,"key":"Kunai"},{"floor":43,"key":"Orichalcum"},{"floor":44,"key":"Thread and Needle"},{"floor":46,"key":"Omamori"},{"floor":47,"key":"Unceasing Top"}],"event_choices":[{"event_name":"Golden Wing","player_choice":"Card Removal","floor":3,"damage_taken":0},{"event_name":"Purifier","player_choice":"One Purge","floor":22,"damage_taken":0},{"event_name":"Tomb of Lord Red Mask","player_choice":"Ignored","floor":36,"damage_taken":0},{"event_name":"Falling","player_choice":"Removed Attack","floor":39,"damage_taken":0},{"event_name":"MindBloom","player_choice":"Fight","floor":47,"damage_taken":0}],"is_beta":false,"boss_relics":[{"not_picked":["Black Blood","Black Star"],"picked":"Cursed Key"},{"not_picked":["Snecko Eye","Tiny House"],"picked":"Fusion Hammer"}],"items_purged_floors":[13],"is_endless":false,"potions_floor_spawned":[1,6,8,10,16,23,28,31,35,44,46],"ascension_level":7}