{"gold_per_floor":[113,131,131,131,146,146,177,27,78,90,90,100,115,115,115,211,211,228,228,246,92,107,107,139,139,139,139],"floor_reached":27,"playtime":859,"items_purged":[],"score":316,"play_id":"8b0bd27f-5334-4635-959c-a54172c84b8f","local_time":"20190519124749","is_ascension_mode":true,"campfire_choices":[{"data":"Spot Weakness","floor":6,"key":"SMITH"},{"data":"Infernal Blade","floor":11,"key":"SMITH"},{"data":"Flame Barrier","floor":15,"key":"SMITH"},{"data":"Limit Break","floor":23,"key":"SMITH"},{"data":"Demon Form","floor":25,"key":"SMITH"}],"neow_cost":"NONE","seed_source_timestamp":354885772122408,"circlet_count":0,"master_deck":["Strike_R","Strike_R","Strike_R","Strike_R","Defend_R","Defend_R","Defend_R","Bash","Perfected Strike+1","Wild Strike","Spot Weakness+1","Infernal Blade+1","Flame Barrier+1","Wild Strike","Limit Break+1","Inflame","Pommel Strike","Pommel Strike","Demon Form+1"],"relics":["Burning Blood","Centennial Puzzle","Mercury Hourglass","Happy Flower","Omamori","Bag of Preparation","Empty Cage","Orichalcum","Boot","Pear"],"potions_floor_usage":[24],"damage_taken":[{"damage":3,"enemies":"2 Louse","floor":1,"turns":2},{"damage":7,"enemies":"Small Slimes","floor":2,"turns":3},{"damage":0,"enemies":"Cultist","floor":5,"turns":2},{"damage":16,"enemies":"Gremlin Nob","floor":7,"turns":3},{"damage":5,"enemies":"Large Slime","floor":10,"turns":4},{"damage":0,"enemies":"2 Fungi Beasts","floor":12,"turns":1},{"damage":0,"enemies":"Exordium Wildlife","floor":13,"turns":1},{"damage":18,"enemies":"Slime Boss","floor":16,"turns":7},{"damage":6,"enemies":"Spheric Guardian","floor":18,"turns":3},{"damage":12,"enemies":"Chosen","floor":20,"turns":3},{"damage":19,"enemies":"Centurion and Healer","floor":22,"turns":3},{"damage":8,"enemies":"Gremlin Leader","floor":24,"turns":5},{"damage":79,"enemies":"Book of Stabbing","floor":27,"turns":5}],"seed_played":"554632021027222449","potions_obtained":[{"floor":2,"key":"LiquidBronze"},{"floor":5,"key":"Ancient Potion"},{"floor":7,"key":"Dexterity Potion"},{"floor":16,"key":"Explosive Potion"},{"floor":18,"key":"FearPotion"}],"is_trial":false,"path_per_floor":["M","M","?","?","M","R","E","$","T","M","R","M","M","?","R","B",null,"M","?","M","$","M","R","E","R","T","E"],"character_chosen":"IRONCLAD","items_purchased":["Happy Flower","Orichalcum"],"campfire_rested":0,"item_purchase_floors":[8,21],"current_hp_per_floor":[88,87,80,80,86,86,76,76,76,77,77,83,88,88,88,76,85,85,85,79,79,66,66,64,64,74,0],"gold":139,"neow_bonus":"TEN_PERCENT_HP_BONUS","is_prod":false,"is_daily":false,"chose_seed":false,"campfire_upgraded":5,"win_rate":0,"timestamp":1558284469,"path_taken":["M","M","?","?","M","R","E","$","T","M","R","M","?","?","R","BOSS","M","?","M","$","M","R","E","R","T","E"],"build_version":"2019-01-23","purchased_purges":0,"victory":false,"max_hp_per_floor":[88,88,88,88,88,88,88,88,88,88,88,88,88,88,88,88,88,88,88,88,88,88,88,88,88,98,98],"card_choices":[{"not_picked":["Warcry","Pommel Strike"],"picked":"Perfected Strike","floor":1},{"not_picked":["Headbutt","Cleave"],"picked":"Wild Strike","floor":2},{"not_picked":["Heavy Blade","Havoc"],"picked":"Spot Weakness","floor":5},{"not_picked":["Sever Soul","Warcry"],"picked":"Infernal Blade","floor":7},{"not_picked":["Battle Trance","Disarm","True Grit"],"picked":"SKIP","floor":10},{"not_picked":["Heavy Blade","Shockwave"],"picked":"Flame Barrier","floor":12},{"not_picked":["Uppercut","Exhume"],"picked":"Wild Strike","floor":13},{"not_picked":["Impervious","Dark Embrace"],"picked":"Limit Break","floor":16},{"not_picked":["Body Slam","Heavy Blade"],"picked":"Inflame","floor":18},{"not_picked":["Anger+1","True Grit"],"picked":"Pommel Strike","floor":20},{"not_picked":["Sentinel","True Grit"],"picked":"Demon Form","floor":22},{"not_picked":["Rupture","Disarm","Shrug It Off"],"picked":"SKIP","floor":24}],"player_experience":1008778,"relics_obtained":[{"floor":7,"key":"Mercury Hourglass"},{"floor":9,"key":"Omamori"},{"floor":24,"key":"Boot"},{"floor":26,"key":"Pear"}],"event_choices":[{"damage_healed":0,"gold_gain":0,"player_choice":"Success","damage_taken":7,"relics_obtained":["Centennial Puzzle"],"max_hp_gain":0,"max_hp_loss":0,"event_name":"Scrap Ooze","floor":3,"gold_loss":0},{"damage_healed":0,"gold_gain":0,"player_choice":"Forge","damage_taken":0,"max_hp_gain":0,"max_hp_loss":0,"event_name":"Accursed Blacksmith","floor":4,"gold_loss":0,"cards_upgraded":["Perfected Strike"]},{"damage_healed":0,"gold_gain":0,"player_choice":"Box","damage_taken":0,"relics_obtained":["Bag of Preparation"],"max_hp_gain":0,"max_hp_loss":0,"event_name":"Big Fish","floor":14,"gold_loss":0,"cards_obtained":["Regret"]},{"damage_healed":0,"gold_gain":0,"player_choice":"Read","damage_taken":0,"max_hp_gain":0,"max_hp_loss":0,"event_name":"The Library","floor":19,"gold_loss":0,"cards_obtained":["Pommel Strike"]}],"is_beta":false,"boss_relics":[{"not_picked":["Lizard Tail","Fusion Hammer"],"picked":"Empty Cage"}],"items_purged_floors":[],"is_endless":false,"potions_floor_spawned":[2,5,7,12,16,18,22],"killed_by":"Book of Stabbing","ascension_level":5}