{"gold_per_floor":[112,187,187,18,34,34,34,34,114,139,152,152,186,200,200,274,274,286,57,57,71,171,171,188,188,188,223,241,241,258,258,258,335,385,398,398,415,427,442,442],"floor_reached":40,"playtime":1707,"items_purged":[],"score":1032,"play_id":"d82f2dfc-662a-42b7-ab16-abb313cb0f39","local_time":"20190523161445","is_ascension_mode":true,"campfire_choices":[{"floor":7.0,"key":"REST"},{"data":"Zap","floor":12.0,"key":"SMITH"},{"data":"Capacitor","floor":15.0,"key":"SMITH"},{"data":"Coolheaded","floor":23.0,"key":"SMITH"},{"floor":25.0,"key":"REST"},{"data":"Coolheaded","floor":32.0,"key":"SMITH"}],"neow_cost":"PERCENT_DAMAGE","seed_source_timestamp":0,"circlet_count":0,"master_deck":["AscendersBane","Strike_B","Strike_B+1","Defend_B","Defend_B","Defend_B","Defend_B","Zap+1","Dualcast","Hyperbeam+1","Coolheaded+1","Consume+1","Capacitor+1","Ball Lightning","Coolheaded+1","Glacier","Cold Snap","Double Energy","Turbo","Seek","Hologram","Recycle","Meteor Strike","Turbo+1","Sunder","Coolheaded","Capacitor+1","Defragment+1","Multi-Cast","Coolheaded+1","Self Repair+1","Master of Strategy","Madness","Turbo","Redo+1"],"special_seed":0,"relics":["Cracked Core","Bottled Lightning","Bottled Flame","The Courier","Empty Cage","StoneCalendar","Frozen Egg 2","Sundial","Dream Catcher","Tiny House"],"potions_floor_usage":[40,40],"damage_taken":[{"damage":0.0,"enemies":"Cultist","floor":1.0,"turns":2.0},{"damage":11.0,"enemies":"2 Louse","floor":5.0,"turns":2.0},{"damage":10.0,"enemies":"3 Sentries","floor":10.0,"turns":3.0},{"damage":8.0,"enemies":"Small Slimes","floor":11.0,"turns":3.0},{"damage":0.0,"enemies":"Lagavulin","floor":13.0,"turns":6.0},{"damage":0.0,"enemies":"Looter","floor":14.0,"turns":4.0},{"damage":0.0,"enemies":"Hexaghost","floor":16.0,"turns":14.0},{"damage":0.0,"enemies":"Chosen","floor":18.0,"turns":5.0},{"damage":15.0,"enemies":"2 Thieves","floor":21.0,"turns":4.0},{"damage":5.0,"enemies":"Colosseum Slavers","floor":22.0,"turns":2.0},{"damage":2.0,"enemies":"Colosseum Nobs","floor":22.0,"turns":3.0},{"damage":30.0,"enemies":"Snake Plant","floor":24.0,"turns":7.0},{"damage":14.0,"enemies":"Book of Stabbing","floor":27.0,"turns":7.0},{"damage":5.0,"enemies":"3 Cultists","floor":28.0,"turns":3.0},{"damage":0.0,"enemies":"Centurion and Healer","floor":30.0,"turns":7.0},{"damage":16.0,"enemies":"Champ","floor":33.0,"turns":19.0},{"damage":7.0,"enemies":"3 Darklings","floor":35.0,"turns":5.0},{"damage":10.0,"enemies":"Orb Walker","floor":37.0,"turns":6.0},{"damage":20.0,"enemies":"Spire Growth","floor":38.0,"turns":9.0},{"damage":0.0,"enemies":"Transient","floor":39.0,"turns":6.0},{"damage":46,"enemies":"Reptomancer","floor":40,"turns":3}],"seed_played":"-2259102492022546614","potions_obtained":[{"floor":5.0,"key":"PowerPotion"},{"floor":13.0,"key":"LiquidBronze"},{"floor":14.0,"key":"Block Potion"},{"floor":16.0,"key":"Block Potion"},{"floor":18.0,"key":"PowerPotion"},{"floor":24.0,"key":"Dexterity Potion"},{"floor":30.0,"key":"AttackPotion"},{"floor":33.0,"key":"GamblersBrew"},{"floor":34.0,"key":"PowerPotion"},{"floor":35.0,"key":"Weak Potion"},{"floor":37.0,"key":"Ancient Potion"},{"floor":39.0,"key":"FocusPotion"}],"is_trial":false,"path_per_floor":["M","?","?","$","M","?","R","$","T","E","M","R","E","M","R","B",null,"M","$","?","M","?","R","M","R","T","E","M","?","M","?","R","B",null,"M","?","M","M","M","E"],"character_chosen":"DEFECT","items_purchased":["Capacitor","Ball Lightning","Coolheaded","Hologram","Recycle","Meteor Strike"],"campfire_rested":2,"item_purchase_floors":[4,4,4,19,19,19],"current_hp_per_floor":[46,35,14,14,3,3,24,24,24,14,6,6,6,6,6,6,55,55,55,55,40,33,33,3,24,24,10,5,5,5,19,19,3,59,52,42,42,32,42,0],"gold":442,"neow_bonus":"TRANSFORM_TWO_CARDS","is_prod":false,"is_daily":false,"chose_seed":false,"campfire_upgraded":4,"win_rate":0,"timestamp":1558599285,"path_taken":["M","?","?","$","M","?","R","$","T","E","M","R","E","M","R","BOSS","M","$","?","M","?","R","M","R","T","E","M","?","M","?","R","BOSS","M","?","M","M","M","E"],"build_version":"2019-01-23","purchased_purges":0,"victory":false,"max_hp_per_floor":[71,71,71,71,71,71,71,71,71,71,71,71,71,71,71,71,71,71,71,71,71,71,71,71,71,71,71,71,71,71,71,71,71,76,76,76,76,76,76,76],"card_choices":[{"not_picked":["Hologram","Rebound"],"picked":"Consume","floor":1.0},{"not_picked":["Hello World","Static Discharge","Steam"],"picked":"SKIP","floor":5.0},{"not_picked":["BootSequence","Defragment"],"picked":"Glacier","floor":10.0},{"not_picked":["Rip and Tear","Lockon"],"picked":"Cold Snap","floor":11.0},{"not_picked":["Stack","Sweeping Beam"],"picked":"Double Energy","floor":13.0},{"not_picked":["Gash","Compile Driver"],"picked":"Turbo","floor":14.0},{"not_picked":["Reboot","Amplify"],"picked":"Seek","floor":16.0},{"not_picked":["Leap","Ball Lightning","Cold Snap"],"picked":"SKIP","floor":18.0},{"not_picked":["Beam Cell","Rebound"],"picked":"Turbo+1","floor":21.0},{"not_picked":["Beam Cell","Storm"],"picked":"Sunder","floor":22.0},{"not_picked":["Barrage","Sweeping Beam"],"picked":"Coolheaded","floor":24.0},{"not_picked":["Fusion","Machine Learning+1"],"picked":"Capacitor+1","floor":27.0},{"not_picked":["FTL","Gash","Sweeping Beam"],"picked":"SKIP","floor":28.0},{"not_picked":["Stack","Beam Cell"],"picked":"Defragment+1","floor":30.0},{"not_picked":["Reboot","Core Surge"],"picked":"Multi-Cast","floor":33.0},{"not_picked":["Compile Driver","Leap"],"picked":"Coolheaded+1","floor":34.0},{"not_picked":["Beam Cell+1","Sweeping Beam"],"picked":"Self Repair+1","floor":35.0},{"not_picked":["Forethought","Deep Breath"],"picked":"Master of Strategy","floor":36.0},{"not_picked":["Secret Weapon","Mayhem+1"],"picked":"Madness","floor":36.0},{"not_picked":["Leap","Scrape","Darkness"],"picked":"SKIP","floor":37.0},{"not_picked":["Leap","Compile Driver"],"picked":"Turbo","floor":38.0},{"not_picked":["Stack","Rebound"],"picked":"Redo+1","floor":39.0}],"player_experience":1743787,"relics_obtained":[{"floor":9.0,"key":"Bottled Lightning"},{"floor":10.0,"key":"Bottled Flame"},{"floor":13.0,"key":"The Courier"},{"floor":22.0,"key":"StoneCalendar"},{"floor":22.0,"key":"Frozen Egg 2"},{"floor":26.0,"key":"Sundial"},{"floor":27.0,"key":"Dream Catcher"}],"event_choices":[{"damage_healed":0.0,"max_hp_gain":0.0,"max_hp_loss":0.0,"gold_gain":75.0,"event_name":"World of Goop","player_choice":"Gather Gold","floor":2.0,"gold_loss":0.0,"damage_taken":11.0},{"damage_healed":0.0,"max_hp_gain":0.0,"max_hp_loss":0.0,"gold_gain":0.0,"event_name":"Shining Light","player_choice":"Entered Light","floor":3.0,"gold_loss":0.0,"damage_taken":21.0,"cards_upgraded":["Consume","Hyperbeam"]},{"damage_healed":0.0,"max_hp_gain":0.0,"max_hp_loss":0.0,"gold_gain":0.0,"event_name":"Scrap Ooze","player_choice":"Fled","floor":6.0,"gold_loss":0.0,"damage_taken":0.0},{"damage_healed":0.0,"max_hp_gain":0.0,"max_hp_loss":0.0,"gold_gain":0.0,"event_name":"Ghosts","player_choice":"Ignored","floor":20.0,"gold_loss":0.0,"damage_taken":0.0},{"damage_healed":0.0,"max_hp_gain":0.0,"max_hp_loss":0.0,"gold_gain":0.0,"event_name":"Colosseum","player_choice":"Fight","floor":22.0,"gold_loss":0.0,"damage_taken":0.0},{"damage_healed":0.0,"max_hp_gain":0.0,"max_hp_loss":0.0,"gold_gain":0.0,"event_name":"Colosseum","player_choice":"Fought Nobs","floor":22.0,"gold_loss":0.0,"damage_taken":0.0},{"damage_healed":0.0,"max_hp_gain":0.0,"max_hp_loss":0.0,"gold_gain":0.0,"event_name":"The Mausoleum","player_choice":"Ignored","floor":29.0,"gold_loss":0.0,"damage_taken":0.0},{"damage_healed":14.0,"max_hp_gain":0.0,"max_hp_loss":0.0,"gold_gain":0.0,"event_name":"The Library","player_choice":"Heal","floor":31.0,"gold_loss":0.0,"damage_taken":0.0},{"damage_healed":0.0,"max_hp_gain":0.0,"max_hp_loss":0.0,"gold_gain":0.0,"event_name":"SensoryStone","player_choice":"Memory 3","floor":36.0,"gold_loss":0.0,"damage_taken":10.0}],"is_beta":false,"boss_relics":[{"not_picked":["Eternal Feather","White Beast Statue"],"picked":"Empty Cage"},{"not_picked":["Philosopher\u0027s Stone","Lizard Tail"],"picked":"Tiny House"}],"items_purged_floors":[],"is_endless":false,"potions_floor_spawned":[5,13,14,16,18,24,28,30,33,35,37,39],"killed_by":"Reptomancer","ascension_level":20}