{"gold_per_floor":[111,286,15,29,40,40,40,55,55,73,105,124,124,136,136,231,231,248,248,267,267,281,281,312,342,354,366,394,406,79,93,93,93],"floor_reached":33,"playtime":1912,"items_purged":["Normality"],"score":271,"play_id":"055a5fa4-c784-4baf-ab04-267b508855be","local_time":"20190317142709","is_ascension_mode":false,"campfire_choices":[{"data":"Static Discharge","floor":6.0,"key":"SMITH"},{"floor":13.0,"key":"REST"},{"data":"Leap","floor":15.0,"key":"SMITH"},{"data":"RitualDagger","floor":23.0,"key":"SMITH"},{"floor":27,"key":"REST"},{"floor":29,"key":"REST"},{"data":"Storm","floor":32,"key":"SMITH"}],"neow_cost":"NONE","seed_source_timestamp":384498875740087,"circlet_count":0,"master_deck":["Strike_B","Strike_B","Strike_B","Strike_B","Defend_B","Defend_B","Defend_B","Defend_B","Zap","Dualcast","Stack","Leap","Melter","Static Discharge+1","Leap+1","Hologram+1","Auto Shields+1","FTL","FTL","Echo Form","Stack+1","RitualDagger+1","White Noise+1","Writhe","Ball Lightning+1","BootSequence+1","Storm+1","Turbo+1"],"special_seed":0,"relics":["Cracked Core","OrangePellets","Toxic Egg 2","Darkstone Periapt","Cursed Key","Boot","MawBank","Ancient Tea Set","Juzu Bracelet"],"potions_floor_usage":[33,33],"damage_taken":[{"damage":13.0,"enemies":"Jaw Worm","floor":1.0,"turns":4.0},{"damage":0.0,"enemies":"Small Slimes","floor":4.0,"turns":3.0},{"damage":1.0,"enemies":"Cultist","floor":5.0,"turns":4.0},{"damage":0.0,"enemies":"Blue Slaver","floor":8.0,"turns":3.0},{"damage":3.0,"enemies":"Exordium Wildlife","floor":10.0,"turns":4.0},{"damage":18.0,"enemies":"Lagavulin","floor":11.0,"turns":5.0},{"damage":8.0,"enemies":"2 Fungi Beasts","floor":12.0,"turns":4.0},{"damage":0.0,"enemies":"Red Slaver","floor":14.0,"turns":4.0},{"damage":34.0,"enemies":"The Guardian","floor":16.0,"turns":9.0},{"damage":11.0,"enemies":"3 Byrds","floor":18.0,"turns":2.0},{"damage":12.0,"enemies":"Shell Parasite","floor":20.0,"turns":5.0},{"damage":6.0,"enemies":"3 Cultists","floor":22.0,"turns":7.0},{"damage":37.0,"enemies":"Slavers","floor":24.0,"turns":4.0},{"damage":12,"enemies":"Snake Plant","floor":25,"turns":4},{"damage":8,"enemies":"Centurion and Healer","floor":28,"turns":5},{"damage":8,"enemies":"Snecko","floor":31,"turns":7},{"damage":68,"enemies":"Collector","floor":33,"turns":7}],"seed_played":"9015837882275537554","potions_obtained":[{"floor":5.0,"key":"FocusPotion"},{"floor":8.0,"key":"Regen Potion"},{"floor":12.0,"key":"Dexterity Potion"},{"floor":16.0,"key":"Regen Potion"},{"floor":18.0,"key":"GamblersBrew"},{"floor":20.0,"key":"Block Potion"},{"floor":25,"key":"FocusPotion"},{"floor":28,"key":"EssenceOfSteel"}],"is_trial":false,"path_per_floor":["M","?","$","M","M","R","?","M","T","M","E","M","R","M","R","B",null,"M","?","M","?","M","R","E","M","T","R","M","R","$","M","R","B"],"character_chosen":"DEFECT","items_purchased":["OrangePellets","Melter","Storm","Turbo+1","Juzu Bracelet"],"campfire_rested":3,"item_purchase_floors":[3,3,30,30,30],"current_hp_per_floor":[62,62,62,62,61,61,61,61,61,58,54,46,68,68,68,34,75,64,58,46,52,61,61,24,12,18,44,36,62,62,54,54,0],"gold":93,"neow_bonus":"THREE_CARDS","is_prod":false,"is_daily":false,"chose_seed":false,"campfire_upgraded":4,"win_rate":0,"timestamp":1552847229,"path_taken":["M","?","$","M","M","R","?","M","T","M","E","M","R","M","R","BOSS","M","?","M","?","M","R","E","M","T","R","M","R","?","M","R","BOSS"],"build_version":"2019-01-23","purchased_purges":1,"victory":false,"max_hp_per_floor":[75,75,75,75,75,75,75,75,75,75,75,75,75,75,75,75,75,75,75,75,81,81,81,81,81,87,87,87,87,87,87,87,87],"card_choices":[{"not_picked":["Gash","Doom and Gloom"],"picked":"Stack","floor":0.0},{"not_picked":["Beam Cell","Turbo"],"picked":"Leap","floor":1.0},{"not_picked":["Stack","Go for the Eyes","Reinforced Body"],"picked":"SKIP","floor":4.0},{"not_picked":["Hologram","Turbo"],"picked":"Static Discharge","floor":5.0},{"not_picked":["Coolheaded","Aggregate"],"picked":"Leap","floor":8.0},{"not_picked":["Thunder Strike","Force Field+1"],"picked":"Hologram+1","floor":10.0},{"not_picked":["Lockon","Rebound"],"picked":"Auto Shields+1","floor":11.0},{"not_picked":["Rebound","Go for the Eyes"],"picked":"FTL","floor":12.0},{"not_picked":["Rebound","Redo+1"],"picked":"FTL","floor":14.0},{"not_picked":["Seek+1","Hyperbeam"],"picked":"Echo Form","floor":16.0},{"not_picked":["Glacier+1","Coolheaded+1"],"picked":"Stack+1","floor":18.0},{"not_picked":["Loop","Turbo+1"],"picked":"White Noise+1","floor":20.0},{"not_picked":["Go for the Eyes","Stack+1","Rainbow+1"],"picked":"SKIP","floor":22.0},{"not_picked":["Stack+1","FTL","Compile Driver+1"],"picked":"SKIP","floor":24.0},{"not_picked":["Sweeping Beam+1","Loop"],"picked":"Ball Lightning+1","floor":25},{"not_picked":["Blizzard","Sweeping Beam"],"picked":"BootSequence+1","floor":28},{"not_picked":["Leap+1","Recycle+1","Rip and Tear"],"picked":"SKIP","floor":31}],"player_experience":739434,"relics_obtained":[{"floor":9.0,"key":"Toxic Egg 2"},{"floor":11.0,"key":"Darkstone Periapt"},{"floor":24.0,"key":"MawBank"},{"floor":26,"key":"Ancient Tea Set"}],"event_choices":[{"damage_healed":0.0,"max_hp_gain":0.0,"max_hp_loss":0.0,"gold_gain":175.0,"event_name":"Liars Game","player_choice":"AGREE","floor":2.0,"gold_loss":0.0,"damage_taken":0.0,"cards_obtained":["Doubt"]},{"cards_removed":["Doubt"],"damage_healed":0.0,"max_hp_gain":0.0,"max_hp_loss":0.0,"gold_gain":0.0,"event_name":"Fountain of Cleansing","player_choice":"Removed Curses","floor":7.0,"gold_loss":0.0,"damage_taken":0.0},{"damage_healed":0.0,"max_hp_gain":0.0,"max_hp_loss":0.0,"gold_gain":0.0,"event_name":"Nest","player_choice":"Joined the Cult","floor":19.0,"gold_loss":0.0,"damage_taken":6.0,"cards_obtained":["RitualDagger"]},{"damage_healed":0.0,"max_hp_gain":0.0,"max_hp_loss":0.0,"gold_gain":0.0,"event_name":"The Mausoleum","player_choice":"Opened","floor":21.0,"gold_loss":0.0,"damage_taken":0.0,"relics_obtained":["Boot"],"cards_obtained":["Writhe"]}],"is_beta":false,"boss_relics":[{"not_picked":["Tiny House","FrozenCore"],"picked":"Cursed Key"}],"items_purged_floors":[30],"is_endless":false,"potions_floor_spawned":[5,8,12,16,18,20,25,28],"killed_by":"Collector","ascension_level":0}