{"gold_per_floor":[114,131,131,56,73,73,86,119,119,119,36,64,81,81,81,159,159,175,175,189,239,253,253],"floor_reached":23,"playtime":840,"items_purged":[],"score":402,"play_id":"0e9cc77c-972d-46a3-a140-c1afff5e0cb4","local_time":"20190622142259","is_ascension_mode":true,"campfire_choices":[{"data":"Armaments","floor":6,"key":"SMITH"},{"data":"True Grit","floor":10,"key":"SMITH"},{"data":"Burning Pact","floor":15,"key":"SMITH"}],"neow_cost":"NONE","seed_source_timestamp":1723940249840131,"circlet_count":0,"master_deck":["AscendersBane","Strike_R","Strike_R","Strike_R","Defend_R","Defend_R","Defend_R","Defend_R","Bash","Rampage","Second Wind","Feel No Pain","Armaments+1","Power Through","True Grit+1","Burning Pact+1","Shrug It Off","Body Slam","Barricade"],"relics":["Burning Blood","NeowsBlessing","Question Card","Red Skull","Sozu"],"potions_floor_usage":[7,7,7,8,12,20],"damage_taken":[{"damage":0,"enemies":"Cultist","floor":1,"turns":1},{"damage":0,"enemies":"Small Slimes","floor":2,"turns":1},{"damage":0,"enemies":"Jaw Worm","floor":5,"turns":1},{"damage":16,"enemies":"Exordium Thugs","floor":7,"turns":5},{"damage":27,"enemies":"3 Sentries","floor":8,"turns":14},{"damage":34,"enemies":"Gremlin Nob","floor":12,"turns":4},{"damage":0,"enemies":"Red Slaver","floor":13,"turns":5},{"damage":21,"enemies":"The Guardian","floor":16,"turns":11},{"damage":2,"enemies":"Chosen","floor":18,"turns":8},{"damage":3,"enemies":"3 Byrds","floor":20,"turns":6},{"damage":46,"enemies":"Cultist and Chosen","floor":22,"turns":14},{"damage":21,"enemies":"Book of Stabbing","floor":23,"turns":4}],"seed_played":"-3323773160534906480","potions_obtained":[{"floor":1,"key":"EssenceOfSteel"},{"floor":2,"key":"Swift Potion"},{"floor":3,"key":"EntropicBrew"},{"floor":8,"key":"AttackPotion"},{"floor":16,"key":"Fire Potion"}],"is_trial":false,"path_per_floor":["M","M","?","$","M","R","M","E","T","R","$","E","M","?","R","B",null,"M","?","M","?","M","E"],"character_chosen":"IRONCLAD","items_purchased":["Feel No Pain","Burning Pact"],"campfire_rested":0,"item_purchase_floors":[4,11],"current_hp_per_floor":[74,75,75,75,75,75,65,59,59,59,59,31,37,37,37,22,62,66,66,69,69,29,8],"gold":253,"neow_bonus":"THREE_ENEMY_KILL","is_prod":false,"is_daily":false,"chose_seed":false,"campfire_upgraded":3,"win_rate":0,"timestamp":1561184579,"path_taken":["M","?","?","$","M","R","?","E","T","R","?","E","?","?","R","BOSS","M","?","?","?","?","E"],"build_version":"2019-01-23","purchased_purges":0,"victory":false,"max_hp_per_floor":[75,75,75,75,75,75,75,75,75,75,75,75,75,75,75,75,75,75,75,75,75,75,75],"card_choices":[{"not_picked":["Thunderclap","Iron Wave"],"picked":"Rampage","floor":1},{"not_picked":["Evolve","Wild Strike"],"picked":"Second Wind","floor":2},{"not_picked":["Feel No Pain","Perfected Strike"],"picked":"Armaments","floor":5},{"not_picked":["Fire Breathing","Hemokinesis"],"picked":"Power Through","floor":7},{"not_picked":["Carnage","Battle Trance"],"picked":"True Grit","floor":8},{"not_picked":["Combust","Havoc","Burning Pact"],"picked":"Shrug It Off","floor":12},{"not_picked":["Anger","Wild Strike","Sword Boomerang"],"picked":"Body Slam","floor":13},{"not_picked":["Brutality","Berserk","Feed"],"picked":"Barricade","floor":16},{"not_picked":["Wild Strike","Headbutt","Perfected Strike","Havoc"],"picked":"SKIP","floor":18},{"not_picked":["Clash","Warcry","Immolate","Iron Wave"],"picked":"SKIP","floor":20},{"not_picked":["Clash","Twin Strike+1","Fire Breathing","Rage+1"],"picked":"SKIP","floor":22}],"player_experience":1971803,"relics_obtained":[{"floor":8,"key":"Question Card"},{"floor":12,"key":"Red Skull"}],"event_choices":[{"damage_healed":0,"gold_gain":0,"player_choice":"Got Potions","damage_taken":0,"max_hp_gain":0,"max_hp_loss":0,"event_name":"Lab","floor":3,"gold_loss":0},{"cards_removed":["Strike_R"],"damage_healed":0,"gold_gain":0,"player_choice":"Purged","damage_taken":0,"max_hp_gain":0,"max_hp_loss":0,"event_name":"Purifier","floor":14,"gold_loss":0},{"cards_removed":["Strike_R"],"damage_healed":0,"gold_gain":0,"player_choice":"Card Removal","damage_taken":0,"max_hp_gain":0,"max_hp_loss":0,"event_name":"Wheel of Change","floor":19,"gold_loss":0},{"damage_healed":0,"gold_gain":100,"player_choice":"Bet on Murderer","damage_taken":0,"max_hp_gain":0,"max_hp_loss":0,"event_name":"The Joust","floor":21,"gold_loss":50}],"is_beta":false,"boss_relics":[{"not_picked":["Ectoplasm","Black Star"],"picked":"Sozu"}],"items_purged_floors":[],"is_endless":false,"potions_floor_spawned":[1,2,8,16,20,22],"killed_by":"Book of Stabbing","ascension_level":20}