{"gold_per_floor":[112,112,162,51,51,77,77,105,105,105,119,130,143,153,153,227,227,246,346,362,21,47,47,77,77,104,129,129,129,129,156,156,230,230,248,99,111,129,144,144,162,37,37,37,37,49,49,0,0,0],"floor_reached":51,"playtime":1525,"items_purged":["Pain","Strike_B","Strike_B"],"score":1388,"play_id":"b37d4204-ded7-40e1-8da8-b69a2fc9d213","local_time":"20181005202233","is_ascension_mode":true,"campfire_choices":[{"data":"Defragment","floor":10,"key":"SMITH"},{"data":"Zap","floor":15,"key":"SMITH"},{"floor":23,"key":"REST"},{"data":"Shame","floor":28,"key":"PURGE"},{"data":"Strike_B","floor":30,"key":"PURGE"},{"floor":32,"key":"REST"},{"data":"Electrodynamics","floor":40,"key":"SMITH"},{"floor":44,"key":"REST"},{"data":"Strike_B","floor":47,"key":"PURGE"},{"floor":49,"key":"REST"}],"neow_cost":"NONE","seed_source_timestamp":1828276792376558,"circlet_count":0,"master_deck":["Defend_B","Defend_B","Defend_B","Defend_B","Zap+1","Dualcast","AscendersBane","Ball Lightning","Defragment+1","Conserve Battery","Turbo+1","Multi-Cast+1","Steam+1","Cold Snap+1","Electrodynamics+1","Go for the Eyes+1","Barrage+1","Conserve Battery+1","Conserve Battery+1","Stack+1","Hologram+1","Biased Cognition","Bandage Up+1","Cold Snap+1","Ball Lightning+1","Cold Snap+1","Consume+1","Multi-Cast+1","Barrage+1","Echo Form","Conserve Battery+1","Ball Lightning+1","Glacier+1","Thunder Strike+1","Hologram+1","Static Discharge+1","Consume+1","Redo+1"],"special_seed":0,"relics":["Cracked Core","NeowsBlessing","WarpedTongs","Molten Egg 2","Nunchaku","Toxic Egg 2","Orrery","Peace Pipe","Sundial","Runic Capacitor","Regal Pillow","Centennial Puzzle","Dodecahedron","Dream Catcher","Kunai","Bottled Tornado","Sozu","Shuriken","Potion Belt","Red Mask"],"potions_floor_usage":[16,16,19,24,24],"damage_taken":[{"damage":0.0,"enemies":"Small Slimes","floor":1.0,"turns":1.0},{"damage":0,"enemies":"Lagavulin","floor":6,"turns":1},{"damage":0,"enemies":"Gremlin Nob","floor":8,"turns":1},{"damage":0,"enemies":"Cultist","floor":11,"turns":2},{"damage":2,"enemies":"Jaw Worm","floor":12,"turns":3},{"damage":9,"enemies":"Red Slaver","floor":13,"turns":3},{"damage":0,"enemies":"Blue Slaver","floor":14,"turns":3},{"damage":15,"enemies":"Hexaghost","floor":16,"turns":9},{"damage":11,"enemies":"Chosen","floor":18,"turns":5},{"damage":10,"enemies":"Colosseum Slavers","floor":19,"turns":3},{"damage":32,"enemies":"Colosseum Nobs","floor":19,"turns":5},{"damage":6,"enemies":"3 Byrds","floor":20,"turns":2},{"damage":6,"enemies":"Book of Stabbing","floor":24,"turns":5},{"damage":0,"enemies":"Gremlin Leader","floor":27,"turns":3},{"damage":23,"enemies":"Slavers","floor":31,"turns":2},{"damage":18,"enemies":"Collector","floor":33,"turns":7},{"damage":0,"enemies":"3 Shapes","floor":35,"turns":2},{"damage":16,"enemies":"Orb Walker","floor":37,"turns":3},{"damage":6,"enemies":"Spire Growth","floor":38,"turns":4},{"damage":18,"enemies":"Sphere and 2 Shapes","floor":39,"turns":3},{"damage":20,"enemies":"Maw","floor":41,"turns":6},{"damage":11,"enemies":"4 Shapes","floor":46,"turns":2},{"damage":23,"enemies":"Donu and Deca","floor":50,"turns":9}],"seed_played":"2681193305402457424","potions_obtained":[{"floor":7,"key":"SneckoOil"},{"floor":7,"key":"SkillPotion"},{"floor":8,"key":"EssenceOfSteel"},{"floor":12,"key":"Fire Potion"},{"floor":16,"key":"Strength Potion"},{"floor":19,"key":"FearPotion"},{"floor":20,"key":"LiquidBronze"},{"floor":33,"key":"Ancient Potion"}],"is_trial":false,"path_per_floor":["M","?","?","$","?","E","?","E","T","R","M","M","M","M","R","B",null,"M","?","M","$","T","R","E","?","T","E","R","?","R","E","R","B",null,"M","$","M","M","M","R","M","$","T","R","?","M","R","?","R","B"],"character_chosen":"DEFECT","items_purchased":["Fusion","Runic Capacitor","Bandage Up+1","Cold Snap+1","Ball Lightning+1"],"campfire_rested":4,"item_purchase_floors":[4,21,21,21,36],"current_hp_per_floor":[64,64,57,57,71,71,71,71,71,71,71,69,60,60,60,45,65,54,12,6,6,6,42,42,42,42,42,42,42,42,19,55,43,64,70,70,55,49,31,31,17,17,17,53,53,48,48,48,71,54],"gold":0,"neow_bonus":"THREE_ENEMY_KILL","is_prod":false,"is_daily":false,"chose_seed":false,"campfire_upgraded":3,"win_rate":0,"timestamp":1538785353,"path_taken":["M","?","?","$","?","E","?","E","T","R","M","?","M","M","R","BOSS","M","?","M","$","?","R","E","?","T","E","R","?","R","E","R","BOSS","M","$","M","M","M","R","M","$","T","R","?","?","R","?","R","BOSS"],"build_version":"2018-10-04","purchased_purges":3,"victory":true,"max_hp_per_floor":[71,71,71,71,71,71,71,71,71,71,71,71,71,71,71,71,71,71,71,71,71,71,71,71,71,71,71,71,71,71,71,71,71,71,71,71,71,71,71,71,71,71,71,71,71,71,71,71,71,71],"card_choices":[{"not_picked":["Compile Driver","Turbo"],"picked":"Ball Lightning","floor":1.0},{"not_picked":["Static Discharge","Barrage"],"picked":"Defragment","floor":6},{"not_picked":["Recycle","Hologram"],"picked":"Conserve Battery","floor":8},{"not_picked":["Recycle+1","Streamline+1"],"picked":"Turbo+1","floor":11},{"not_picked":["Storm","Streamline+1"],"picked":"Multi-Cast+1","floor":12},{"not_picked":["Rebound+1","Skim+1"],"picked":"Steam+1","floor":13},{"not_picked":["Rip and Tear+1","Steam+1"],"picked":"Cold Snap+1","floor":14},{"not_picked":["Fission+1","Thunder Strike+1"],"picked":"Electrodynamics","floor":16},{"not_picked":["Hologram+1","Compile Driver+1"],"picked":"Go for the Eyes+1","floor":17},{"not_picked":["Self Repair","Undo+1"],"picked":"Barrage+1","floor":17},{"not_picked":["Compile Driver+1","Capacitor"],"picked":"Conserve Battery+1","floor":17},{"not_picked":["Leap+1","Blizzard+1"],"picked":"Conserve Battery+1","floor":17},{"not_picked":["Fusion+1","Amplify+1"],"picked":"Stack+1","floor":17},{"not_picked":["Turbo+1","Heatsinks"],"picked":"Hologram+1","floor":18},{"not_picked":["Ball Lightning+1","Barrage+1"],"picked":"Cold Snap+1","floor":19},{"not_picked":["Self Repair","Static Discharge+1"],"picked":"Biased Cognition","floor":20},{"not_picked":["White Noise+1","Hello World"],"picked":"Ball Lightning+1","floor":24},{"not_picked":["Redo+1","Darkness+1"],"picked":"Cold Snap+1","floor":27},{"not_picked":["Conserve Battery+1","Turbo+1"],"picked":"Multi-Cast+1","floor":31},{"not_picked":["Auto Shields+1","Skim+1"],"picked":"Barrage+1","floor":32},{"not_picked":["Biased Cognition","Rainbow+1"],"picked":"Echo Form","floor":33},{"not_picked":["Sweeping Beam+1","Beam Cell+1"],"picked":"Conserve Battery+1","floor":35},{"not_picked":["Conserve Battery+1","Leap+1","Hello World"],"picked":"SKIP","floor":37},{"not_picked":["FTL+1","Steam+1"],"picked":"Glacier+1","floor":38},{"not_picked":["Leap+1","Gash+1"],"picked":"Thunder Strike+1","floor":39},{"not_picked":["Streamline+1","Redo+1"],"picked":"Hologram+1","floor":41},{"not_picked":["Beam Cell+1","Rip and Tear+1"],"picked":"Static Discharge+1","floor":44},{"not_picked":["Hologram+1","Cold Snap+1"],"picked":"Consume+1","floor":46},{"not_picked":["Hyperbeam+1","Consume+1"],"picked":"Redo+1","floor":49}],"player_experience":810632,"relics_obtained":[{"floor":6,"key":"Molten Egg 2"},{"floor":8,"key":"Nunchaku"},{"floor":9,"key":"Toxic Egg 2"},{"floor":19,"key":"Peace Pipe"},{"floor":19,"key":"Sundial"},{"floor":22,"key":"Regal Pillow"},{"floor":24,"key":"Centennial Puzzle"},{"floor":26,"key":"Dream Catcher"},{"floor":27,"key":"Kunai"},{"floor":31,"key":"Bottled Tornado"},{"floor":43,"key":"Shuriken"}],"event_choices":[{"event_name":"Accursed Blacksmith","player_choice":"Rummage","floor":2.0,"damage_taken":0.0},{"event_name":"FaceTrader","player_choice":"Touch","floor":3,"damage_taken":0},{"event_name":"Bonfire Elementals","player_choice":"UNCOMMON","floor":5,"damage_taken":0},{"event_name":"The Lab","player_choice":"Got Potions","floor":7,"damage_taken":0},{"event_name":"Colosseum","player_choice":"Fight","floor":19,"damage_taken":0},{"event_name":"Colosseum","player_choice":"Fought Nobs","floor":19,"damage_taken":0},{"event_name":"Addict","player_choice":"Stole Relic","floor":25,"damage_taken":0},{"event_name":"The Library","player_choice":"Read","floor":29,"damage_taken":0},{"event_name":"WeMeetAgain","player_choice":"Card","floor":45,"damage_taken":0},{"event_name":"Tomb of Lord Red Mask","player_choice":"Paid","floor":48,"damage_taken":0}],"is_beta":false,"boss_relics":[{"not_picked":["Calling Bell","Snecko Eye"],"picked":"Orrery"},{"not_picked":["FrozenCore","Velvet Choker"],"picked":"Sozu"}],"items_purged_floors":[4,36,42],"is_endless":false,"potions_floor_spawned":[8,11,12,16,19,20,33,35,38,41],"ascension_level":15}