{"gold_per_floor":[117,132,148,148,168,195,14,14,14,14,87,87,87,104,104,206,206,206,206,206,206,23,23,23,23,23,23,23,23,23,23,23,23,23,23,23,23,23,23,23,23,23,23,23,23,23,23,23],"floor_reached":48,"playtime":3204,"items_purged":[],"score":604,"play_id":"4f446e02-9c4a-439d-aae0-2cc472cdfa45","local_time":"20181112193318","is_ascension_mode":true,"campfire_choices":[{"data":"Perfected Strike","floor":8.0,"key":"SMITH"},{"data":"1","floor":10.0,"key":"LIFT"},{"data":"2","floor":12.0,"key":"LIFT"},{"data":"3","floor":15.0,"key":"LIFT"},{"data":"Heavy Blade","floor":24.0,"key":"SMITH"},{"data":"Flex","floor":27.0,"key":"SMITH"},{"floor":32.0,"key":"REST"},{"data":"Flex","floor":41.0,"key":"SMITH"},{"floor":46,"key":"REST"}],"neow_cost":"NONE","seed_source_timestamp":0,"circlet_count":0,"master_deck":["Strike_R","Strike_R","Strike_R","Strike_R","Strike_R","Defend_R","Defend_R","Defend_R","Bash+1","Metallicize+1","Perfected Strike+1","Flex","Combust","Flex+1","Cleave","Offering","Demon Form","Reaper","Heavy Blade+1","Armaments+1","Metallicize","Flex+1","Panacea","Pommel Strike","Heavy Blade+1","Cleave","Rupture+1","RitualDagger","Offering","Panacea","Dark Shackles","Metallicize","Armaments+1","Heavy Blade+1"],"special_seed":0,"relics":["Burning Blood","Shovel","Sundial","Girya","Ectoplasm","Singing Bowl","Orichalcum","Mummified Hand","Smiling Mask","Philosopher\u0027s Stone","Dodecahedron","Shuriken","Mercury Hourglass"],"potions_floor_usage":[45],"damage_taken":[{"damage":1.0,"enemies":"Cultist","floor":1.0,"turns":4.0},{"damage":0.0,"enemies":"2 Louse","floor":2.0,"turns":2.0},{"damage":4.0,"enemies":"Small Slimes","floor":3.0,"turns":3.0},{"damage":5.0,"enemies":"3 Louse","floor":5.0,"turns":4.0},{"damage":23.0,"enemies":"3 Sentries","floor":6.0,"turns":6.0},{"damage":8.0,"enemies":"Red Slaver","floor":14.0,"turns":2.0},{"damage":23.0,"enemies":"Slime Boss","floor":16.0,"turns":6.0},{"damage":15.0,"enemies":"Shell Parasite","floor":18.0,"turns":3.0},{"damage":7.0,"enemies":"Chosen","floor":19.0,"turns":3.0},{"damage":37.0,"enemies":"Slavers","floor":23.0,"turns":5.0},{"damage":33.0,"enemies":"Gremlin Leader","floor":25.0,"turns":4.0},{"damage":6.0,"enemies":"Book of Stabbing","floor":28.0,"turns":2.0},{"damage":0.0,"enemies":"3 Cultists","floor":29.0,"turns":3.0},{"damage":17.0,"enemies":"Snake Plant","floor":30.0,"turns":3.0},{"damage":51.0,"enemies":"Automaton","floor":33.0,"turns":8.0},{"damage":3.0,"enemies":"Orb Walker","floor":35.0,"turns":3.0},{"damage":21.0,"enemies":"3 Darklings","floor":37.0,"turns":5.0},{"damage":12.0,"enemies":"Sphere and 2 Shapes","floor":39.0,"turns":2.0},{"damage":47.0,"enemies":"Reptomancer","floor":40.0,"turns":4.0},{"damage":31.0,"enemies":"Writhing Mass","floor":42.0,"turns":4.0},{"damage":37.0,"enemies":"Maw","floor":44.0,"turns":6.0},{"damage":19,"enemies":"Sphere and 2 Shapes","floor":45,"turns":3},{"damage":45,"enemies":"Giant Head","floor":47,"turns":7},{"damage":20,"enemies":"Spire Growth","floor":48,"turns":2}],"seed_played":"3689178449236600798","potions_obtained":[{"floor":2.0,"key":"FearPotion"},{"floor":3.0,"key":"GamblersBrew"},{"floor":5.0,"key":"SteroidPotion"},{"floor":23.0,"key":"GamblersBrew"},{"floor":28.0,"key":"Weak Potion"},{"floor":29.0,"key":"Explosive Potion"},{"floor":37.0,"key":"Explosive Potion"},{"floor":40.0,"key":"Poison Potion"},{"floor":45,"key":"Explosive Potion"}],"is_trial":false,"path_per_floor":["M","M","M","?","M","E","$","R","T","R","?","R","?","M","R","B",null,"M","M","?","?","$","E","R","E","T","R","E","M","M","?","R","B",null,"M","?","M","?","M","E","R","M","T","M","M","R","E","M"],"character_chosen":"IRONCLAD","items_purchased":["Flex","Cleave","Offering","Metallicize","Flex","Panacea"],"campfire_rested":2,"item_purchase_floors":[7,7,7,22,22,22],"current_hp_per_floor":[80,80,80,73,74,57,57,57,57,57,57,57,57,55,55,38,80,80,79,79,79,79,74,74,47,47,47,47,55,50,44,68,23,82,84,79,84,84,86,61,61,43,43,20,7,34,13,0],"gold":23,"neow_bonus":"UPGRADE_CARD","is_prod":false,"is_daily":false,"chose_seed":false,"campfire_upgraded":4,"win_rate":0,"timestamp":1542069198,"path_taken":["M","M","M","?","M","E","$","R","T","R","?","R","?","M","R","BOSS","M","M","?","?","$","E","R","E","T","R","E","?","M","?","R","BOSS","M","?","M","?","M","E","R","?","T","M","M","R","E","M"],"build_version":"2018-11-08","purchased_purges":0,"victory":false,"max_hp_per_floor":[80,80,80,80,80,80,80,80,80,80,80,80,80,80,80,80,80,80,80,80,80,80,80,80,80,80,80,80,82,82,82,82,82,82,84,84,84,84,86,86,86,88,88,90,90,90,92,92],"card_choices":[{"not_picked":["Pommel Strike","Hemokinesis"],"picked":"Metallicize","floor":1.0},{"not_picked":["Rupture","Shrug It Off"],"picked":"Perfected Strike","floor":2.0},{"not_picked":["Combust","Heavy Blade"],"picked":"Flex","floor":3.0},{"not_picked":["Anger","Hemokinesis"],"picked":"Combust","floor":5.0},{"not_picked":["Clothesline","Sentinel","Feel No Pain"],"picked":"SKIP","floor":6.0},{"not_picked":["Shrug It Off","Wild Strike"],"picked":"Demon Form","floor":14.0},{"not_picked":["Fiend Fire","Bludgeon"],"picked":"Reaper","floor":16.0},{"not_picked":["Power Through","Iron Wave","Thunderclap"],"picked":"SKIP","floor":18.0},{"not_picked":["Havoc+1","Reckless Charge+1"],"picked":"Heavy Blade","floor":19.0},{"not_picked":["Pummel","Rampage"],"picked":"Pommel Strike","floor":23.0},{"not_picked":["Uppercut","Dropkick"],"picked":"Heavy Blade+1","floor":25.0},{"not_picked":["Anger","Evolve"],"picked":"Cleave","floor":28.0},{"not_picked":["Corruption","Havoc","Carnage+1"],"picked":"Singing Bowl","floor":29.0},{"not_picked":["Clothesline+1","Headbutt"],"picked":"Rupture+1","floor":30.0},{"not_picked":["Bludgeon","Demon Form"],"picked":"Offering","floor":33.0},{"not_picked":["Clash","Warcry","Sever Soul"],"picked":"Singing Bowl","floor":35.0},{"not_picked":["Madness","Purity"],"picked":"Panacea","floor":36.0},{"not_picked":["Purity","HandOfGreed"],"picked":"Dark Shackles","floor":36.0},{"not_picked":["Shrug It Off","Cleave+1"],"picked":"Metallicize","floor":37.0},{"not_picked":["Sword Boomerang","Dropkick","Havoc+1"],"picked":"Singing Bowl","floor":39.0},{"not_picked":["True Grit+1","Intimidate+1"],"picked":"Armaments+1","floor":40.0},{"not_picked":["Warcry","Armaments+1","Burning Pact"],"picked":"Singing Bowl","floor":42.0},{"not_picked":["Intimidate","Havoc","Immolate"],"picked":"Singing Bowl","floor":44.0},{"not_picked":["Anger","Flex"],"picked":"Heavy Blade+1","floor":45},{"not_picked":["Warcry+1","Shrug It Off","Shockwave"],"picked":"Singing Bowl","floor":47}],"player_experience":294651,"relics_obtained":[{"floor":6.0,"key":"Sundial"},{"floor":9.0,"key":"Girya"},{"floor":23.0,"key":"Singing Bowl"},{"floor":25.0,"key":"Orichalcum"},{"floor":26.0,"key":"Mummified Hand"},{"floor":28.0,"key":"Smiling Mask"},{"floor":40.0,"key":"Dodecahedron"},{"floor":43.0,"key":"Shuriken"},{"floor":47,"key":"Mercury Hourglass"}],"event_choices":[{"damage_healed":0.0,"max_hp_gain":0.0,"max_hp_loss":0.0,"gold_gain":0.0,"event_name":"Scrap Ooze","player_choice":"Success","floor":4.0,"gold_loss":0.0,"damage_taken":7.0,"relics_obtained":["Shovel"]},{"damage_healed":0.0,"max_hp_gain":0.0,"max_hp_loss":0.0,"gold_gain":73.0,"event_name":"Golden Wing","player_choice":"Gained Gold","floor":11.0,"gold_loss":0.0,"damage_taken":0.0},{"damage_healed":0.0,"max_hp_gain":0.0,"max_hp_loss":0.0,"gold_gain":0.0,"event_name":"Living Wall","player_choice":"Grow","floor":13.0,"gold_loss":0.0,"damage_taken":0.0,"cards_upgraded":["Metallicize"]},{"damage_healed":0.0,"max_hp_gain":0.0,"max_hp_loss":0.0,"gold_gain":0.0,"event_name":"The Library","player_choice":"Read","floor":20.0,"gold_loss":0.0,"damage_taken":0.0,"cards_obtained":["Armaments"]},{"damage_healed":0.0,"max_hp_gain":0.0,"max_hp_loss":0.0,"gold_gain":0.0,"event_name":"Accursed Blacksmith","player_choice":"Forge","floor":21.0,"gold_loss":0.0,"damage_taken":0.0,"cards_upgraded":["Armaments"]},{"damage_healed":0.0,"max_hp_gain":0.0,"max_hp_loss":0.0,"gold_gain":0.0,"event_name":"Nest","player_choice":"Joined the Cult","floor":31.0,"gold_loss":0.0,"damage_taken":6.0,"cards_obtained":["RitualDagger"]},{"damage_healed":0.0,"max_hp_gain":0.0,"max_hp_loss":0.0,"gold_gain":0.0,"event_name":"SensoryStone","player_choice":"Memory 2","floor":36.0,"gold_loss":0.0,"damage_taken":5.0},{"cards_removed":["Defend_R"],"damage_healed":0.0,"max_hp_gain":0.0,"max_hp_loss":0.0,"gold_gain":0.0,"event_name":"Purifier","player_choice":"Purged","floor":38.0,"gold_loss":0.0,"damage_taken":0.0}],"is_beta":false,"boss_relics":[{"not_picked":["Busted Crown","Fusion Hammer"],"picked":"Ectoplasm"},{"not_picked":["Eternal Feather","Velvet Choker"],"picked":"Philosopher\u0027s Stone"}],"items_purged_floors":[],"is_endless":false,"potions_floor_spawned":[2,3,5,23,28,29,37,40,45],"killed_by":"Spire Growth","ascension_level":1}