{"gold_per_floor":[112,112,37,50,26,59,82,32,85,118,133,146,146,224,236,367,379,416,442,454,487,499,511,259,259,259,65,65,65,98,139,139,268,268,292,308,26,26,26,26,61,61,61,97,113,113,147,168,168,168],"floor_reached":51,"playtime":2617,"items_purged":["Strike_B","Ball Lightning","Glacier+1"],"score":1078,"play_id":"17c2a0e4-03ae-4ff7-b917-e1eb31705eb8","local_time":"20190715181127","is_ascension_mode":true,"campfire_choices":[{"data":"Zap","floor":13.0,"key":"SMITH"},{"data":"Redo","floor":15.0,"key":"SMITH"},{"data":"Scrape","floor":23,"key":"SMITH"},{"data":"Hologram","floor":25,"key":"SMITH"},{"data":"Deep Breath","floor":28,"key":"SMITH"},{"data":"Deep Breath","floor":32,"key":"SMITH"},{"data":"Seek","floor":40,"key":"SMITH"},{"data":"Go for the Eyes","floor":42,"key":"SMITH"},{"floor":49,"key":"REST"}],"neow_cost":"NONE","seed_source_timestamp":5169843288279,"circlet_count":0,"master_deck":["Zap+1","Dualcast","Gash","FTL","FTL","Redo+1","Undo","Conserve Battery","Go for the Eyes+1","Steam","Beam Cell","Go for the Eyes","Electrodynamics","Scrape+1","Loop","Deep Breath+1","Hologram+1","Scrape","Deep Breath+1","Undo+1","Beam Cell+1","Turbo+1","Seek+1","Finesse","Panache","Gash"],"special_seed":0,"relics":["Cracked Core","NeowsBlessing","Golden Idol","Bag of Marbles","Orichalcum","Mummified Hand","MawBank","Empty Cage","Meat on the Bone","Matryoshka","Red Mask","Astrolabe","Turnip","Singing Bowl","Sundial","Regal Pillow","Nunchaku"],"potions_floor_usage":[21,30,30,47,47,50],"damage_taken":[{"damage":0.0,"enemies":"2 Louse","floor":1.0,"turns":1.0},{"damage":0.0,"enemies":"Jaw Worm","floor":4.0,"turns":1.0},{"damage":0.0,"enemies":"Gremlin Nob","floor":6.0,"turns":1.0},{"damage":8.0,"enemies":"Small Slimes","floor":7.0,"turns":2.0},{"damage":14.0,"enemies":"3 Sentries","floor":10.0,"turns":8.0},{"damage":0.0,"enemies":"Looter","floor":11.0,"turns":2.0},{"damage":0.0,"enemies":"3 Louse","floor":12.0,"turns":4.0},{"damage":0.0,"enemies":"3 Sentries","floor":14.0,"turns":7.0},{"damage":20.0,"enemies":"Slime Boss","floor":16.0,"turns":9.0},{"damage":0.0,"enemies":"Spheric Guardian","floor":18.0,"turns":3.0},{"damage":3.0,"enemies":"Chosen","floor":19.0,"turns":4.0},{"damage":25,"enemies":"Snecko","floor":21,"turns":5},{"damage":28,"enemies":"Slavers","floor":30,"turns":5},{"damage":22,"enemies":"Masked Bandits","floor":31,"turns":3},{"damage":8,"enemies":"Automaton","floor":33,"turns":6},{"damage":0,"enemies":"3 Shapes","floor":35,"turns":3},{"damage":0,"enemies":"3 Darklings","floor":36,"turns":2},{"damage":4,"enemies":"Nemesis","floor":41,"turns":7},{"damage":19,"enemies":"Reptomancer","floor":44,"turns":4},{"damage":5,"enemies":"Spire Growth","floor":45,"turns":3},{"damage":25,"enemies":"Giant Head","floor":47,"turns":6},{"damage":10,"enemies":"4 Shapes","floor":48,"turns":3},{"damage":31,"enemies":"Awakened One","floor":50,"turns":9}],"seed_played":"2790732792324579692","potions_obtained":[{"floor":1.0,"key":"GamblersBrew"},{"floor":6.0,"key":"GamblersBrew"},{"floor":12.0,"key":"Fire Potion"},{"floor":16.0,"key":"Regen Potion"},{"floor":18.0,"key":"Regen Potion"},{"floor":21,"key":"Explosive Potion"},{"floor":36,"key":"FocusPotion"},{"floor":44,"key":"Fire Potion"},{"floor":45,"key":"Regen Potion"},{"floor":47,"key":"SteroidPotion"}],"is_trial":false,"path_per_floor":["M","?","$","M","$","E","M","?","T","E","M","M","R","?","R","B",null,"M","M","?","M","?","R","$","R","T","$","R","?","E","?","R","B",null,"M","M","$","?","?","R","E","R","T","E","M","?","E","M","R","B",null],"character_chosen":"DEFECT","items_purchased":["FTL","Redo","Deep Breath","Hologram","Scrape","Deep Breath","Seek"],"campfire_rested":1,"item_purchase_floors":[3,5,24,24,24,27,37],"current_hp_per_floor":[68,68,68,68,68,68,60,60,60,46,46,46,46,46,46,26,58,58,55,55,39,39,39,39,39,39,39,39,39,37,27,27,31,60,60,60,60,50,50,50,46,46,46,41,36,36,30,34,70,39],"gold":168,"neow_bonus":"THREE_ENEMY_KILL","is_prod":false,"is_daily":false,"chose_seed":false,"campfire_upgraded":8,"win_rate":0,"timestamp":1563181887,"path_taken":["M","?","$","M","$","E","M","?","T","E","M","M","R","?","R","BOSS","M","M","?","M","?","R","$","R","T","$","R","?","E","?","R","BOSS","M","M","$","?","?","R","E","R","T","E","M","?","E","M","R","BOSS"],"build_version":"2019-07-05","purchased_purges":3,"victory":true,"max_hp_per_floor":[75,69,69,69,69,69,69,69,69,69,69,69,69,69,69,69,69,69,69,69,69,69,69,69,69,69,69,69,69,69,69,69,69,69,69,69,69,69,66,66,66,66,66,68,68,68,70,72,72,72],"card_choices":[{"not_picked":["Steam","Redo"],"picked":"Gash","floor":1.0},{"not_picked":["Turbo","Barrage"],"picked":"FTL","floor":4.0},{"not_picked":["Conserve Battery","Heatsinks"],"picked":"Undo","floor":6.0},{"not_picked":["Hello World","Amplify"],"picked":"Conserve Battery","floor":7.0},{"not_picked":["Turbo","Blizzard"],"picked":"Go for the Eyes","floor":10.0},{"not_picked":["Stack","Chaos"],"picked":"Steam","floor":11.0},{"not_picked":["Compile Driver","Steam"],"picked":"Beam Cell","floor":12.0},{"not_picked":["Lockon","Rebound"],"picked":"Go for the Eyes","floor":14.0},{"not_picked":["Thunder Strike","Amplify"],"picked":"Electrodynamics","floor":16.0},{"not_picked":["Rebound","Sweeping Beam"],"picked":"Scrape","floor":18.0},{"not_picked":["Genetic Algorithm","Static Discharge","Rebound"],"picked":"SKIP","floor":19.0},{"not_picked":["Rebound+1","Blizzard+1","Conserve Battery"],"picked":"SKIP","floor":21},{"not_picked":["Heatsinks","Redo"],"picked":"Undo+1","floor":30},{"not_picked":["Biased Cognition","Multi-Cast"],"picked":"Fission","floor":33},{"not_picked":["Coolheaded","Redo","Lockon"],"picked":"SKIP","floor":35},{"not_picked":["Leap","Auto Shields+1"],"picked":"Defragment","floor":36},{"not_picked":["Blind","Discovery"],"picked":"Finesse","floor":38},{"not_picked":["Dark Shackles","Finesse"],"picked":"Panache","floor":38},{"not_picked":["Redo","Doom and Gloom+1","Blizzard+1"],"picked":"SKIP","floor":41},{"not_picked":["Scrape","Defragment+1","Rebound+1"],"picked":"Singing Bowl","floor":44},{"not_picked":["Rebound+1","Genetic Algorithm+1"],"picked":"Gash","floor":45},{"not_picked":["Consume","Storm+1","Ball Lightning"],"picked":"Singing Bowl","floor":47},{"not_picked":["Redo","Sunder+1","Ball Lightning+1"],"picked":"Singing Bowl","floor":48}],"player_experience":234139,"relics_obtained":[{"floor":6.0,"key":"Bag of Marbles"},{"floor":9.0,"key":"Orichalcum"},{"floor":10.0,"key":"Mummified Hand"},{"floor":14.0,"key":"MawBank"},{"floor":26,"key":"Meat on the Bone"},{"floor":30,"key":"Matryoshka"},{"floor":31,"key":"Red Mask"},{"floor":41,"key":"Turnip"},{"floor":43,"key":"Singing Bowl"},{"floor":43,"key":"Sundial"},{"floor":44,"key":"Regal Pillow"},{"floor":47,"key":"Nunchaku"}],"event_choices":[{"damage_healed":0.0,"max_hp_gain":0.0,"max_hp_loss":6.0,"gold_gain":0.0,"event_name":"Golden Idol","player_choice":"Lose Max HP","floor":2.0,"gold_loss":0.0,"damage_taken":0.0,"relics_obtained":["Golden Idol"]},{"cards_removed":["Strike_B"],"damage_healed":0.0,"max_hp_gain":0.0,"max_hp_loss":0.0,"gold_gain":0.0,"event_name":"The Cleric","player_choice":"Card Removal","floor":8.0,"gold_loss":50.0,"damage_taken":0.0},{"damage_healed":0.0,"max_hp_gain":0.0,"max_hp_loss":0.0,"gold_gain":0.0,"event_name":"Dead Adventurer","player_choice":"Searched \u00271\u0027 times","floor":14.0,"gold_loss":0.0,"damage_taken":0.0},{"damage_healed":0,"gold_gain":0,"player_choice":"Ignored","damage_taken":0,"max_hp_gain":0,"max_hp_loss":0,"event_name":"Cursed Tome","floor":20,"gold_loss":0},{"damage_healed":0,"gold_gain":0,"cards_transformed":["Strike_B","Defend_B"],"player_choice":"Became Test Subject","damage_taken":0,"max_hp_gain":0,"max_hp_loss":0,"event_name":"Drug Dealer","floor":22,"gold_loss":0,"cards_obtained":["Ball Lightning","Loop"]},{"damage_healed":0,"gold_gain":0,"player_choice":"Fought Bandits","damage_taken":0,"max_hp_gain":0,"max_hp_loss":0,"event_name":"Masked Bandits","floor":31,"gold_loss":0},{"damage_healed":0,"gold_gain":0,"player_choice":"Memory 3","damage_taken":10,"max_hp_gain":0,"max_hp_loss":0,"event_name":"SensoryStone","floor":38,"gold_loss":0},{"damage_healed":0,"gold_gain":0,"player_choice":"Max HP","damage_taken":0,"max_hp_gain":0,"max_hp_loss":3,"event_name":"Winding Halls","floor":39,"gold_loss":0},{"cards_removed":["Defragment"],"damage_healed":0,"gold_gain":0,"player_choice":"Removed Power","damage_taken":0,"max_hp_gain":0,"max_hp_loss":0,"event_name":"Falling","floor":46,"gold_loss":0}],"is_beta":false,"boss_relics":[{"not_picked":["Lizard Tail","Runic Dome"],"picked":"Empty Cage"},{"not_picked":["Busted Crown","Velvet Choker"],"picked":"Astrolabe"}],"items_purged_floors":[24,27,37],"is_endless":false,"potions_floor_spawned":[1,6,12,16,18,21,36,44,45,47],"ascension_level":8}