{"gold_per_floor":[115,40,58,78,91,91,91,91,114,130,143,162,162,192,192,295,295],"floor_reached":17,"playtime":444,"items_purged":["Strike_R"],"score":149,"play_id":"0b1939ac-382c-4ab1-837a-ef97455f0e75","local_time":"20190805101256","is_ascension_mode":false,"campfire_choices":[{"data":"Perfected Strike","floor":6,"key":"SMITH"},{"data":"Pummel","floor":8,"key":"SMITH"},{"data":"Perfected Strike","floor":15,"key":"SMITH"}],"neow_cost":"NONE","seed_source_timestamp":27647787650568,"circlet_count":0,"master_deck":["Strike_R","Strike_R","Strike_R","Defend_R","Defend_R","Defend_R+1","Defend_R","Bash","Pommel Strike+1","Pummel+1","True Grit+1","Perfected Strike+1","Dual Wield","Clothesline","Perfected Strike+1","Metallicize","Shrug It Off"],"relics":["Burning Blood","Odd Mushroom"],"potions_floor_usage":[14],"damage_taken":[{"damage":6,"enemies":"Cultist","floor":1,"turns":3},{"damage":0,"enemies":"2 Louse","floor":3,"turns":3},{"damage":10,"enemies":"Small Slimes","floor":4,"turns":4},{"damage":13,"enemies":"Looter","floor":5,"turns":3},{"damage":5,"enemies":"3 Louse","floor":10,"turns":3},{"damage":6,"enemies":"Red Slaver","floor":11,"turns":4},{"damage":0,"enemies":"Exordium Wildlife","floor":12,"turns":2},{"damage":19,"enemies":"The Mushroom Lair","floor":14,"turns":4},{"damage":9,"enemies":"Slime Boss","floor":16,"turns":14}],"seed_played":"-4660255417807387486","potions_obtained":[{"floor":1,"key":"Regen Potion"},{"floor":4,"key":"Energy Potion"},{"floor":11,"key":"FearPotion"}],"is_trial":false,"path_per_floor":["M","$","M","M","M","R","?","R","T","M","M","M","?","?","R","B",null],"character_chosen":"IRONCLAD","items_purchased":[],"campfire_rested":0,"item_purchase_floors":[],"current_hp_per_floor":[80,80,80,76,69,69,69,69,69,70,70,76,60,47,47,44,44],"gold":295,"neow_bonus":"TRANSFORM_CARD","is_prod":false,"is_daily":false,"chose_seed":false,"campfire_upgraded":3,"win_rate":0,"timestamp":1564967576,"path_taken":["M","$","M","M","?","R","?","R","T","M","?","M","?","?","R","BOSS"],"build_version":"2019-07-17","purchased_purges":1,"victory":false,"max_hp_per_floor":[80,80,80,80,80,80,80,80,80,80,80,80,80,80,80,80,80],"card_choices":[{"not_picked":["Cleave","Wild Strike"],"picked":"Pummel","floor":1},{"not_picked":["Fire Breathing","Sword Boomerang"],"picked":"True Grit","floor":3},{"not_picked":["Wild Strike","Armaments"],"picked":"Perfected Strike","floor":4},{"not_picked":["Anger","Infernal Blade"],"picked":"Dual Wield","floor":5},{"not_picked":["Headbutt","Armaments"],"picked":"Clothesline","floor":10},{"not_picked":["Wild Strike","Carnage"],"picked":"Perfected Strike","floor":11},{"not_picked":["Carnage","Perfected Strike"],"picked":"Metallicize","floor":12},{"not_picked":["Heavy Blade","Clash"],"picked":"Shrug It Off","floor":14}],"player_experience":269186,"relics_obtained":[{"floor":14,"key":"Odd Mushroom"}],"event_choices":[{"damage_healed":0,"gold_gain":0,"player_choice":"Upgraded","damage_taken":0,"max_hp_gain":0,"max_hp_loss":0,"event_name":"Upgrade Shrine","floor":7,"gold_loss":0,"cards_upgraded":["True Grit"]},{"damage_healed":0,"gold_gain":0,"player_choice":"Entered Light","damage_taken":16,"max_hp_gain":0,"max_hp_loss":0,"event_name":"Shining Light","floor":13,"gold_loss":0,"cards_upgraded":["Defend_R","Pommel Strike"]},{"damage_healed":0,"gold_gain":0,"player_choice":"Fought Mushrooms","damage_taken":0,"max_hp_gain":0,"max_hp_loss":0,"event_name":"Mushrooms","floor":14,"gold_loss":0}],"is_beta":false,"boss_relics":[],"items_purged_floors":[2],"is_endless":false,"potions_floor_spawned":[1,4,11,12],"ascension_level":0}