{"gold_per_floor":[109,32,32,46,61,61,113,113,113,113,129,129],"floor_reached":12,"playtime":299,"items_purged":[],"score":136,"play_id":"c2942047-6080-4741-b012-612eec8c1c46","local_time":"20190607165635","is_ascension_mode":true,"campfire_choices":[{"data":"Calculated Gamble","floor":6,"key":"SMITH"},{"data":"Deadly Poison","floor":8,"key":"SMITH"},{"data":"Neutralize","floor":10,"key":"SMITH"}],"neow_cost":"PERCENT_DAMAGE","seed_source_timestamp":437688695746584,"circlet_count":0,"master_deck":["AscendersBane","Defend_G","Defend_G","Defend_G","Defend_G","Defend_G","Strike_G","Strike_G","Survivor","Neutralize+1","Deadly Poison+1","Calculated Gamble+1","Reflex","Backflip"],"relics":["Ring of the Snake","Juzu Bracelet","Meat on the Bone"],"potions_floor_usage":[],"damage_taken":[{"damage":0,"enemies":"Cultist","floor":1,"turns":5},{"damage":0,"enemies":"Jaw Worm","floor":4,"turns":4},{"damage":6,"enemies":"2 Louse","floor":5,"turns":3},{"damage":22,"enemies":"Large Slime","floor":11,"turns":9},{"damage":20,"enemies":"3 Sentries","floor":12,"turns":5}],"seed_played":"-5094193684876670459","potions_obtained":[{"floor":4,"key":"GhostInAJar"},{"floor":5,"key":"Fire Potion"}],"is_trial":false,"path_per_floor":["M","$","?","M","M","R","T","R","T","R","M","E"],"character_chosen":"THE_SILENT","items_purchased":["Calculated Gamble"],"campfire_rested":0,"item_purchase_floors":[2],"current_hp_per_floor":[44,44,44,44,38,38,38,38,38,38,28,8],"gold":129,"neow_bonus":"REMOVE_TWO","is_prod":false,"is_daily":false,"chose_seed":false,"campfire_upgraded":3,"win_rate":0,"timestamp":1559897795,"path_taken":["M","$","?","?","M","R","?","R","T","R","M","E"],"build_version":"2019-01-23","purchased_purges":0,"victory":false,"max_hp_per_floor":[66,66,66,66,66,66,66,66,66,66,66,66],"card_choices":[{"not_picked":["Prepared","Infinite Blades"],"picked":"Deadly Poison","floor":1},{"not_picked":["Dodge and Roll","Sucker Punch","Slice"],"picked":"SKIP","floor":4},{"not_picked":["Backflip","Accuracy"],"picked":"Reflex","floor":5},{"not_picked":["Poisoned Stab","Flying Knee","Backflip"],"picked":"SKIP","floor":11},{"not_picked":["Poisoned Stab","Flying Knee"],"picked":"Backflip","floor":11}],"player_experience":1898671,"relics_obtained":[{"floor":7,"key":"Juzu Bracelet"},{"floor":9,"key":"Meat on the Bone"}],"event_choices":[{"cards_removed":["Strike_G"],"damage_healed":0,"gold_gain":0,"player_choice":"Card Removal","damage_taken":0,"max_hp_gain":0,"max_hp_loss":0,"event_name":"Wheel of Change","floor":3,"gold_loss":0}],"is_beta":false,"boss_relics":[],"items_purged_floors":[],"is_endless":false,"potions_floor_spawned":[4,5,11],"killed_by":"3 Sentries","ascension_level":20}