{"gold_per_floor":[115,115,125,200,210,57,57,67,67,78,78,88,88,102,102,202,202,186,101,50,50,63,63,79,79,79,79,91,91,102,102],"floor_reached":31,"playtime":2909,"items_purged":[],"score":229,"play_id":"6d2843f6-97b1-48cb-b7aa-3ba2ee3b482d","local_time":"20190703015319","is_ascension_mode":false,"campfire_choices":[{"data":"Armaments","floor":7,"key":"SMITH"},{"data":"Rupture","floor":11,"key":"SMITH"},{"floor":15,"key":"REST"},{"floor":23,"key":"REST"},{"data":"Body Slam","floor":25,"key":"SMITH"},{"data":"Armaments","floor":27,"key":"SMITH"}],"neow_cost":"NONE","seed_source_timestamp":1120161109799900,"circlet_count":0,"master_deck":["Strike_R","Strike_R","Strike_R","Strike_R","Defend_R","Defend_R","Defend_R","Defend_R","Bash+1","Iron Wave","Thunderclap","Armaments+1","Demon Form","Rupture+1","Armaments+1","Body Slam+1","Pommel Strike","Feed","Cleave+1","RitualDagger","Shrug It Off","Entrench","Anger+1","Dropkick","Second Wind+1"],"relics":["Burning Blood","NeowsBlessing","Gremlin Horn","Matryoshka","Philosopher\u0027s Stone","Self Forming Clay","Paper Frog","Boot"],"potions_floor_usage":[16,16,16,28,30,30,31],"damage_taken":[{"damage":0,"enemies":"Small Slimes","floor":1,"turns":1},{"damage":0,"enemies":"Jaw Worm","floor":3,"turns":1},{"damage":0,"enemies":"Cultist","floor":5,"turns":1},{"damage":7,"enemies":"Blue Slaver","floor":8,"turns":3},{"damage":5,"enemies":"Looter","floor":10,"turns":3},{"damage":13,"enemies":"Large Slime","floor":12,"turns":5},{"damage":13,"enemies":"Red Slaver","floor":14,"turns":4},{"damage":49,"enemies":"The Guardian","floor":16,"turns":12},{"damage":37,"enemies":"2 Thieves","floor":18,"turns":5},{"damage":25,"enemies":"3 Byrds","floor":22,"turns":5},{"damage":21,"enemies":"Centurion and Healer","floor":24,"turns":5},{"damage":20,"enemies":"Snake Plant","floor":28,"turns":5},{"damage":22,"enemies":"Sentry and Sphere","floor":30,"turns":6},{"damage":15,"enemies":"Shelled Parasite and Fungi","floor":31,"turns":1}],"seed_played":"-5490118803036267335","potions_obtained":[{"floor":3,"key":"Ancient Potion"},{"floor":10,"key":"Strength Potion"},{"floor":12,"key":"Poison Potion"},{"floor":22,"key":"SpeedPotion"},{"floor":24,"key":"Weak Potion"},{"floor":30,"key":"Explosive Potion"}],"is_trial":false,"path_per_floor":["M","?","M","?","M","$","R","M","T","M","R","M","?","M","R","B",null,"M","?","$","?","M","R","M","R","T","R","M","?","M","M"],"character_chosen":"IRONCLAD","items_purchased":["Demon Form","Block Potion"],"campfire_rested":2,"item_purchase_floors":[6,20],"current_hp_per_floor":[80,80,80,72,78,78,78,77,77,78,78,71,46,39,63,20,80,49,49,49,43,28,53,38,38,38,38,24,24,8,0],"gold":102,"neow_bonus":"THREE_ENEMY_KILL","is_prod":false,"is_daily":false,"chose_seed":false,"campfire_upgraded":4,"win_rate":0.0,"timestamp":1562136799,"path_taken":["M","?","M","?","M","$","R","M","T","M","R","?","?","M","R","BOSS","M","?","$","?","M","R","M","R","T","R","M","?","M","M"],"build_version":"2019-07-01","purchased_purges":0,"victory":false,"max_hp_per_floor":[80,80,80,80,80,80,80,80,80,80,80,80,80,80,80,80,80,80,80,80,80,84,84,84,84,84,84,84,84,84,87],"card_choices":[{"not_picked":["Body Slam","Power Through"],"picked":"Iron Wave","floor":1},{"not_picked":["Perfected Strike","Headbutt"],"picked":"Thunderclap","floor":3},{"not_picked":["Rage","Infernal Blade"],"picked":"Armaments","floor":5},{"not_picked":["Body Slam","Fire Breathing"],"picked":"Rupture","floor":8},{"not_picked":["Infernal Blade","Clash"],"picked":"Armaments","floor":10},{"not_picked":["Thunderclap","True Grit"],"picked":"Body Slam","floor":12},{"not_picked":["Double Tap","Thunderclap"],"picked":"Pommel Strike","floor":14},{"not_picked":["Offering","Brutality"],"picked":"Feed","floor":16},{"not_picked":["True Grit","Perfected Strike"],"picked":"Cleave+1","floor":18},{"not_picked":["Burning Pact","Armaments"],"picked":"Shrug It Off","floor":22},{"not_picked":["Warcry","Cleave"],"picked":"Entrench","floor":24},{"not_picked":["Body Slam","Reaper"],"picked":"Anger+1","floor":28},{"not_picked":["Thunderclap","Burning Pact"],"picked":"Second Wind+1","floor":30}],"player_experience":0,"relics_obtained":[{"floor":9,"key":"Gremlin Horn"},{"floor":26,"key":"Paper Frog"},{"floor":26,"key":"Boot"}],"event_choices":[{"damage_healed":0,"gold_gain":0,"player_choice":"Grow","damage_taken":0,"max_hp_gain":0,"max_hp_loss":0,"event_name":"Living Wall","floor":2,"gold_loss":0,"cards_upgraded":["Bash"]},{"damage_healed":0,"gold_gain":75,"player_choice":"Touch","damage_taken":8,"max_hp_gain":0,"max_hp_loss":0,"event_name":"FaceTrader","floor":4,"gold_loss":0},{"damage_healed":0,"gold_gain":0,"player_choice":"Success","damage_taken":25,"relics_obtained":["Matryoshka"],"max_hp_gain":0,"max_hp_loss":0,"event_name":"Scrap Ooze","floor":13,"gold_loss":0},{"damage_healed":0,"gold_gain":0,"player_choice":"Obtained Relic","damage_taken":0,"relics_obtained":["Self Forming Clay"],"max_hp_gain":0,"max_hp_loss":0,"event_name":"Addict","floor":19,"gold_loss":85},{"damage_healed":0,"gold_gain":0,"player_choice":"Joined the Cult","damage_taken":6,"max_hp_gain":0,"max_hp_loss":0,"event_name":"Nest","floor":21,"gold_loss":0,"cards_obtained":["RitualDagger"]},{"damage_healed":0,"gold_gain":0,"cards_transformed":["Strike_R"],"player_choice":"Transformed","damage_taken":0,"max_hp_gain":0,"max_hp_loss":0,"event_name":"Transmorgrifier","floor":29,"gold_loss":0,"cards_obtained":["Dropkick"]}],"is_beta":false,"boss_relics":[{"not_picked":["Cursed Key","Runic Cube"],"picked":"Philosopher\u0027s Stone"}],"items_purged_floors":[],"is_endless":false,"potions_floor_spawned":[3,10,12,14,22,24,30],"killed_by":"Shelled Parasite and Fungi","ascension_level":0}