{"gold_per_floor":[118,133,83,99,99,133,146,181,249,282,282,342,371,446,446,446],"floor_reached":16,"playtime":1550,"items_purged":[],"score":160,"play_id":"e1e0852a-9c7a-427a-8740-3d8c1cd5ccf7","local_time":"20180723142751","is_ascension_mode":true,"campfire_choices":[{"floor":11,"key":"REST"},{"data":"Noxious Fumes","floor":15,"key":"SMITH"}],"neow_cost":"NONE","seed_source_timestamp":171103127097008,"circlet_count":0,"master_deck":["Defend_G","Defend_G","Defend_G","Defend_G","Strike_G","Strike_G","Strike_G","Survivor","Neutralize","Well Laid Plans","Backflip","Cloak And Dagger","Dash","Poisoned Stab","PiercingWail","Accuracy","Noxious Fumes+1","Venomology"],"relics":["Empty Cage","Juzu Bracelet","Peace Pipe","Matryoshka","Dream Catcher","Torii"],"potions_floor_usage":[6,7,10,16,16,16],"damage_taken":[{"damage":1,"enemies":"Small Slimes","floor":1,"turns":6},{"damage":0,"enemies":"Jaw Worm","floor":2,"turns":7},{"damage":0,"enemies":"Cultist","floor":4,"turns":6},{"damage":32,"enemies":"Lagavulin","floor":6,"turns":14},{"damage":0,"enemies":"2 Fungi Beasts","floor":7,"turns":6},{"damage":7,"enemies":"3 Sentries","floor":8,"turns":12},{"damage":46,"enemies":"Gremlin Nob","floor":10,"turns":7},{"damage":5,"enemies":"Lagavulin","floor":13,"turns":6},{"damage":11,"enemies":"The Guardian","floor":16,"turns":2}],"seed_played":"-3711382522830532199","potions_obtained":[{"floor":1,"key":"LiquidBronze"},{"floor":6,"key":"Regen Potion"},{"floor":7,"key":"Ancient Potion"},{"floor":8,"key":"Explosive Potion"},{"floor":13,"key":"SpeedPotion"}],"is_trial":false,"path_per_floor":["M","M","?","M","?","E","M","E","T","E","R","?","E","?","R"],"character_chosen":"THE_SILENT","items_purchased":[],"campfire_rested":1,"item_purchase_floors":[],"current_hp_per_floor":[69,69,69,69,74,42,57,50,50,4,26,26,21,10,10,0],"gold":446,"neow_bonus":"BOSS_RELIC","is_prod":false,"is_daily":false,"chose_seed":false,"campfire_upgraded":1,"win_rate":0,"timestamp":1532370471,"path_taken":["M","M","?","M","?","E","M","E","T","E","R","?","E","?","R","BOSS"],"build_version":"2018-07-19v2","purchased_purges":0,"victory":false,"max_hp_per_floor":[70,70,70,70,75,75,75,75,75,75,75,75,75,75,75,75],"card_choices":[{"not_picked":["Tactician","Slice"],"picked":"Well Laid Plans","floor":1},{"not_picked":["Dagger Throw","Sucker Punch"],"picked":"Backflip","floor":2},{"not_picked":["Acrobatics","Tactician"],"picked":"Cloak And Dagger","floor":4},{"not_picked":["Dagger Throw","Backflip"],"picked":"Dash","floor":6},{"not_picked":["Slice","Reflex"],"picked":"Poisoned Stab","floor":7},{"not_picked":["Dodge and Roll","Corpse Explosion"],"picked":"PiercingWail","floor":8},{"not_picked":["Prepared","Underhanded Strike"],"picked":"Accuracy","floor":10},{"not_picked":["Dodge and Roll","Well Laid Plans"],"picked":"Noxious Fumes","floor":11},{"not_picked":["Setup","Eviscerate"],"picked":"Venomology","floor":13}],"player_experience":266198,"relics_obtained":[{"floor":6,"key":"Juzu Bracelet"},{"floor":8,"key":"Peace Pipe"},{"floor":9,"key":"Matryoshka"},{"floor":10,"key":"Dream Catcher"},{"floor":13,"key":"Torii"}],"event_choices":[{"event_name":"The Cleric","player_choice":"Card Removal","floor":3,"damage_taken":0},{"event_name":"Big Fish","player_choice":"Donut","floor":5,"damage_taken":0},{"event_name":"Golden Wing","player_choice":"Gained Gold","floor":12,"damage_taken":0},{"event_name":"World of Goop","player_choice":"Gather Gold","floor":14,"damage_taken":0}],"is_beta":false,"boss_relics":[],"items_purged_floors":[],"is_endless":false,"potions_floor_spawned":[1,6,7,8,13],"killed_by":"The Guardian","ascension_level":5}