{"gold_per_floor":[111,186,186,52,72,72,97,57,57,72,99,99,99,164,164,269,269,179,26,26,26,26,26,26,26,26,26,26,26,26,26,26,26,26,26,26,0,0,0,0,0,0,0,0,0,0,0],"floor_reached":47,"playtime":2126,"items_purged":[],"score":727,"play_id":"29df6ae7-3b1c-44f0-8936-3096257a1b02","local_time":"20190517104102","is_ascension_mode":true,"campfire_choices":[{"data":"Defragment","floor":6.0,"key":"SMITH"},{"data":"Blizzard","floor":12.0,"key":"SMITH"},{"data":"Loop","floor":15.0,"key":"SMITH"},{"data":"Defragment","floor":23.0,"key":"SMITH"},{"data":"White Noise","floor":30.0,"key":"SMITH"},{"data":"Buffer","floor":32.0,"key":"SMITH"},{"floor":40.0,"key":"REST"},{"data":"Buffer","floor":42,"key":"SMITH"},{"data":"Secret Technique","floor":44,"key":"SMITH"}],"neow_cost":"NONE","seed_source_timestamp":0,"circlet_count":0,"master_deck":["Defend_B+1","Defend_B","Defend_B","Zap","Dualcast","Cold Snap","Defragment+1","Cold Snap","Glacier+1","Turbo","Loop+1","Conserve Battery","Blizzard+1","Amplify","Buffer+1","White Noise+1","Defragment+1","Bite","Bite","Bite","Bite","Bite","Ball Lightning","Redo+1","Buffer+1","Core Surge","Secret Technique+1","Chill","Loop+1"],"special_seed":0,"relics":["Cracked Core","NeowsBlessing","GremlinMask","Incense Burner","Pantograph","Odd Mushroom","War Paint","Ectoplasm","Anchor","Meat on the Bone","Dodecahedron","Dream Catcher","Nuclear Battery","Red Mask","MawBank","Bottled Tornado"],"potions_floor_usage":[47],"damage_taken":[{"damage":0.0,"enemies":"Cultist","floor":1.0,"turns":1.0},{"damage":0.0,"enemies":"Small Slimes","floor":5.0,"turns":1.0},{"damage":0.0,"enemies":"3 Sentries","floor":7.0,"turns":1.0},{"damage":1.0,"enemies":"Jaw Worm","floor":10.0,"turns":4.0},{"damage":7.0,"enemies":"The Mushroom Lair","floor":11.0,"turns":4.0},{"damage":3.0,"enemies":"Gremlin Nob","floor":14.0,"turns":5.0},{"damage":38.0,"enemies":"Hexaghost","floor":16.0,"turns":17.0},{"damage":20.0,"enemies":"2 Thieves","floor":18.0,"turns":5.0},{"damage":0.0,"enemies":"Shell Parasite","floor":21.0,"turns":6.0},{"damage":10.0,"enemies":"Centurion and Healer","floor":24.0,"turns":9.0},{"damage":37.0,"enemies":"Gremlin Leader","floor":27.0,"turns":11.0},{"damage":0.0,"enemies":"Snecko","floor":28.0,"turns":5.0},{"damage":17.0,"enemies":"Slavers","floor":31.0,"turns":6.0},{"damage":0.0,"enemies":"Champ","floor":33.0,"turns":14.0},{"damage":43.0,"enemies":"3 Shapes","floor":35.0,"turns":4.0},{"damage":0.0,"enemies":"Giant Head","floor":41.0,"turns":13.0},{"damage":0,"enemies":"3 Darklings","floor":45,"turns":6},{"damage":7,"enemies":"4 Shapes","floor":46,"turns":6},{"damage":50,"enemies":"Reptomancer","floor":47,"turns":2}],"seed_played":"-8594430936233920362","potions_obtained":[{"floor":1.0,"key":"Regen Potion"},{"floor":5.0,"key":"Block Potion"},{"floor":7.0,"key":"Explosive Potion"},{"floor":14.0,"key":"Ancient Potion"},{"floor":31.0,"key":"EssenceOfSteel"},{"floor":41,"key":"EssenceOfSteel"},{"floor":45,"key":"GamblersBrew"}],"is_trial":false,"path_per_floor":["M","?","?","$","M","R","E","$","T","M","?","R","?","?","R","B",null,"M","$","?","M","?","R","M","$","T","E","M","?","R","E","R","B",null,"M","$","?","$","?","R","E","R","T","R","M","M","E"],"character_chosen":"DEFECT","items_purchased":["Defragment","Cold Snap","Loop","Anchor"],"campfire_rested":1,"item_purchase_floors":[4,4,8,19],"current_hp_per_floor":[75,64,64,64,64,64,64,64,64,63,56,56,49,46,46,33,75,55,55,55,55,52,52,48,48,48,31,37,37,37,47,47,52,52,23,23,23,23,23,38,52,52,52,52,52,49,0],"gold":0,"neow_bonus":"THREE_ENEMY_KILL","is_prod":false,"is_daily":false,"chose_seed":false,"campfire_upgraded":8,"win_rate":0,"timestamp":1558104062,"path_taken":["M","?","?","$","M","R","E","$","T","?","?","R","?","?","R","BOSS","M","$","?","M","?","R","?","?","T","E","?","?","R","E","R","BOSS","M","$","?","$","?","R","E","R","T","R","M","M","E"],"build_version":"2019-01-23","purchased_purges":0,"victory":false,"max_hp_per_floor":[75,75,75,75,75,75,75,75,75,75,75,75,75,75,75,75,75,75,75,75,75,52,52,52,52,52,52,52,52,52,52,52,52,52,52,52,52,52,52,52,52,52,52,52,52,52,52],"card_choices":[{"not_picked":["Gash","Leap"],"picked":"Cold Snap","floor":1.0},{"not_picked":["Sweeping Beam","Force Field"],"picked":"Glacier","floor":5.0},{"not_picked":["Heatsinks","Streamline"],"picked":"Turbo","floor":7.0},{"not_picked":["Go for the Eyes","Rebound"],"picked":"Conserve Battery","floor":10.0},{"not_picked":["Sweeping Beam","Beam Cell"],"picked":"Blizzard","floor":11.0},{"not_picked":["Fusion","Leap"],"picked":"Amplify","floor":14.0},{"not_picked":["Multi-Cast","Seek"],"picked":"Buffer","floor":16.0},{"not_picked":["Recycle","Streamline+1"],"picked":"White Noise","floor":18.0},{"not_picked":["Self Repair","Conserve Battery"],"picked":"Defragment","floor":21.0},{"not_picked":["Steam+1","Sunder","Darkness+1"],"picked":"SKIP","floor":24.0},{"not_picked":["Gash+1","Hyperbeam"],"picked":"Ball Lightning","floor":27.0},{"not_picked":["Gash","Steam"],"picked":"Redo+1","floor":28.0},{"not_picked":["Hyperbeam","Conserve Battery"],"picked":"Buffer","floor":31.0},{"not_picked":["Rainbow","Reboot"],"picked":"Core Surge","floor":33.0},{"not_picked":["Hologram","Redo","Barrage"],"picked":"SKIP","floor":35.0},{"not_picked":["Secret Weapon","Jack Of All Trades"],"picked":"Secret Technique","floor":39.0},{"not_picked":["Tempest","Ball Lightning+1"],"picked":"Chill","floor":41},{"not_picked":["Lockon","Storm"],"picked":"Loop+1","floor":45},{"not_picked":["Hologram+1","Chaos","Gash+1"],"picked":"SKIP","floor":46}],"player_experience":1002187,"relics_obtained":[{"floor":7.0,"key":"Incense Burner"},{"floor":9.0,"key":"Pantograph"},{"floor":11.0,"key":"Odd Mushroom"},{"floor":27.0,"key":"Meat on the Bone"},{"floor":31.0,"key":"Dream Catcher"},{"floor":41,"key":"MawBank"},{"floor":43,"key":"Bottled Tornado"}],"event_choices":[{"damage_healed":0.0,"max_hp_gain":0.0,"max_hp_loss":0.0,"gold_gain":75.0,"event_name":"World of Goop","player_choice":"Gather Gold","floor":2.0,"gold_loss":0.0,"damage_taken":11.0},{"damage_healed":0.0,"max_hp_gain":0.0,"max_hp_loss":0.0,"gold_gain":0.0,"event_name":"FaceTrader","player_choice":"Trade","floor":3.0,"gold_loss":0.0,"damage_taken":0.0,"relics_obtained":["GremlinMask"]},{"damage_healed":0.0,"max_hp_gain":0.0,"max_hp_loss":0.0,"gold_gain":0.0,"event_name":"Mushrooms","player_choice":"Fought Mushrooms","floor":11.0,"gold_loss":0.0,"damage_taken":0.0},{"cards_removed":["Defend_B"],"damage_healed":0.0,"max_hp_gain":0.0,"max_hp_loss":0.0,"gold_gain":0.0,"event_name":"Golden Wing","player_choice":"Card Removal","floor":13.0,"gold_loss":0.0,"damage_taken":7.0},{"damage_healed":0.0,"max_hp_gain":0.0,"max_hp_loss":0.0,"gold_gain":0.0,"event_name":"Dead Adventurer","player_choice":"Searched \u00272\u0027 times","floor":14.0,"gold_loss":0.0,"damage_taken":0.0,"relics_obtained":["War Paint"]},{"damage_healed":0.0,"max_hp_gain":0.0,"max_hp_loss":0.0,"gold_gain":0.0,"event_name":"Ghosts","player_choice":"Ignored","floor":20.0,"gold_loss":0.0,"damage_taken":0.0},{"damage_healed":0.0,"max_hp_gain":0.0,"max_hp_loss":23.0,"gold_gain":0.0,"event_name":"Vampires","player_choice":"Became a vampire","floor":22.0,"gold_loss":0.0,"damage_taken":0.0,"cards_obtained":["Bite","Bite","Bite","Bite","Bite"]},{"damage_healed":0.0,"max_hp_gain":0.0,"max_hp_loss":0.0,"gold_gain":0.0,"event_name":"WeMeetAgain","player_choice":"Gave Potion","floor":29.0,"gold_loss":0.0,"damage_taken":0.0,"relics_obtained":["Dodecahedron"]},{"damage_healed":0.0,"max_hp_gain":0.0,"max_hp_loss":0.0,"gold_gain":0.0,"event_name":"Tomb of Lord Red Mask","player_choice":"Paid","floor":37.0,"gold_loss":26.0,"damage_taken":0.0,"relics_obtained":["Red Mask"]},{"damage_healed":0.0,"max_hp_gain":0.0,"max_hp_loss":0.0,"gold_gain":0.0,"event_name":"SensoryStone","player_choice":"Memory 1","floor":39.0,"gold_loss":0.0,"damage_taken":0.0}],"is_beta":false,"boss_relics":[{"not_picked":["Fusion Hammer","Black Star"],"picked":"Ectoplasm"},{"not_picked":["Sozu","Runic Dome"],"picked":"Nuclear Battery"}],"items_purged_floors":[],"is_endless":false,"potions_floor_spawned":[1,5,7,14,18,27,31,41,45],"killed_by":"Reptomancer","ascension_level":4}