{"gold_per_floor":[110,121,121,43,43,43,43,57,57,80,115,136,167,182,182,301,301,316,337,351,4,4,4,40,59,59,59,59,102,127,39,39,167,167,180,180,1,19,88,88,121,121,121,121,144,144,30,50,50,50],"floor_reached":51,"playtime":3453,"items_purged":["Defend_G"],"score":960,"play_id":"b53d24c7-7854-4b59-91db-752a9b6d3372","local_time":"20180725160648","is_ascension_mode":true,"campfire_choices":[{"data":"Neutralize","floor":6.0,"key":"SMITH"},{"data":"Accuracy","floor":15,"key":"SMITH"},{"data":"Bullet Time","floor":23,"key":"SMITH"},{"floor":32,"key":"DIG"},{"floor":40,"key":"REST"},{"floor":42,"key":"DIG"},{"floor":44,"key":"REST"},{"floor":46,"key":"DIG"},{"floor":49,"key":"DIG"}],"neow_cost":"NONE","seed_source_timestamp":347864469383386,"circlet_count":0,"master_deck":["Defend_G","Defend_G","Defend_G","Defend_G","Strike_G","Strike_G","Strike_G","Survivor","Neutralize+1","Bouncing Flask","PiercingWail","Infinite Blades","Leg Sweep","Heel Hook","Dash","Leg Sweep","Blade Dance","Accuracy+1","Bullet Time+1","Dagger Throw+1","Finisher","PiercingWail","Apotheosis+1","Blade Dance","Footwork","Envenom","Catalyst","Storm of Steel","Tactician","Accuracy","Bullet Time","Crippling Poison","Bandage Up","Footwork","Crippling Poison","Reflex+1","Tools of the Trade","Deflect","Terror+1"],"special_seed":0,"relics":["WristBlade","Golden Idol","Lantern","Question Card","Bottled Lightning","Ninja Scroll","Sozu","Gambling Chip","Shuriken","The Courier","Shovel","Molten Egg 2","Fusion Hammer","Bag of Marbles","Tingsha","Blood Vial","Pantograph","Centennial Puzzle","Strawberry","Pen Nib","Frozen Egg 2"],"potions_floor_usage":[16,33,33],"damage_taken":[{"damage":0.0,"enemies":"2 Louse","floor":1.0,"turns":4.0},{"damage":9.0,"enemies":"Jaw Worm","floor":2.0,"turns":3.0},{"damage":0.0,"enemies":"Cultist","floor":8.0,"turns":3.0},{"damage":0.0,"enemies":"Red Slaver","floor":10.0,"turns":4.0},{"damage":9.0,"enemies":"3 Sentries","floor":11.0,"turns":9.0},{"damage":4.0,"enemies":"3 Louse","floor":12.0,"turns":3.0},{"damage":0.0,"enemies":"Lagavulin","floor":13.0,"turns":5.0},{"damage":2,"enemies":"Exordium Wildlife","floor":14,"turns":4},{"damage":6,"enemies":"The Guardian","floor":16,"turns":11},{"damage":0,"enemies":"3 Byrds","floor":18,"turns":7},{"damage":0,"enemies":"Chosen","floor":19,"turns":4},{"damage":0,"enemies":"3 Cultists","floor":20,"turns":6},{"damage":11,"enemies":"Book of Stabbing","floor":24,"turns":6},{"damage":0,"enemies":"Cultist and Chosen","floor":25,"turns":4},{"damage":20,"enemies":"Gremlin Leader","floor":29,"turns":6},{"damage":0,"enemies":"Centurion and Healer","floor":30,"turns":5},{"damage":20,"enemies":"Collector","floor":33,"turns":7},{"damage":23,"enemies":"3 Darklings","floor":35,"turns":8},{"damage":0,"enemies":"Flame Bruiser 1 Orb","floor":38,"turns":3},{"damage":24,"floor":39,"turns":10},{"damage":16,"enemies":"2 Orb Walkers","floor":41,"turns":4},{"damage":0,"enemies":"Maw","floor":45,"turns":5},{"damage":3,"enemies":"Spire Growth","floor":48,"turns":2},{"damage":64,"enemies":"Donu and Deca","floor":50,"turns":7}],"seed_played":"-9216218080503809146","potions_obtained":[{"floor":1.0,"key":"SteroidPotion"},{"floor":11.0,"key":"Ancient Potion"},{"floor":14,"key":"Regen Potion"}],"is_trial":false,"path_per_floor":["M","M","?","$","?","R","T","M","T","M","E","M","E","M","R","B",null,"M","M","M","$","?","R","E","M","T","?","T","E","M","$","R","B",null,"M","?","$","M","?","R","E","R","T","R","M","R","$","M","R","B"],"character_chosen":"THE_SILENT","items_purchased":["Infinite Blades","Apotheosis","Blade Dance","Footwork","Accuracy","Footwork","Bag of Marbles","Pen Nib"],"campfire_rested":2,"item_purchase_floors":[4,21,21,21,31,37,37,47],"current_hp_per_floor":[63,54,47,47,30,30,30,30,30,30,21,17,17,15,15,24,59,59,59,59,59,59,59,48,48,48,48,48,28,28,28,28,8,55,32,32,32,32,14,35,19,19,19,40,48,55,55,54,54,19],"gold":50,"neow_bonus":"BOSS_RELIC","is_prod":false,"is_daily":false,"chose_seed":false,"campfire_upgraded":3,"win_rate":0,"timestamp":1532549208,"path_taken":["M","M","?","$","?","R","?","M","T","M","E","M","E","M","R","BOSS","M","M","M","$","?","R","E","M","T","?","?","E","M","?","R","BOSS","M","?","$","M","?","R","E","R","T","R","?","R","$","M","R","BOSS"],"build_version":"2018-07-19v2","purchased_purges":1,"victory":true,"max_hp_per_floor":[70,70,70,70,70,70,70,70,70,70,70,70,70,70,70,70,70,70,70,70,70,70,70,70,70,70,70,70,70,70,70,70,70,70,70,70,70,70,70,70,70,70,70,70,70,77,77,77,77,77],"card_choices":[{"not_picked":["Flechettes","Blade Dance"],"picked":"Bouncing Flask","floor":1.0},{"not_picked":["Poisoned Stab","Dagger Spray"],"picked":"PiercingWail","floor":2.0},{"not_picked":["Backflip","Flechettes"],"picked":"Leg Sweep","floor":8.0},{"not_picked":["Prepared","Bane","Masterful Stab"],"picked":"Heel Hook","floor":10.0},{"not_picked":["Backflip","Poisoned Stab","Eviscerate"],"picked":"Dash","floor":11.0},{"not_picked":["Setup","Heel Hook","Deadly Poison"],"picked":"Leg Sweep","floor":12.0},{"not_picked":["Predator","Adrenaline","Outmaneuver"],"picked":"Blade Dance","floor":13.0},{"not_picked":["Outmaneuver","Slice","Prepared"],"picked":"Accuracy","floor":14},{"not_picked":["Tools of the Trade","Unload","Venomology"],"picked":"Bullet Time","floor":16},{"not_picked":["Outmaneuver","Quick Slash","Prepared"],"picked":"Dagger Throw+1","floor":18},{"not_picked":["Slice","Dash","Dodge and Roll+1"],"picked":"Finisher","floor":19},{"not_picked":["Poisoned Stab","Dodge and Roll","Finisher"],"picked":"PiercingWail","floor":20},{"not_picked":["Setup+1","Corpse Explosion","Bane+1"],"picked":"Envenom","floor":24},{"not_picked":["Dagger Throw+1","Masterful Stab","Dodge and Roll"],"picked":"Catalyst","floor":25},{"not_picked":["Bane","Tactician","Predator"],"picked":"Storm of Steel","floor":29},{"not_picked":["Deadly Poison+1","Concentrate","Bane+1"],"picked":"Tactician","floor":30},{"not_picked":["Die Die Die+1","Venomology","Grand Finale+1"],"picked":"Bullet Time","floor":33},{"not_picked":["Bane+1","Prepared+1","Outmaneuver"],"picked":"Crippling Poison","floor":35},{"not_picked":["Magnetism","Thinking Ahead","Blind"],"picked":"Bandage Up","floor":36},{"not_picked":["PiercingWail","Flying Knee+1","Underhanded Strike+1"],"picked":"Crippling Poison","floor":38},{"not_picked":["Acrobatics","Underhanded Strike+1","Backstab+1"],"picked":"Reflex+1","floor":39},{"not_picked":["Bane+1","Dagger Spray+1","All Out Attack+1"],"picked":"Tools of the Trade","floor":41},{"not_picked":["Poisoned Stab+1","Prepared+1","PiercingWail"],"picked":"Deflect","floor":45},{"not_picked":["Poisoned Stab+1","Flying Knee+1","Bane+1"],"picked":"Terror+1","floor":48}],"player_experience":315801,"relics_obtained":[{"floor":7.0,"key":"Lantern"},{"floor":9.0,"key":"Question Card"},{"floor":11.0,"key":"Bottled Lightning"},{"floor":13.0,"key":"Ninja Scroll"},{"floor":24,"key":"Gambling Chip"},{"floor":26,"key":"Shuriken"},{"floor":28,"key":"The Courier"},{"floor":29,"key":"Shovel"},{"floor":32,"key":"Molten Egg 2"},{"floor":39,"key":"Tingsha"},{"floor":41,"key":"Blood Vial"},{"floor":42,"key":"Pantograph"},{"floor":43,"key":"Centennial Puzzle"},{"floor":46,"key":"Strawberry"},{"floor":49,"key":"Frozen Egg 2"}],"event_choices":[{"event_name":"Golden Wing","player_choice":"Card Removal","floor":3.0,"damage_taken":0.0},{"event_name":"Golden Idol","player_choice":"Take Damage","floor":5.0,"damage_taken":0.0},{"event_name":"Upgrade Shrine","player_choice":"Upgraded","floor":22,"damage_taken":0},{"event_name":"Back to Basics","player_choice":"Elegance","floor":27,"damage_taken":0},{"event_name":"SensoryStone","player_choice":"Memory 1","floor":36,"damage_taken":0},{"event_name":"Mysterious Sphere","player_choice":"Fight","floor":39,"damage_taken":0}],"is_beta":false,"boss_relics":[{"not_picked":["Runic Dome","Tiny House"],"picked":"Sozu"},{"not_picked":["Runic Pyramid","White Beast Statue"],"picked":"Fusion Hammer"}],"items_purged_floors":[31],"is_endless":false,"potions_floor_spawned":[1,11,14,20,24,25,29,35,39,45,48],"ascension_level":6}