{"gold_per_floor":[116,41,55,55,72,72,107,107,155,155,190,201,220,232,232,331,331,342,257,267,280,295,295,162,162,162,162,35,35,35,45,45,143,143,161,161,172,122,136,153,103,103,103,153,166,19,19,19,19,19],"floor_reached":51,"playtime":3293,"items_purged":["Defend_G","Dash","Decay","Bullet Time","Dagger Throw"],"score":1061,"play_id":"f1c542a2-5d15-4f1c-8dd7-19ff441f4457","local_time":"20190803110820","is_ascension_mode":true,"campfire_choices":[{"data":"Deadly Poison","floor":6.0,"key":"SMITH"},{"data":"Catalyst","floor":8.0,"key":"SMITH"},{"data":"Neutralize","floor":10.0,"key":"SMITH"},{"floor":15.0,"key":"REST"},{"data":"After Image","floor":23.0,"key":"SMITH"},{"data":"Concentrate","floor":25.0,"key":"SMITH"},{"floor":32.0,"key":"REST"},{"data":"Well Laid Plans","floor":42.0,"key":"SMITH"},{"data":"Footwork","floor":47,"key":"SMITH"},{"floor":49,"key":"REST"}],"neow_cost":"NONE","seed_source_timestamp":203411457402993,"circlet_count":0,"master_deck":["AscendersBane","Survivor","Neutralize+1","Backflip","Deadly Poison+1","Catalyst+1","Dodge and Roll","PiercingWail","Well Laid Plans+1","Backflip","After Image+1","Dash+1","Sucker Punch+1","Expertise","Concentrate+1","Escape Plan","Footwork+1","Deadly Poison","Escape Plan","PiercingWail","Burst","Terror+1","Deflect","Blur","Footwork","Corpse Explosion"],"special_seed":0,"relics":["Ring of the Snake","NeowsBlessing","Smiling Mask","Snake Skull","Juzu Bracelet","Pandora\u0027s Box","Oddly Smooth Stone","Whetstone","Orrery","Happy Flower","Turnip"],"potions_floor_usage":[50],"damage_taken":[{"damage":0.0,"enemies":"2 Louse","floor":1.0,"turns":1.0},{"damage":0.0,"enemies":"Cultist","floor":3.0,"turns":1.0},{"damage":0.0,"enemies":"Small Slimes","floor":5.0,"turns":1.0},{"damage":12.0,"enemies":"Lagavulin","floor":7.0,"turns":5.0},{"damage":31.0,"enemies":"Gremlin Nob","floor":11.0,"turns":4.0},{"damage":0.0,"enemies":"Looter","floor":12.0,"turns":3.0},{"damage":13.0,"enemies":"Gremlin Gang","floor":13.0,"turns":7.0},{"damage":0.0,"enemies":"2 Fungi Beasts","floor":14.0,"turns":4.0},{"damage":9.0,"enemies":"Slime Boss","floor":16.0,"turns":6.0},{"damage":0.0,"enemies":"3 Byrds","floor":18.0,"turns":6.0},{"damage":3.0,"enemies":"Spheric Guardian","floor":20.0,"turns":5.0},{"damage":6.0,"enemies":"3 Cultists","floor":21.0,"turns":8.0},{"damage":2.0,"enemies":"Sentry and Sphere","floor":22.0,"turns":5.0},{"damage":16.0,"enemies":"Colosseum Slavers","floor":29.0,"turns":6.0},{"damage":18.0,"enemies":"Snecko","floor":31.0,"turns":4.0},{"damage":15.0,"enemies":"Collector","floor":33.0,"turns":7.0},{"damage":3.0,"enemies":"3 Shapes","floor":35.0,"turns":4.0},{"damage":0.0,"enemies":"Orb Walker","floor":37.0,"turns":4.0},{"damage":0.0,"enemies":"Maw","floor":39.0,"turns":6.0},{"damage":8.0,"enemies":"Sphere and 2 Shapes","floor":40.0,"turns":11.0},{"damage":22.0,"enemies":"2 Orb Walkers","floor":44.0,"turns":7.0},{"damage":0,"enemies":"Spire Growth","floor":45,"turns":5},{"damage":16,"enemies":"Donu and Deca","floor":50,"turns":7}],"seed_played":"-8756547519283122072","potions_obtained":[{"floor":1.0,"key":"Fire Potion"},{"floor":7.0,"key":"Fruit Juice"},{"floor":13.0,"key":"Poison Potion"},{"floor":14.0,"key":"Ancient Potion"},{"floor":16.0,"key":"EssenceOfSteel"},{"floor":20.0,"key":"SteroidPotion"},{"floor":22.0,"key":"PowerPotion"},{"floor":36.0,"key":"Fruit Juice"},{"floor":36.0,"key":"Fruit Juice"},{"floor":36.0,"key":"Block Potion"},{"floor":44.0,"key":"SteroidPotion"}],"is_trial":false,"path_per_floor":["M","$","M","?","M","R","E","R","T","R","E","M","M","M","R","B",null,"M","?","M","M","M","R","$","R","T","?","$","?","?","M","R","B",null,"M","?","M","$","M","M","$","R","T","?","M","$","R","?","R","B",null],"character_chosen":"THE_SILENT","items_purchased":["Footwork","Deadly Poison","Escape Plan","Blur","Footwork"],"campfire_rested":3,"item_purchase_floors":[24,24,28,46,46],"current_hp_per_floor":[63,63,63,63,63,63,56,56,56,56,25,25,12,12,34,25,63,63,63,60,54,52,52,52,52,52,52,52,36,22,4,28,13,63,60,70,70,70,70,62,62,62,62,40,40,40,40,40,67,51],"gold":19,"neow_bonus":"THREE_ENEMY_KILL","is_prod":false,"is_daily":false,"chose_seed":false,"campfire_upgraded":7,"win_rate":0,"timestamp":1564798100,"path_taken":["M","$","M","?","?","R","E","R","T","R","E","M","M","M","R","BOSS","M","?","M","M","M","R","$","R","T","?","$","?","?","M","R","BOSS","M","?","M","$","M","M","$","R","T","?","M","$","R","?","R","BOSS"],"build_version":"2019-07-17","purchased_purges":5,"victory":true,"max_hp_per_floor":[70,70,70,70,70,70,75,75,75,75,75,75,75,75,75,75,75,75,75,75,75,75,75,75,75,75,75,75,75,80,80,80,80,80,80,90,90,90,90,90,90,90,90,90,90,90,90,90,90,90],"card_choices":[{"not_picked":["Flechettes","Flying Knee"],"picked":"Backflip","floor":1.0},{"not_picked":["Bane","Catalyst"],"picked":"Deadly Poison","floor":3.0},{"not_picked":["Underhanded Strike","Backflip"],"picked":"Catalyst","floor":5.0},{"not_picked":["Sucker Punch","Reflex","Cloak And Dagger"],"picked":"SKIP","floor":7.0},{"not_picked":["Envenom","Blade Dance"],"picked":"Dodge and Roll","floor":11.0},{"not_picked":["Dagger Throw","Dodge and Roll"],"picked":"PiercingWail","floor":12.0},{"not_picked":["Backflip","Acrobatics"],"picked":"Well Laid Plans","floor":13.0},{"not_picked":["Sucker Punch","Poisoned Stab"],"picked":"Backflip","floor":14.0},{"not_picked":["Phantasmal Killer","Bullet Time"],"picked":"After Image","floor":16.0},{"not_picked":["Poisoned Stab","Predator+1","Dagger Throw"],"picked":"SKIP","floor":18.0},{"not_picked":["Bane","Well Laid Plans"],"picked":"Escape Plan","floor":20.0},{"not_picked":["Dash","Dagger Spray","Finisher"],"picked":"SKIP","floor":21.0},{"not_picked":["Acrobatics","Concentrate+1","Eviscerate"],"picked":"SKIP","floor":22.0},{"not_picked":["Dagger Throw+1","Infinite Blades"],"picked":"PiercingWail","floor":31.0},{"not_picked":["Adrenaline","Glass Knife"],"picked":"Burst","floor":33.0},{"not_picked":["Caltrops+1","Cloak And Dagger","Die Die Die"],"picked":"SKIP","floor":35.0},{"not_picked":["Predator","Sucker Punch","Bane"],"picked":"SKIP","floor":37.0},{"not_picked":["Crippling Poison+1","Prepared","Underhanded Strike"],"picked":"SKIP","floor":39.0},{"not_picked":["Deadly Poison","Dagger Spray","Cloak And Dagger"],"picked":"SKIP","floor":40.0},{"not_picked":["Acrobatics","Deadly Poison"],"picked":"Terror+1","floor":44.0},{"not_picked":["Leg Sweep","Dagger Throw"],"picked":"Deflect","floor":45}],"player_experience":242609,"relics_obtained":[{"floor":7.0,"key":"Smiling Mask"},{"floor":9.0,"key":"Snake Skull"},{"floor":11.0,"key":"Juzu Bracelet"},{"floor":26.0,"key":"Whetstone"},{"floor":43.0,"key":"Happy Flower"},{"floor":44.0,"key":"Turnip"}],"event_choices":[{"cards_removed":["Strike_G"],"damage_healed":0.0,"max_hp_gain":0.0,"max_hp_loss":0.0,"gold_gain":0.0,"event_name":"Purifier","player_choice":"Purged","floor":4.0,"gold_loss":0.0,"damage_taken":0.0},{"damage_healed":0.0,"max_hp_gain":0.0,"max_hp_loss":0.0,"gold_gain":0.0,"event_name":"Addict","player_choice":"Obtained Relic","floor":19.0,"gold_loss":85.0,"damage_taken":0.0,"relics_obtained":["Oddly Smooth Stone"]},{"damage_healed":0.0,"max_hp_gain":0.0,"max_hp_loss":0.0,"gold_gain":0.0,"event_name":"Wheel of Change","player_choice":"Cursed","floor":27.0,"gold_loss":0.0,"damage_taken":0.0,"cards_obtained":["Decay"]},{"damage_healed":0.0,"max_hp_gain":0.0,"max_hp_loss":0.0,"gold_gain":0.0,"event_name":"Colosseum","player_choice":"Fight","floor":29.0,"gold_loss":0.0,"damage_taken":0.0},{"damage_healed":0.0,"max_hp_gain":0.0,"max_hp_loss":0.0,"gold_gain":0.0,"event_name":"Colosseum","player_choice":"Fled From Nobs","floor":29.0,"gold_loss":0.0,"damage_taken":0.0},{"damage_healed":0.0,"max_hp_gain":5.0,"max_hp_loss":0.0,"gold_gain":0.0,"event_name":"Forgotten Altar","player_choice":"Shed Blood","floor":30.0,"gold_loss":0.0,"damage_taken":19.0},{"damage_healed":0.0,"max_hp_gain":0.0,"max_hp_loss":0.0,"gold_gain":0.0,"event_name":"Lab","player_choice":"Got Potions","floor":36.0,"gold_loss":0.0,"damage_taken":0.0},{"damage_healed":0.0,"max_hp_gain":0.0,"max_hp_loss":0.0,"gold_gain":0.0,"event_name":"Mysterious Sphere","player_choice":"Fight","floor":44.0,"gold_loss":0.0,"damage_taken":0.0},{"damage_healed":0,"gold_gain":0,"cards_transformed":["Prepared"],"player_choice":"Transformed","damage_taken":0,"max_hp_gain":0,"max_hp_loss":0,"event_name":"Transmorgrifier","floor":48,"gold_loss":0,"cards_obtained":["Corpse Explosion"]}],"is_beta":false,"boss_relics":[{"not_picked":["Black Star","Fusion Hammer"],"picked":"Pandora\u0027s Box"},{"not_picked":["Runic Dome","Velvet Choker"],"picked":"Orrery"}],"items_purged_floors":[2,24,28,38,41],"is_endless":false,"potions_floor_spawned":[1,7,13,14,16,20,22,37,44],"ascension_level":12}