{"gold_per_floor":[16,36,36,36,49,49,60,77,77,77,95,123,198,214,214,314,314,326,345,361,115,40,40,40,130,130,30,42,58,0,0,0,0],"floor_reached":33,"playtime":3012,"items_purged":["Strike_B","Strike_B"],"score":249,"play_id":"6bb4a3dd-37a4-48e8-a0a5-34cbb0fb5ecc","local_time":"20190803145311","is_ascension_mode":false,"campfire_choices":[{"data":"Zap","floor":6,"key":"SMITH"},{"data":"Self Repair","floor":10,"key":"SMITH"},{"data":"Go for the Eyes","floor":15,"key":"SMITH"},{"data":"Rainbow","floor":23,"key":"SMITH"},{"floor":32,"key":"REST"}],"neow_cost":"NO_GOLD","seed_source_timestamp":134721442440454,"circlet_count":0,"master_deck":["Defend_B","Defend_B","Zap+1","Dualcast","Self Repair+1","Cold Snap","Go for the Eyes+1","Cold Snap","Cold Snap","Darkness","Machine Learning","Rainbow+1","Sweeping Beam+1","Streamline+1","Sunder","Conserve Battery","Capacitor"],"relics":["Cracked Core","Oddly Smooth Stone","Potion Belt","Runic Pyramid","Peace Pipe"],"potions_floor_usage":[],"damage_taken":[{"damage":5,"enemies":"Small Slimes","floor":1,"turns":4},{"damage":2,"enemies":"2 Louse","floor":2,"turns":4},{"damage":0,"enemies":"Jaw Worm","floor":5,"turns":4},{"damage":11,"enemies":"Exordium Wildlife","floor":7,"turns":5},{"damage":1,"enemies":"Gremlin Gang","floor":8,"turns":5},{"damage":3,"enemies":"Red Slaver","floor":11,"turns":5},{"damage":14,"enemies":"Gremlin Nob","floor":12,"turns":5},{"damage":0,"enemies":"Blue Slaver","floor":14,"turns":3},{"damage":24,"enemies":"Hexaghost","floor":16,"turns":11},{"damage":1,"enemies":"Chosen","floor":18,"turns":5},{"damage":21,"enemies":"2 Thieves","floor":19,"turns":4},{"damage":23,"enemies":"Shelled Parasite and Fungi","floor":20,"turns":6},{"damage":8,"enemies":"Cultist and Chosen","floor":28,"turns":6},{"damage":11,"enemies":"Snake Plant","floor":29,"turns":5},{"damage":88,"enemies":"Automaton","floor":33,"turns":12}],"seed_played":"-4796063095919818553","potions_obtained":[{"floor":5,"key":"Strength Potion"},{"floor":7,"key":"FocusPotion"},{"floor":12,"key":"GamblersBrew"},{"floor":14,"key":"AttackPotion"},{"floor":16,"key":"Fire Potion"}],"is_trial":false,"path_per_floor":["M","M","?","?","M","R","M","M","T","R","M","E","?","M","R","B",null,"M","M","M","$","?","R","$","?","T","$","M","M","?","?","R","B"],"character_chosen":"DEFECT","items_purchased":["Sunder","Conserve Battery","Capacitor"],"campfire_rested":1,"item_purchase_floors":[21,21,21],"current_hp_per_floor":[70,75,68,73,80,80,76,80,80,80,80,76,68,78,78,64,80,80,69,56,56,56,56,56,40,40,40,42,41,41,41,65,0],"gold":0,"neow_bonus":"REMOVE_TWO","is_prod":false,"is_daily":false,"chose_seed":false,"campfire_upgraded":4,"win_rate":0,"timestamp":1564836791,"path_taken":["M","M","?","?","?","R","M","M","T","R","M","E","?","M","R","BOSS","M","?","M","$","?","R","$","?","T","$","?","M","?","?","R","BOSS"],"build_version":"2019-07-17","purchased_purges":2,"victory":false,"max_hp_per_floor":[75,75,75,80,80,80,80,80,80,80,80,80,80,80,80,80,80,80,80,80,80,80,80,80,80,80,80,80,80,80,80,80,80],"card_choices":[{"not_picked":["Rebound","Redo"],"picked":"Self Repair","floor":1},{"not_picked":["Rebound","Steam"],"picked":"Cold Snap","floor":2},{"not_picked":["Stack","Streamline"],"picked":"Go for the Eyes","floor":5},{"not_picked":["Barrage","Compile Driver"],"picked":"Cold Snap","floor":7},{"not_picked":["Steam Power","Conserve Battery"],"picked":"Cold Snap","floor":8},{"not_picked":["Steam","Turbo","Barrage"],"picked":"SKIP","floor":11},{"not_picked":["Steam","Scrape"],"picked":"Darkness","floor":12},{"not_picked":["Static Discharge","Hello World"],"picked":"Machine Learning","floor":14},{"not_picked":["Core Surge","Reboot"],"picked":"Rainbow","floor":16},{"not_picked":["BootSequence","Hello World"],"picked":"Sweeping Beam+1","floor":18},{"not_picked":["Leap","Hologram"],"picked":"Streamline+1","floor":19},{"not_picked":["Scrape","Chaos","Cold Snap"],"picked":"SKIP","floor":20},{"not_picked":["Sweeping Beam","Redo+1","Beam Cell"],"picked":"SKIP","floor":28},{"not_picked":["Aggregate","Redo","All For One"],"picked":"SKIP","floor":29}],"player_experience":62250,"relics_obtained":[{"floor":9,"key":"Oddly Smooth Stone"},{"floor":12,"key":"Potion Belt"},{"floor":26,"key":"Peace Pipe"}],"event_choices":[{"cards_removed":["Defend_B"],"damage_healed":0,"gold_gain":0,"player_choice":"Card Removal","damage_taken":7,"max_hp_gain":0,"max_hp_loss":0,"event_name":"Golden Wing","floor":3,"gold_loss":0},{"damage_healed":0,"gold_gain":0,"player_choice":"Donut","damage_taken":0,"max_hp_gain":5,"max_hp_loss":0,"event_name":"Big Fish","floor":4,"gold_loss":0},{"damage_healed":0,"gold_gain":75,"player_choice":"Touch","damage_taken":8,"max_hp_gain":0,"max_hp_loss":0,"event_name":"FaceTrader","floor":13,"gold_loss":0},{"cards_removed":["Defend_B"],"damage_healed":0,"gold_gain":0,"player_choice":"Gave Gold","damage_taken":0,"max_hp_gain":0,"max_hp_loss":0,"event_name":"Beggar","floor":22,"gold_loss":75},{"damage_healed":0,"gold_gain":90,"player_choice":"GOLD ","damage_taken":16,"max_hp_gain":0,"max_hp_loss":0,"event_name":"Knowing Skull","floor":25,"potions_obtained":[],"gold_loss":0,"cards_obtained":[]},{"damage_healed":0,"gold_gain":0,"player_choice":"Paid Fearfully","damage_taken":0,"max_hp_gain":0,"max_hp_loss":0,"event_name":"Masked Bandits","floor":30,"gold_loss":58},{"damage_healed":0,"gold_gain":0,"player_choice":"Ignored","damage_taken":0,"max_hp_gain":0,"max_hp_loss":0,"event_name":"The Mausoleum","floor":31,"gold_loss":0}],"is_beta":false,"boss_relics":[{"not_picked":["Busted Crown","Philosopher\u0027s Stone"],"picked":"Runic Pyramid"}],"items_purged_floors":[21,27],"is_endless":false,"potions_floor_spawned":[5,7,12,14,16,29],"killed_by":"Automaton","ascension_level":0}