{"gold_per_floor":[114,114,129,144,144,144,52,52,127,127,157,172,187,202,202,202],"floor_reached":16,"playtime":858,"items_purged":[],"score":252,"play_id":"c260c255-e912-419c-a5dd-84b74df35fe5","local_time":"20180629183725","daily_mods":["Insanity","Uncertain Future","Hoarder"],"is_ascension_mode":false,"campfire_choices":[{"data":"Immolate","floor":8,"key":"SMITH"},{"data":"Perfected Strike","floor":10,"key":"SMITH"},{"data":"Bludgeon","floor":15,"key":"SMITH"}],"neow_cost":"","seed_source_timestamp":3467409934719566,"circlet_count":0,"master_deck":["Barricade","Heavy Blade","Seeing Red","Sword Boomerang","Double Tap","Shrug It Off","Power Through","Rampage","Ghostly Armor","Demon Form","Headbutt","Uppercut","Sever Soul","Warcry","Metallicize","Demon Form","Heavy Blade","Reckless Charge","Warcry","Intimidate","Bludgeon+1","Immolate+1","Uppercut","Ghostly Armor","Rampage","Dual Wield","Inflame","Flex","Havoc","Uppercut","Havoc","Berserk","Bash","Shrug It Off","Thunderclap","Armaments","Rage","Havoc","Iron Wave","Shockwave","Entrench","Inflame","Rage","Barricade+1","Reaper","Rampage","Cleave","Defend_R","Perfected Strike+1","Uppercut+1","Ghostly Armor","Ghostly Armor","Ghostly Armor","Pommel Strike","Pommel Strike","Pommel Strike","Feel No Pain","Feel No Pain","Feel No Pain","Sever Soul","Sever Soul","Sever Soul","True Grit","True Grit","True Grit","Uppercut","Uppercut","Uppercut","Rampage","Rampage","Rampage","Carnage","Carnage","Carnage","Flame Barrier","Flame Barrier","Flame Barrier"],"special_seed":17711,"relics":["Burning Blood","Juzu Bracelet","Bottled Flame","Ice Cream"],"potions_floor_usage":[],"damage_taken":[{"damage":0,"enemies":"Small Slimes","floor":1,"turns":1},{"damage":2,"enemies":"Jaw Worm","floor":3,"turns":3},{"damage":1,"enemies":"Cultist","floor":4,"turns":3},{"damage":6,"enemies":"Gremlin Nob","floor":11,"turns":3},{"damage":0,"enemies":"Gremlin Gang","floor":12,"turns":1},{"damage":0,"enemies":"Blue Slaver","floor":13,"turns":2},{"damage":0,"enemies":"Exordium Wildlife","floor":14,"turns":2},{"damage":28,"enemies":"Slime Boss","floor":16,"turns":8}],"seed_played":"6162315489128863662","potions_obtained":[{"floor":1,"key":"PowerPotion"},{"floor":5,"key":"Poison Potion"},{"floor":5,"key":"SteroidPotion"},{"floor":11,"key":"PowerPotion"},{"floor":12,"key":"Regen Potion"}],"is_trial":false,"path_per_floor":["M","?","M","M","?","T","$","R","T","R","E","M","M","M","R"],"character_chosen":"IRONCLAD","items_purchased":["Sever Soul","True Grit"],"campfire_rested":0,"item_purchase_floors":[7,7],"current_hp_per_floor":[80,64,68,73,73,73,73,73,73,73,73,79,80,80,80,52],"gold":202,"neow_bonus":"","is_prod":false,"is_daily":true,"chose_seed":false,"campfire_upgraded":3,"win_rate":0.0,"timestamp":1530265045,"path_taken":["M","?","M","M","?","?","$","R","T","R","E","M","M","M","R","BOSS"],"build_version":"2018-06-28","purchased_purges":0,"victory":false,"max_hp_per_floor":[80,80,80,80,80,80,80,80,80,80,80,80,80,80,80,80],"card_choices":[{"not_picked":["Warcry","Perfected Strike"],"picked":"Ghostly Armor","floor":1},{"not_picked":["Headbutt","Warcry"],"picked":"Pommel Strike","floor":3},{"not_picked":["Headbutt","Anger"],"picked":"Feel No Pain","floor":4},{"not_picked":["Pummel","Entrench"],"picked":"Uppercut","floor":11},{"not_picked":["Inflame","Flex"],"picked":"Rampage","floor":12},{"not_picked":["Sword Boomerang","Metallicize"],"picked":"Carnage","floor":13},{"not_picked":["Carnage","True Grit"],"picked":"Flame Barrier","floor":14}],"player_experience":23411,"relics_obtained":[{"floor":6,"key":"Juzu Bracelet"},{"floor":9,"key":"Bottled Flame"},{"floor":11,"key":"Ice Cream"}],"event_choices":[{"event_name":"Shining Light","player_choice":"Entered Light","floor":2,"damage_taken":0},{"event_name":"The Lab","player_choice":"Got Potions","floor":5,"damage_taken":0}],"boss_relics":[],"items_purged_floors":[],"is_endless":false,"potions_floor_spawned":[1,11,12,14],"killed_by":"Slime Boss","ascension_level":0}