{"gold_per_floor":[109,8,8,26,26,52,72,129,129,146,160,180,180,194,194,299,299,270,270,90,90,90,90,105,121,121,121,131,146,158,168,168,268,268,285,121,0,0,53,53,79,79,79,92,92,107,28,40,40,40],"floor_reached":50,"playtime":7140,"items_purged":["Defend_G","Defend_G","Riddle With Holes"],"score":476,"play_id":"4789ed6f-2bc9-4fbb-bd2d-8e5d5b9deb19","local_time":"20190804102354","is_ascension_mode":false,"campfire_choices":[{"floor":15,"key":"REST"},{"floor":23,"key":"REST"},{"floor":27,"key":"RECALL"},{"floor":32,"key":"REST"},{"floor":40,"key":"REST"},{"floor":42,"key":"REST"},{"floor":45,"key":"REST"},{"data":"Outmaneuver","floor":49,"key":"SMITH"}],"neow_cost":"NONE","seed_source_timestamp":200834093847941,"circlet_count":0,"master_deck":["Defend_G+1","Survivor","Neutralize","Underhanded Strike","Poisoned Stab+1","Catalyst","Catalyst","Deadly Poison","A Thousand Cuts","Outmaneuver+1","Phantasmal Killer","Well Laid Plans","Heel Hook","Expertise","Prepared+1","Well Laid Plans","Cloak And Dagger+1","Acrobatics+1","Caltrops","Prepared+1","Storm of Steel","Backflip+1","Caltrops","Caltrops","Backstab+1"],"relics":["Ring of the Snake","Mummified Hand","Blood Vial","Ninja Scroll","Empty Cage","Lizard Tail","Red Mask","WingedGreaves","Nunchaku","Mercury Hourglass"],"potions_floor_usage":[6,16,16,16,41,50,50,50],"damage_taken":[{"damage":5,"enemies":"Small Slimes","floor":1,"turns":9},{"damage":0,"enemies":"2 Louse","floor":4,"turns":4},{"damage":20,"enemies":"Lagavulin","floor":6,"turns":8},{"damage":0,"enemies":"Cultist","floor":7,"turns":3},{"damage":20,"enemies":"Lagavulin Event","floor":8,"turns":6},{"damage":2,"enemies":"Blue Slaver","floor":10,"turns":3},{"damage":2,"enemies":"Large Slime","floor":11,"turns":6},{"damage":2,"enemies":"Looter","floor":12,"turns":2},{"damage":0,"enemies":"Blue Slaver","floor":14,"turns":2},{"damage":14,"enemies":"Slime Boss","floor":16,"turns":10},{"damage":22,"enemies":"2 Thieves","floor":18,"turns":5},{"damage":4,"enemies":"Shell Parasite","floor":24,"turns":3},{"damage":20,"enemies":"Shelled Parasite and Fungi","floor":25,"turns":4},{"damage":15,"enemies":"Snake Plant","floor":28,"turns":3},{"damage":15,"enemies":"Centurion and Healer","floor":29,"turns":5},{"damage":0,"enemies":"Snecko","floor":30,"turns":3},{"damage":2,"enemies":"Shelled Parasite and Fungi","floor":31,"turns":4},{"damage":32,"enemies":"Automaton","floor":33,"turns":8},{"damage":18,"enemies":"Orb Walker","floor":35,"turns":3},{"damage":59,"enemies":"2 Orb Walkers","floor":39,"turns":5},{"damage":32,"enemies":"Reptomancer","floor":41,"turns":7},{"damage":12,"enemies":"3 Shapes","floor":44,"turns":3},{"damage":16,"enemies":"Maw","floor":46,"turns":6},{"damage":1,"enemies":"Jaw Worm Horde","floor":48,"turns":4},{"damage":70,"enemies":"Donu and Deca","floor":50,"turns":6}],"seed_played":"87300965203107438","potions_obtained":[{"floor":4,"key":"Fruit Juice"},{"floor":8,"key":"EntropicBrew"},{"floor":12,"key":"Explosive Potion"},{"floor":14,"key":"GhostInAJar"},{"floor":31,"key":"GhostInAJar"},{"floor":41,"key":"Fire Potion"},{"floor":46,"key":"Block Potion"}],"is_trial":false,"path_per_floor":["M","$","?","M","?","E","M","?","T","M","M","M","?","M","R","B",null,"M","?","$","?","?","R","M","M","T","R","M","M","M","M","R","B",null,"M","$","?","?","?","R","E","R","T","M","R","M","$","M","R","B"],"character_chosen":"THE_SILENT","items_purchased":["Underhanded Strike","Well Laid Plans","Caltrops","Caltrops"],"campfire_rested":6,"item_purchase_floors":[2,20,36,47],"current_hp_per_floor":[65,65,58,58,44,29,29,9,9,9,9,9,9,11,33,21,75,53,53,53,39,39,63,61,43,43,43,30,17,19,19,43,13,80,62,62,62,62,5,29,40,64,64,54,78,64,64,65,65,0],"gold":40,"neow_bonus":"REMOVE_CARD","is_prod":false,"is_daily":false,"chose_seed":false,"campfire_upgraded":1,"win_rate":0,"timestamp":1564907034,"path_taken":["M","$","?","M","?","E","M","?","T","M","M","M","?","M","R","BOSS","M","?","$","?","?","R","M","M","T","R","?","M","M","M","R","BOSS","M","$","?","?","?","R","E","R","T","M","R","M","$","M","R","BOSS"],"build_version":"2019-07-17","purchased_purges":3,"victory":false,"max_hp_per_floor":[70,70,70,70,70,75,75,75,75,75,75,75,75,75,75,75,75,75,75,75,80,80,80,80,80,80,80,80,80,80,80,80,80,80,80,80,80,80,80,80,80,80,80,80,80,80,80,80,80,80],"card_choices":[{"not_picked":["Blade Dance","Poisoned Stab"],"picked":"Backflip","floor":1},{"not_picked":["Predator","PiercingWail"],"picked":"Poisoned Stab","floor":4},{"not_picked":["Blade Dance","Deflect"],"picked":"Catalyst","floor":6},{"not_picked":["Choke","Reflex"],"picked":"Catalyst","floor":7},{"not_picked":["Backflip","Distraction"],"picked":"Deadly Poison","floor":8},{"not_picked":["Finisher","Unload","Quick Slash"],"picked":"SKIP","floor":10},{"not_picked":["Backflip","PiercingWail","Slice"],"picked":"SKIP","floor":11},{"not_picked":["Sucker Punch","Terror","Dagger Spray"],"picked":"SKIP","floor":12},{"not_picked":["Cloak And Dagger","Quick Slash","Choke"],"picked":"SKIP","floor":14},{"not_picked":["Tools of the Trade","Malaise"],"picked":"A Thousand Cuts","floor":16},{"not_picked":["Deflect","Skewer"],"picked":"Outmaneuver","floor":18},{"not_picked":["Dagger Spray","Well Laid Plans"],"picked":"Expertise","floor":24},{"not_picked":["PiercingWail+1","Poisoned Stab"],"picked":"Prepared+1","floor":25},{"not_picked":["Backflip+1","Underhanded Strike+1"],"picked":"Well Laid Plans","floor":28},{"not_picked":["Quick Slash+1","Deflect","Crippling Poison"],"picked":"SKIP","floor":29},{"not_picked":["Dagger Spray","Deadly Poison","Bane"],"picked":"SKIP","floor":30},{"not_picked":["Deflect","Distraction"],"picked":"Cloak And Dagger+1","floor":31},{"not_picked":["Finisher","Outmaneuver"],"picked":"Acrobatics+1","floor":35},{"not_picked":["Terror+1","Dodge and Roll"],"picked":"Prepared+1","floor":39},{"not_picked":["Heel Hook","Deflect"],"picked":"Storm of Steel","floor":41},{"not_picked":["PiercingWail","Dodge and Roll+1"],"picked":"Backflip+1","floor":44},{"not_picked":["Deadly Poison","Expertise+1"],"picked":"Caltrops","floor":46},{"not_picked":["Terror","Noxious Fumes"],"picked":"Backstab+1","floor":48}],"player_experience":97723,"relics_obtained":[{"floor":6,"key":"Mummified Hand"},{"floor":8,"key":"Blood Vial"},{"floor":9,"key":"Ninja Scroll"},{"floor":39,"key":"WingedGreaves"},{"floor":41,"key":"Nunchaku"},{"floor":43,"key":"Mercury Hourglass"}],"event_choices":[{"cards_removed":["Strike_G"],"damage_healed":0,"gold_gain":0,"player_choice":"Card Removal","damage_taken":7,"max_hp_gain":0,"max_hp_loss":0,"event_name":"Golden Wing","floor":3,"gold_loss":0},{"damage_healed":0,"gold_gain":0,"player_choice":"Entered Light","damage_taken":14,"max_hp_gain":0,"max_hp_loss":0,"event_name":"Shining Light","floor":5,"gold_loss":0,"cards_upgraded":["Defend_G","Poisoned Stab"]},{"damage_healed":0,"gold_gain":0,"player_choice":"Searched \u00271\u0027 times","damage_taken":0,"max_hp_gain":0,"max_hp_loss":0,"event_name":"Dead Adventurer","floor":8,"gold_loss":0},{"damage_healed":0,"gold_gain":0,"cards_transformed":["Strike_G"],"player_choice":"Change","damage_taken":0,"max_hp_gain":0,"max_hp_loss":0,"event_name":"Living Wall","floor":13,"gold_loss":0,"cards_obtained":["Eviscerate"]},{"damage_healed":0,"gold_gain":0,"cards_transformed":["Strike_G","Defend_G"],"player_choice":"Became Test Subject","damage_taken":0,"max_hp_gain":0,"max_hp_loss":0,"event_name":"Drug Dealer","floor":19,"gold_loss":0,"cards_obtained":["Phantasmal Killer","Riddle With Holes"]},{"damage_healed":0,"gold_gain":0,"player_choice":"Shed Blood","damage_taken":19,"max_hp_gain":5,"max_hp_loss":0,"event_name":"Forgotten Altar","floor":21,"gold_loss":0},{"damage_healed":0,"gold_gain":0,"cards_transformed":["Eviscerate"],"player_choice":"Transformed","damage_taken":0,"max_hp_gain":0,"max_hp_loss":0,"event_name":"Transmorgrifier","floor":22,"gold_loss":0,"cards_obtained":["Heel Hook"]},{"damage_healed":0,"gold_gain":0,"player_choice":"Paid","damage_taken":0,"relics_obtained":["Red Mask"],"max_hp_gain":0,"max_hp_loss":0,"event_name":"Tomb of Lord Red Mask","floor":37,"gold_loss":121},{"cards_removed":["Backflip"],"damage_healed":0,"gold_gain":0,"player_choice":"Removed Skill","damage_taken":0,"max_hp_gain":0,"max_hp_loss":0,"event_name":"Falling","floor":38,"gold_loss":0},{"damage_healed":0,"gold_gain":0,"player_choice":"Fight","damage_taken":0,"max_hp_gain":0,"max_hp_loss":0,"event_name":"Mysterious Sphere","floor":39,"gold_loss":0}],"is_beta":false,"boss_relics":[{"not_picked":["White Beast Statue","Busted Crown"],"picked":"Empty Cage"},{"not_picked":["Snecko Eye","Fusion Hammer"],"picked":"Lizard Tail"}],"items_purged_floors":[2,20,36],"is_endless":false,"potions_floor_spawned":[4,8,12,14,18,28,31,41,46,48],"killed_by":"Donu and Deca","ascension_level":0}