{"gold_per_floor":[116,22,42,55,67,79,79,109,133,58,58,85,85,112,112,189,189,205,224,124,144,159,159,189,189,189,189,34,54,54],"floor_reached":30,"playtime":1283,"items_purged":["Strike_R","Regret"],"score":498,"play_id":"8841c871-96ce-4078-b03a-be1721a8e20e","local_time":"20190727235009","is_ascension_mode":true,"campfire_choices":[{"data":"Shockwave","floor":7,"key":"SMITH"},{"data":"Berserk","floor":11,"key":"SMITH"},{"data":"Carnage","floor":13,"key":"SMITH"},{"data":"Armaments","floor":15,"key":"SMITH"},{"data":"Decay","floor":23,"key":"PURGE"},{"data":"Decay","floor":25,"key":"PURGE"},{"data":"Battle Trance","floor":27,"key":"SMITH"}],"neow_cost":"NONE","seed_source_timestamp":83914509641786,"circlet_count":0,"master_deck":["AscendersBane","Strike_R","Strike_R","Strike_R","Strike_R","Defend_R","Defend_R","Defend_R","Defend_R+1","Bash","Sword Boomerang","Battle Trance+1","Headbutt","Shockwave+1","Power Through+1","Carnage+1","Berserk+1","Armaments+1","Exhume","Combust","Shockwave+1","Spot Weakness","Exhume"],"relics":["Burning Blood","Peace Pipe","Orichalcum","Strawberry","Regal Pillow","Calling Bell","Happy Flower","Letter Opener","Magic Flower","Pear","Singing Bowl","War Paint"],"potions_floor_usage":[0,8,14,19,21,24,24],"damage_taken":[{"damage":6,"enemies":"Cultist","floor":1,"turns":4},{"damage":0,"enemies":"Small Slimes","floor":3,"turns":3},{"damage":4,"enemies":"Jaw Worm","floor":4,"turns":3},{"damage":7,"enemies":"3 Louse","floor":5,"turns":4},{"damage":1,"enemies":"Red Slaver","floor":6,"turns":3},{"damage":16,"enemies":"Gremlin Nob","floor":8,"turns":3},{"damage":19,"enemies":"Lagavulin","floor":12,"turns":5},{"damage":7,"enemies":"Gremlin Nob","floor":14,"turns":3},{"damage":15,"enemies":"Hexaghost","floor":16,"turns":9},{"damage":35,"enemies":"Shell Parasite","floor":18,"turns":6},{"damage":8,"enemies":"Spheric Guardian","floor":19,"turns":4},{"damage":15,"enemies":"Snecko","floor":21,"turns":5},{"damage":16,"enemies":"Centurion and Healer","floor":22,"turns":6},{"damage":30,"enemies":"Gremlin Leader","floor":24,"turns":8},{"damage":18,"enemies":"Chosen and Byrds","floor":29,"turns":7},{"damage":52,"enemies":"Book of Stabbing","floor":30,"turns":6}],"seed_played":"3358681583372598098","potions_obtained":[{"floor":0,"key":"Regen Potion"},{"floor":0,"key":"Fruit Juice"},{"floor":0,"key":"Strength Potion"},{"floor":4,"key":"BloodPotion"},{"floor":12,"key":"PowerPotion"},{"floor":14,"key":"SpeedPotion"},{"floor":19,"key":"SteroidPotion"},{"floor":22,"key":"Regen Potion"},{"floor":29,"key":"Ancient Potion"}],"is_trial":false,"path_per_floor":["M","$","M","M","M","M","R","E","T","$","R","E","R","E","R","B",null,"M","M","$","M","M","R","E","R","T","R","$","M","E"],"character_chosen":"IRONCLAD","items_purchased":["Battle Trance","Headbutt","War Paint"],"campfire_rested":0,"item_purchase_floors":[2,2,28],"current_hp_per_floor":[73,73,79,80,79,80,80,70,70,70,70,64,64,84,84,75,84,58,59,59,53,46,46,59,59,59,59,59,52,0],"gold":54,"neow_bonus":"THREE_SMALL_POTIONS","is_prod":false,"is_daily":false,"chose_seed":false,"campfire_upgraded":5,"win_rate":0,"timestamp":1564285809,"path_taken":["M","$","M","M","M","?","R","E","T","$","R","E","R","E","R","BOSS","M","M","$","M","?","R","E","R","T","R","$","M","E"],"build_version":"2019-07-17","purchased_purges":2,"victory":false,"max_hp_per_floor":[80,80,80,80,80,80,80,80,80,80,80,87,87,87,87,87,87,87,87,87,87,87,87,97,97,97,97,97,99,99],"card_choices":[{"not_picked":["Bloodletting","Anger"],"picked":"Sword Boomerang","floor":1},{"not_picked":["Headbutt","Pommel Strike"],"picked":"Shockwave","floor":3},{"not_picked":["Wild Strike","Burning Pact","Perfected Strike"],"picked":"SKIP","floor":4},{"not_picked":["Sword Boomerang","Wild Strike"],"picked":"Power Through","floor":5},{"not_picked":["Infernal Blade","Clash"],"picked":"Carnage","floor":6},{"not_picked":["Seeing Red","Sword Boomerang"],"picked":"Berserk","floor":8},{"not_picked":["Sentinel","Reckless Charge","Twin Strike"],"picked":"SKIP","floor":12},{"not_picked":["Perfected Strike","Hemokinesis"],"picked":"Armaments","floor":14},{"not_picked":["Bludgeon","Brutality"],"picked":"Exhume","floor":16},{"not_picked":["Clothesline","Sword Boomerang"],"picked":"Combust","floor":18},{"not_picked":["Uppercut","Seeing Red"],"picked":"Shockwave+1","floor":19},{"not_picked":["Sever Soul","Thunderclap","Dual Wield"],"picked":"SKIP","floor":21},{"not_picked":["Body Slam","Dual Wield+1"],"picked":"Spot Weakness","floor":22},{"not_picked":["Bloodletting","True Grit"],"picked":"Exhume","floor":24},{"not_picked":["Body Slam","Bloodletting","Thunderclap+1"],"picked":"Singing Bowl","floor":29}],"player_experience":1580538,"relics_obtained":[{"floor":8,"key":"Peace Pipe"},{"floor":9,"key":"Orichalcum"},{"floor":12,"key":"Strawberry"},{"floor":14,"key":"Regal Pillow"},{"floor":17,"key":"Happy Flower"},{"floor":17,"key":"Letter Opener"},{"floor":17,"key":"Magic Flower"},{"floor":24,"key":"Pear"},{"floor":26,"key":"Singing Bowl"}],"event_choices":[],"is_beta":false,"boss_relics":[{"not_picked":["Mark of Pain","Orrery"],"picked":"Calling Bell"}],"items_purged_floors":[10,20],"is_endless":false,"potions_floor_spawned":[4,5,6,12,14,19,22,29],"killed_by":"Book of Stabbing","ascension_level":15}