{"gold_per_floor":[109,34,46,46,46,46,46,62,112,112,112,131,131,146,146,146],"floor_reached":16,"playtime":330,"items_purged":["Strike_G"],"score":184,"play_id":"46004ed5-4ff9-4669-8175-22e8bdbbed5a","local_time":"20190607165122","is_ascension_mode":true,"campfire_choices":[{"data":"Tactician","floor":6,"key":"SMITH"},{"data":"Masterful Stab","floor":11,"key":"SMITH"},{"data":"Neutralize","floor":15,"key":"SMITH"}],"neow_cost":"PERCENT_DAMAGE","seed_source_timestamp":437329860318041,"circlet_count":0,"master_deck":["AscendersBane","Defend_G","Defend_G","Defend_G","Defend_G","Defend_G","Survivor","Neutralize+1","Masterful Stab+1","Tactician+1","Catalyst","Escape Plan","Grand Finale"],"special_seed":0,"relics":["Ring of the Snake","Lantern"],"potions_floor_usage":[13],"damage_taken":[{"damage":0.0,"enemies":"Small Slimes","floor":1.0,"turns":3.0},{"damage":0.0,"enemies":"2 Louse","floor":3.0,"turns":5.0},{"damage":7,"enemies":"Jaw Worm","floor":8,"turns":9},{"damage":17,"enemies":"2 Fungi Beasts","floor":12,"turns":5},{"damage":0,"enemies":"Red Slaver","floor":13,"turns":4},{"damage":0,"enemies":"Looter","floor":14,"turns":5},{"damage":14,"enemies":"The Guardian","floor":16,"turns":4}],"seed_played":"-6506025414127632645","potions_obtained":[{"floor":12,"key":"SmokeBomb"}],"is_trial":false,"path_per_floor":["M","$","M","?","?","R","$","M","T","?","R","M","M","M","R","B"],"character_chosen":"THE_SILENT","items_purchased":[],"campfire_rested":0,"item_purchase_floors":[],"current_hp_per_floor":[44,44,44,44,37,37,37,30,30,30,30,13,13,13,13,0],"gold":146,"neow_bonus":"TRANSFORM_TWO_CARDS","is_prod":false,"is_daily":false,"chose_seed":false,"campfire_upgraded":3,"win_rate":0,"timestamp":1559897482,"path_taken":["M","$","M","?","?","R","?","M","T","?","R","M","M","M","R","BOSS"],"build_version":"2019-01-23","purchased_purges":1,"victory":false,"max_hp_per_floor":[66,66,66,66,66,66,66,66,66,66,66,66,66,66,66,66],"card_choices":[{"not_picked":["Dagger Spray","Masterful Stab","Heel Hook"],"picked":"SKIP","floor":1.0},{"not_picked":["Backflip","Flechettes"],"picked":"Tactician","floor":3.0},{"not_picked":["Distraction","Poisoned Stab"],"picked":"Catalyst","floor":8},{"not_picked":["Dagger Throw","Blade Dance"],"picked":"Escape Plan","floor":12},{"not_picked":["Bane","Outmaneuver"],"picked":"Grand Finale","floor":14}],"player_experience":1898341,"relics_obtained":[{"floor":9,"key":"Lantern"}],"event_choices":[{"cards_removed":["Strike_G"],"damage_healed":0,"gold_gain":0,"player_choice":"Forget","damage_taken":0,"max_hp_gain":0,"max_hp_loss":0,"event_name":"Living Wall","floor":4,"gold_loss":0},{"cards_removed":["Strike_G"],"damage_healed":0,"gold_gain":0,"player_choice":"Card Removal","damage_taken":7,"max_hp_gain":0,"max_hp_loss":0,"event_name":"Golden Wing","floor":5,"gold_loss":0},{"cards_removed":["Slice"],"damage_healed":0,"gold_gain":0,"player_choice":"Card Removal","damage_taken":0,"max_hp_gain":0,"max_hp_loss":0,"event_name":"Wheel of Change","floor":10,"gold_loss":0}],"is_beta":false,"boss_relics":[],"items_purged_floors":[2],"is_endless":false,"potions_floor_spawned":[12],"killed_by":"The Guardian","ascension_level":20}