{"gold_per_floor":[112,0,0,0,16,47,47,58,58,76,76,102,102,133,133,133],"floor_reached":16,"playtime":382,"items_purged":["Strike_G"],"score":250,"play_id":"6f825103-9fbb-4c4e-829c-67903bdcb3a9","local_time":"20190803034818","is_ascension_mode":true,"campfire_choices":[{"data":"Well Laid Plans","floor":7,"key":"SMITH"},{"data":"Neutralize","floor":13,"key":"SMITH"},{"data":"Catalyst","floor":15,"key":"SMITH"}],"neow_cost":"NONE","seed_source_timestamp":617622595743488,"circlet_count":0,"master_deck":["AscendersBane","Strike_G","Strike_G","Defend_G","Defend_G","Defend_G","Defend_G","Defend_G","Survivor","Neutralize+1","Deflect","Well Laid Plans+1","All Out Attack","Corpse Explosion","Endless Agony","Catalyst+1","Leg Sweep"],"relics":["Ring of the Snake","NeowsBlessing","Juzu Bracelet","Singing Bowl","Orichalcum","The Courier"],"potions_floor_usage":[12,16],"damage_taken":[{"damage":0,"enemies":"Small Slimes","floor":1,"turns":1},{"damage":0,"enemies":"Jaw Worm","floor":5,"turns":1},{"damage":0,"enemies":"3 Sentries","floor":6,"turns":1},{"damage":0,"enemies":"2 Louse","floor":8,"turns":2},{"damage":1,"enemies":"Red Slaver","floor":10,"turns":4},{"damage":34,"enemies":"Gremlin Nob","floor":12,"turns":4},{"damage":11,"enemies":"Lagavulin","floor":14,"turns":7},{"damage":14,"enemies":"Slime Boss","floor":16,"turns":7}],"seed_played":"-3967581963153431033","potions_obtained":[{"floor":8,"key":"GamblersBrew"},{"floor":10,"key":"Energy Potion"},{"floor":12,"key":"Weak Potion"}],"is_trial":false,"path_per_floor":["M","$","?","?","M","E","R","M","T","M","?","E","R","E","R","B"],"character_chosen":"THE_SILENT","items_purchased":["Well Laid Plans"],"campfire_rested":0,"item_purchase_floors":[2],"current_hp_per_floor":[59,59,64,57,57,57,57,57,57,56,56,24,24,13,13,0],"gold":133,"neow_bonus":"THREE_ENEMY_KILL","is_prod":false,"is_daily":false,"chose_seed":false,"campfire_upgraded":3,"win_rate":0,"timestamp":1564818498,"path_taken":["M","$","?","?","M","E","R","M","T","M","?","E","R","E","R","BOSS"],"build_version":"2019-07-17","purchased_purges":1,"victory":false,"max_hp_per_floor":[66,66,71,71,71,71,71,71,71,71,71,73,73,73,73,73],"card_choices":[{"not_picked":["Underhanded Strike","Prepared"],"picked":"Deflect","floor":1},{"not_picked":["Quick Slash","Poisoned Stab"],"picked":"All Out Attack","floor":5},{"not_picked":["Flying Knee","Choke"],"picked":"Corpse Explosion","floor":6},{"not_picked":["Slice","Underhanded Strike"],"picked":"Endless Agony","floor":8},{"not_picked":["Blade Dance","Bane"],"picked":"Catalyst","floor":10},{"not_picked":["Tactician","Predator","Flying Knee"],"picked":"Singing Bowl","floor":12},{"not_picked":["Quick Slash","Heel Hook"],"picked":"Leg Sweep","floor":14}],"player_experience":1663518,"relics_obtained":[{"floor":6,"key":"Juzu Bracelet"},{"floor":9,"key":"Singing Bowl"},{"floor":12,"key":"Orichalcum"},{"floor":14,"key":"The Courier"}],"event_choices":[{"damage_healed":0,"gold_gain":0,"player_choice":"Donut","damage_taken":0,"max_hp_gain":5,"max_hp_loss":0,"event_name":"Big Fish","floor":3,"gold_loss":0},{"cards_removed":["Strike_G"],"damage_healed":0,"gold_gain":0,"player_choice":"Card Removal","damage_taken":7,"max_hp_gain":0,"max_hp_loss":0,"event_name":"Golden Wing","floor":4,"gold_loss":0},{"cards_removed":["Strike_G"],"damage_healed":0,"gold_gain":0,"player_choice":"Purged","damage_taken":0,"max_hp_gain":0,"max_hp_loss":0,"event_name":"Purifier","floor":11,"gold_loss":0}],"is_beta":false,"boss_relics":[],"items_purged_floors":[2],"is_endless":false,"potions_floor_spawned":[8,10,12],"killed_by":"Slime Boss","ascension_level":15}