{"gold_per_floor":[118,118,135,135,135,135,170,170,195,222,19,31,61,71,71,149,149,149,149,149,149,149,149,149,149,149,149,149,149,149,149,149,149],"floor_reached":33,"playtime":1277,"items_purged":[],"score":627,"play_id":"c4149483-f8c9-4576-8125-923a040615c0","local_time":"20190527185851","is_ascension_mode":true,"campfire_choices":[{"data":"Body Slam","floor":6.0,"key":"SMITH"},{"data":"Uppercut","floor":8.0,"key":"SMITH"},{"data":"Flame Barrier","floor":15,"key":"SMITH"},{"data":"Inflame","floor":24,"key":"SMITH"},{"data":"Inflame","floor":27,"key":"SMITH"},{"data":"Corruption","floor":30,"key":"SMITH"},{"data":"Dual Wield","floor":32,"key":"SMITH"}],"neow_cost":"NONE","seed_source_timestamp":7476914923004,"circlet_count":0,"master_deck":["AscendersBane","Strike_R","Strike_R","Strike_R","Strike_R","Strike_R","Defend_R+1","Defend_R","Defend_R","Defend_R+1","Bash+1","Flame Barrier+1","Body Slam+1","Uppercut+1","Headbutt","Inflame+1","Pummel","Battle Trance","Feed","Infernal Blade+1","Inflame+1","Corruption+1","Dual Wield+1","Shrug It Off"],"special_seed":0,"relics":["Burning Blood","Oddly Smooth Stone","Bag of Preparation","Centennial Puzzle","Art of War","Pocketwatch","Potion Belt","Vajra","Ectoplasm","War Paint","Pear","Gambling Chip"],"potions_floor_usage":[10,13,14,23,33,33],"damage_taken":[{"damage":2.0,"enemies":"Small Slimes","floor":1.0,"turns":4.0},{"damage":1.0,"enemies":"Jaw Worm","floor":3.0,"turns":5.0},{"damage":39.0,"enemies":"3 Sentries","floor":7.0,"turns":10.0},{"damage":11,"enemies":"Gremlin Nob","floor":10,"turns":4},{"damage":0,"enemies":"2 Louse","floor":12,"turns":3},{"damage":11,"enemies":"Lagavulin","floor":13,"turns":4},{"damage":14,"enemies":"Exordium Thugs","floor":14,"turns":3},{"damage":18,"enemies":"Hexaghost","floor":16,"turns":8},{"damage":14,"enemies":"3 Byrds","floor":18,"turns":5},{"damage":9,"enemies":"Chosen","floor":20,"turns":3},{"damage":9,"enemies":"3 Cultists","floor":21,"turns":5},{"damage":30,"enemies":"Book of Stabbing","floor":23,"turns":5},{"damage":14,"enemies":"Snecko","floor":25,"turns":6},{"damage":12,"enemies":"Gremlin Leader","floor":28,"turns":5},{"damage":36,"enemies":"Collector","floor":33,"turns":5}],"seed_played":"-4150712816289474148","potions_obtained":[{"floor":0.0,"key":"AttackPotion"},{"floor":0.0,"key":"Weak Potion"},{"floor":10,"key":"Strength Potion"},{"floor":12,"key":"Explosive Potion"},{"floor":14,"key":"AttackPotion"},{"floor":20,"key":"Explosive Potion"},{"floor":21,"key":"Fire Potion"}],"is_trial":false,"path_per_floor":["M","?","M","T","?","R","E","R","T","E","$","M","E","M","R","B",null,"M","?","M","M","?","E","R","M","T","R","E","?","R","T","R","B"],"character_chosen":"IRONCLAD","items_purchased":["Potion Belt","Inflame"],"campfire_rested":0,"item_purchase_floors":[11,11],"current_hp_per_floor":[72,67,72,72,72,72,39,39,39,34,34,40,35,27,27,15,60,55,55,55,55,55,34,34,29,29,29,36,36,36,36,36,0],"gold":149,"neow_bonus":"THREE_SMALL_POTIONS","is_prod":false,"is_daily":false,"chose_seed":false,"campfire_upgraded":7,"win_rate":0,"timestamp":1558997931,"path_taken":["M","?","M","?","?","R","E","R","T","E","$","M","E","M","R","BOSS","M","?","?","M","?","E","R","M","T","R","E","?","R","?","R","BOSS"],"build_version":"2019-01-23","purchased_purges":0,"victory":false,"max_hp_per_floor":[75,75,75,75,75,75,75,75,75,75,75,75,75,75,75,75,75,78,78,81,84,84,87,87,90,90,90,103,103,103,103,103,103],"card_choices":[{"not_picked":["Twin Strike","Rampage"],"picked":"Flame Barrier","floor":1.0},{"not_picked":["Intimidate","Reckless Charge"],"picked":"Body Slam","floor":3.0},{"not_picked":["Clash","Thunderclap"],"picked":"Uppercut","floor":7.0},{"not_picked":["Seeing Red","Sword Boomerang"],"picked":"Headbutt","floor":10},{"not_picked":["Sword Boomerang","Rupture"],"picked":"Pummel","floor":12},{"not_picked":["Body Slam","Flex","Pummel"],"picked":"SKIP","floor":13},{"not_picked":["Thunderclap","Clothesline"],"picked":"Battle Trance","floor":14},{"not_picked":["Immolate","Impervious"],"picked":"Feed","floor":16},{"not_picked":["Pommel Strike","Fire Breathing"],"picked":"Infernal Blade+1","floor":18},{"not_picked":["Flex","Seeing Red","Headbutt"],"picked":"SKIP","floor":20},{"not_picked":["Entrench","Rage+1"],"picked":"Inflame","floor":21},{"not_picked":["Hemokinesis","Pommel Strike"],"picked":"Dual Wield","floor":23},{"not_picked":["Twin Strike","Pommel Strike","Sword Boomerang"],"picked":"SKIP","floor":25},{"not_picked":["Perfected Strike","Anger"],"picked":"Shrug It Off","floor":28}],"player_experience":1442938,"relics_obtained":[{"floor":4.0,"key":"Bag of Preparation"},{"floor":7.0,"key":"Centennial Puzzle"},{"floor":9.0,"key":"Art of War"},{"floor":10,"key":"Pocketwatch"},{"floor":13,"key":"Vajra"},{"floor":23,"key":"War Paint"},{"floor":28,"key":"Pear"},{"floor":31,"key":"Gambling Chip"}],"event_choices":[{"damage_healed":0.0,"max_hp_gain":0.0,"max_hp_loss":0.0,"gold_gain":0.0,"event_name":"Scrap Ooze","player_choice":"Success","floor":2.0,"gold_loss":0.0,"damage_taken":5.0,"relics_obtained":["Oddly Smooth Stone"]},{"damage_healed":0.0,"max_hp_gain":0.0,"max_hp_loss":0.0,"gold_gain":0.0,"event_name":"Living Wall","player_choice":"Grow","floor":5.0,"gold_loss":0.0,"damage_taken":0.0,"cards_upgraded":["Bash"]},{"damage_healed":0,"gold_gain":0,"player_choice":"0 cards matched","damage_taken":0,"max_hp_gain":0,"max_hp_loss":0,"event_name":"Match and Keep!","floor":19,"gold_loss":0,"cards_obtained":[]},{"damage_healed":0,"gold_gain":0,"player_choice":"Read","damage_taken":0,"max_hp_gain":0,"max_hp_loss":0,"event_name":"The Library","floor":22,"gold_loss":0,"cards_obtained":["Corruption"]},{"damage_healed":0,"gold_gain":0,"player_choice":"Ignored","damage_taken":0,"max_hp_gain":0,"max_hp_loss":0,"event_name":"The Mausoleum","floor":29,"gold_loss":0}],"is_beta":false,"boss_relics":[{"not_picked":["Empty Cage","Mark of Pain"],"picked":"Ectoplasm"}],"items_purged_floors":[],"is_endless":false,"potions_floor_spawned":[3,10,12,14,20,21],"killed_by":"Collector","ascension_level":20}