{"gold_per_floor":[20,38,38,52,63,63,130,163,231,231,251,264,264],"floor_reached":13,"playtime":419,"items_purged":[],"score":96,"play_id":"e7e554eb-a4ae-4c62-9a39-65967897c686","local_time":"20190502002740","is_ascension_mode":true,"campfire_choices":[{"data":"Ball Lightning","floor":6,"key":"SMITH"},{"floor":10,"key":"REST"}],"neow_cost":"NO_GOLD","seed_source_timestamp":482121905245420,"circlet_count":0,"master_deck":["Strike_B","Strike_B","Strike_B","Strike_B","Defend_B","Defend_B","Defend_B","Defend_B","Zap","Dualcast","Ball Lightning+1","Seek","Self Repair","Loop"],"relics":["Cracked Core","WingedGreaves","Nunchaku","Letter Opener"],"potions_floor_usage":[5,13],"damage_taken":[{"damage":0,"enemies":"Small Slimes","floor":1,"turns":3},{"damage":7,"enemies":"Jaw Worm","floor":2,"turns":3},{"damage":0,"enemies":"Cultist","floor":4,"turns":2},{"damage":10,"enemies":"Exordium Thugs","floor":5,"turns":4},{"damage":31,"enemies":"3 Sentries","floor":8,"turns":5},{"damage":15,"enemies":"3 Louse","floor":11,"turns":3},{"damage":4,"enemies":"2 Fungi Beasts","floor":12,"turns":3},{"damage":44,"enemies":"Gremlin Gang","floor":13,"turns":3}],"seed_played":"-6024673819992153789","potions_obtained":[{"floor":2,"key":"Ancient Potion"},{"floor":4,"key":"Fire Potion"},{"floor":12,"key":"Weak Potion"}],"is_trial":false,"path_per_floor":["M","M","$","M","M","R","?","E","T","R","M","M","M"],"character_chosen":"DEFECT","items_purchased":[],"campfire_rested":1,"item_purchase_floors":[],"current_hp_per_floor":[75,68,68,68,58,58,58,27,27,49,34,37,0],"gold":264,"neow_bonus":"ONE_RARE_RELIC","is_prod":false,"is_daily":false,"chose_seed":false,"campfire_upgraded":1,"win_rate":0,"timestamp":1556771260,"path_taken":["M","M","$","M","M","R","?","E","T","R","M","M","M"],"build_version":"2019-01-23","purchased_purges":0,"victory":false,"max_hp_per_floor":[75,75,75,75,75,75,75,75,75,75,75,75,75],"card_choices":[{"not_picked":["Turbo","Rebound","Aggregate"],"picked":"SKIP","floor":1},{"not_picked":["Recycle","Sweeping Beam"],"picked":"Ball Lightning","floor":2},{"not_picked":["Aggregate","Redo","Rainbow"],"picked":"SKIP","floor":4},{"not_picked":["Redo","Barrage","Gash"],"picked":"SKIP","floor":5},{"not_picked":["Aggregate","Lockon"],"picked":"Seek","floor":8},{"not_picked":["Steam","Loop"],"picked":"Self Repair","floor":11},{"not_picked":["Melter","Steam"],"picked":"Loop","floor":12}],"player_experience":936955,"relics_obtained":[{"floor":8,"key":"Nunchaku"},{"floor":9,"key":"Letter Opener"}],"event_choices":[{"damage_healed":0,"gold_gain":67,"player_choice":"Gained Gold","damage_taken":0,"max_hp_gain":0,"max_hp_loss":0,"event_name":"Golden Wing","floor":7,"gold_loss":0}],"is_beta":false,"boss_relics":[],"items_purged_floors":[],"is_endless":false,"potions_floor_spawned":[2,4,12],"killed_by":"Gremlin Gang","ascension_level":2}