{"gold_per_floor":[114,114,114,69,80,110,110,121,121,135,152,162,162,197,197,298,298,316,316,40,57,57,57,92,92,92,117,129,30,45,62,62,167,167,182,182,282,85,85,85,110,0,0,16,44,44,56,76,76,76],"floor_reached":51,"playtime":4848,"items_purged":[],"score":1039,"play_id":"37585864-e260-4c9d-99f5-500f2ce3b466","local_time":"20190603123428","is_ascension_mode":true,"campfire_choices":[{"data":"Body Slam","floor":7,"key":"SMITH"},{"data":"Body Slam","floor":13,"key":"SMITH"},{"data":"Armaments","floor":15,"key":"SMITH"},{"data":"Juggernaut","floor":23,"key":"SMITH"},{"data":"Shrug It Off","floor":25,"key":"SMITH"},{"floor":32,"key":"REST"},{"data":"Juggernaut","floor":40,"key":"SMITH"},{"floor":46,"key":"REST"},{"floor":49,"key":"REST"}],"neow_cost":"NONE","seed_source_timestamp":328216727483944,"circlet_count":0,"master_deck":["Strike_R","Strike_R","Strike_R","Strike_R","Strike_R","Defend_R","Defend_R","Defend_R","Defend_R","Bash","Armaments+1","Shrug It Off+1","Body Slam+1","Power Through","Body Slam+1","Impervious","Demon Form","Rage","Juggernaut+1","Heavy Blade+1","Heavy Blade+1","Juggernaut+1","Offering","Juggernaut+1","Double Tap","Metallicize","Barricade","Seeing Red+1","Entrench+1","Flame Barrier+1"],"relics":["Burning Blood","NeowsBlessing","FaceOfCleric","Ice Cream","Champion Belt","Dream Catcher","Sozu","Membership Card","Vajra","Du-Vu Doll","Matryoshka","Omamori","DollysMirror","Mark of Pain","Girya","Mummified Hand","Juzu Bracelet","Bag of Marbles","Red Mask","Toxic Egg 2","Bottled Flame","Blood Vial"],"potions_floor_usage":[14,16,24,31],"damage_taken":[{"damage":0,"enemies":"2 Louse","floor":1,"turns":1},{"damage":0,"enemies":"Cultist","floor":5,"turns":1},{"damage":0,"enemies":"Lagavulin","floor":6,"turns":1},{"damage":20,"enemies":"Small Slimes","floor":8,"turns":3},{"damage":1,"enemies":"2 Fungi Beasts","floor":10,"turns":4},{"damage":0,"enemies":"3 Louse","floor":11,"turns":4},{"damage":1,"enemies":"Large Slime","floor":12,"turns":7},{"damage":4,"enemies":"3 Sentries","floor":14,"turns":5},{"damage":42,"enemies":"Hexaghost","floor":16,"turns":13},{"damage":0,"enemies":"3 Byrds","floor":18,"turns":7},{"damage":0,"enemies":"Chosen","floor":21,"turns":6},{"damage":0,"enemies":"Book of Stabbing","floor":24,"turns":4},{"damage":27,"enemies":"Gremlin Leader","floor":27,"turns":5},{"damage":8,"enemies":"Centurion and Healer","floor":28,"turns":5},{"damage":14,"enemies":"Snake Plant","floor":30,"turns":3},{"damage":14,"enemies":"Shelled Parasite and Fungi","floor":31,"turns":5},{"damage":57,"enemies":"Automaton","floor":33,"turns":8},{"damage":23,"enemies":"3 Darklings","floor":35,"turns":4},{"damage":0,"enemies":"Mind Bloom Boss Battle","floor":37,"turns":4},{"damage":31,"enemies":"Giant Head","floor":41,"turns":7},{"damage":0,"enemies":"Orb Walker","floor":44,"turns":1},{"damage":27,"enemies":"Reptomancer","floor":45,"turns":5},{"damage":22,"enemies":"Jaw Worm Horde","floor":47,"turns":4},{"damage":0,"enemies":"4 Shapes","floor":48,"turns":5},{"damage":83,"enemies":"Time Eater","floor":50,"turns":8}],"seed_played":"3005487137205974372","potions_obtained":[{"floor":8,"key":"PowerPotion"},{"floor":12,"key":"SpeedPotion"},{"floor":14,"key":"GamblersBrew"},{"floor":16,"key":"SkillPotion"}],"is_trial":false,"path_per_floor":["M","?","$","$","M","E","R","M","T","M","M","M","R","E","R","B",null,"M","?","$","M","?","R","E","R","T","E","M","$","M","M","R","B",null,"M","?","?","$","?","R","E","?","T","M","E","R","M","M","R","B",null],"character_chosen":"IRONCLAD","items_purchased":["Shrug It Off","Membership Card","Vajra","DollysMirror","Mummified Hand","Juzu Bracelet"],"campfire_rested":3,"item_purchase_floors":[4,20,20,29,38,38],"current_hp_per_floor":[78,78,78,78,81,82,82,69,69,75,82,86,86,87,87,52,79,86,86,86,90,90,90,91,91,91,71,70,70,63,56,84,34,81,65,65,72,72,72,72,48,48,48,55,35,63,50,59,88,14],"gold":76,"neow_bonus":"THREE_ENEMY_KILL","is_prod":false,"is_daily":false,"chose_seed":false,"campfire_upgraded":6,"win_rate":0,"timestamp":1559579668,"path_taken":["M","?","?","$","M","E","R","M","T","M","M","M","R","E","R","BOSS","M","?","?","M","?","R","E","R","T","E","M","$","?","?","R","BOSS","M","?","?","$","?","R","E","?","T","M","E","R","M","M","R","BOSS"],"build_version":"2019-01-23","purchased_purges":0,"victory":true,"max_hp_per_floor":[80,80,80,80,81,82,82,83,83,84,85,86,86,87,87,88,88,89,89,89,90,90,90,91,91,91,92,93,93,94,95,95,96,96,97,97,98,98,93,93,94,94,94,95,96,96,97,98,98,99],"card_choices":[{"not_picked":["Sentinel","Havoc"],"picked":"Armaments","floor":1},{"not_picked":["Corruption","Warcry"],"picked":"Body Slam","floor":5},{"not_picked":["Wild Strike","Burning Pact","Pummel"],"picked":"SKIP","floor":6},{"not_picked":["Anger","Havoc"],"picked":"Power Through","floor":8},{"not_picked":["Pummel","Dropkick","Cleave"],"picked":"SKIP","floor":10},{"not_picked":["Fire Breathing","Fiend Fire","Armaments"],"picked":"SKIP","floor":11},{"not_picked":["Flex","Twin Strike"],"picked":"Body Slam","floor":12},{"not_picked":["Twin Strike","Seeing Red"],"picked":"Impervious","floor":14},{"not_picked":["Exhume","Double Tap"],"picked":"Demon Form","floor":16},{"not_picked":["Clash","Havoc"],"picked":"Disarm+1","floor":18},{"not_picked":["Clash","Flex+1","Pommel Strike"],"picked":"SKIP","floor":21},{"not_picked":["Anger","Thunderclap+1"],"picked":"Heavy Blade+1","floor":24},{"not_picked":["Second Wind","True Grit+1"],"picked":"Heavy Blade+1","floor":27},{"not_picked":["Thunderclap","Flex","Metallicize"],"picked":"SKIP","floor":28},{"not_picked":["Cleave","Thunderclap"],"picked":"Offering","floor":30},{"not_picked":["Cleave","Warcry","Pummel"],"picked":"SKIP","floor":31},{"not_picked":["Impervious","Dark Embrace"],"picked":"Juggernaut","floor":33},{"not_picked":["Warcry+1","Pommel Strike+1","Clothesline"],"picked":"SKIP","floor":35},{"not_picked":["Anger","Clash"],"picked":"Double Tap","floor":41},{"not_picked":["Rampage+1","Battle Trance+1"],"picked":"Metallicize","floor":44},{"not_picked":["Bloodletting+1","Warcry+1"],"picked":"Barricade","floor":45},{"not_picked":["Armaments+1","True Grit+1"],"picked":"Seeing Red+1","floor":46},{"not_picked":["Iron Wave","Rampage+1"],"picked":"Entrench+1","floor":47},{"not_picked":["Iron Wave+1","Clash","Anger"],"picked":"SKIP","floor":48},{"not_picked":["Dual Wield+1","Warcry+1"],"picked":"Flame Barrier+1","floor":49}],"player_experience":1052161,"relics_obtained":[{"floor":6,"key":"Ice Cream"},{"floor":9,"key":"Champion Belt"},{"floor":14,"key":"Dream Catcher"},{"floor":24,"key":"Du-Vu Doll"},{"floor":26,"key":"Matryoshka"},{"floor":27,"key":"Omamori"},{"floor":37,"key":"Girya"},{"floor":41,"key":"Bag of Marbles"},{"floor":43,"key":"Toxic Egg 2"},{"floor":43,"key":"Bottled Flame"},{"floor":45,"key":"Blood Vial"}],"event_choices":[{"damage_healed":0,"gold_gain":0,"player_choice":"Trade","damage_taken":0,"relics_obtained":["FaceOfCleric"],"max_hp_gain":0,"max_hp_loss":0,"event_name":"FaceTrader","floor":2,"gold_loss":0},{"damage_healed":0,"gold_gain":0,"player_choice":"2 cards matched","damage_taken":0,"max_hp_gain":0,"max_hp_loss":0,"event_name":"Match and Keep!","floor":19,"gold_loss":0,"cards_obtained":["Rage","Juggernaut"]},{"damage_healed":0,"gold_gain":0,"player_choice":"Full Heal","damage_taken":0,"max_hp_gain":0,"max_hp_loss":0,"event_name":"Wheel of Change","floor":22,"gold_loss":0},{"cards_removed":["Disarm"],"damage_healed":0,"gold_gain":0,"player_choice":"Removed Skill","damage_taken":0,"max_hp_gain":0,"max_hp_loss":0,"event_name":"Falling","floor":36,"gold_loss":0},{"damage_healed":0,"gold_gain":0,"player_choice":"Fight","damage_taken":0,"max_hp_gain":0,"max_hp_loss":0,"event_name":"MindBloom","floor":37,"gold_loss":0},{"damage_healed":0,"gold_gain":0,"player_choice":"Max HP","damage_taken":0,"max_hp_gain":0,"max_hp_loss":5,"event_name":"Winding Halls","floor":39,"gold_loss":0},{"damage_healed":0,"gold_gain":0,"player_choice":"Paid","damage_taken":0,"relics_obtained":["Red Mask"],"max_hp_gain":0,"max_hp_loss":0,"event_name":"Tomb of Lord Red Mask","floor":42,"gold_loss":110}],"is_beta":false,"boss_relics":[{"not_picked":["Philosopher\u0027s Stone","Fusion Hammer"],"picked":"Sozu"},{"not_picked":["Empty Cage","Runic Pyramid"],"picked":"Mark of Pain"}],"items_purged_floors":[],"is_endless":false,"potions_floor_spawned":[8,12,14,16,18,27,30,33,35,45,47,48],"ascension_level":6}