{"gold_per_floor":[110,110,34,34,184,228,228,248,275,275,290,304,323,362,362,457,457,470,459,46,0,0,0,0],"floor_reached":24,"playtime":785,"items_purged":["Doubt"],"score":426,"play_id":"d574366d-ecd5-4d79-bd31-66c9d1a0d9be","local_time":"20181006004603","is_ascension_mode":true,"campfire_choices":[{"data":"Bash","floor":7,"key":"SMITH"},{"floor":10,"key":"REST"},{"data":"Demon Form","floor":15,"key":"SMITH"},{"data":"Metallicize","floor":23,"key":"SMITH"}],"neow_cost":"NONE","seed_source_timestamp":1844883287618519,"circlet_count":0,"master_deck":["Defend_R","Defend_R","Defend_R","Defend_R+1","Bash+1","AscendersBane","Dropkick","Pommel Strike","Thunderclap+1","Demon Form+1","Warcry","Shrug It Off","Warcry","Disarm","Anger","Reaper","Clothesline","Headbutt","Shrug It Off","Limit Break","Panacea","Metallicize+1","Bite","Bite","Bite","Bite","Bite"],"relics":["Burning Blood","NeowsBlessing","Golden Idol","Anchor","Bag of Preparation","Smiling Mask","Black Star"],"potions_floor_usage":[14,19],"damage_taken":[{"damage":0,"enemies":"2 Louse","floor":1,"turns":1},{"damage":0,"enemies":"Gremlin Nob","floor":6,"turns":1},{"damage":0,"enemies":"Jaw Worm","floor":8,"turns":1},{"damage":4,"enemies":"Small Slimes","floor":11,"turns":4},{"damage":10,"enemies":"Blue Slaver","floor":12,"turns":4},{"damage":1,"enemies":"Looter","floor":13,"turns":3},{"damage":22,"enemies":"3 Sentries","floor":14,"turns":7},{"damage":36,"enemies":"The Guardian","floor":16,"turns":9},{"damage":48,"enemies":"Spheric Guardian","floor":18,"turns":7},{"damage":15,"enemies":"2 Thieves","floor":19,"turns":4},{"damage":23,"enemies":"3 Cultists","floor":24,"turns":3}],"seed_played":"4401531314956499520","potions_obtained":[{"floor":8,"key":"Block Potion"},{"floor":11,"key":"Energy Potion"},{"floor":16,"key":"FairyPotion"},{"floor":18,"key":"Explosive Potion"}],"is_trial":false,"path_per_floor":["M","?","$","?","?","E","R","M","T","R","M","M","M","E","R","B",null,"M","M","$","?","?","R"],"character_chosen":"IRONCLAD","items_purchased":["Pommel Strike","Thunderclap","Shrug It Off","Limit Break","Panacea","Metallicize"],"campfire_rested":1,"item_purchase_floors":[3,3,20,20,20,20],"current_hp_per_floor":[74,48,48,25,25,31,31,37,37,59,61,57,62,46,46,16,60,18,13,13,13,13,13,0],"gold":0,"neow_bonus":"THREE_ENEMY_KILL","is_prod":false,"is_daily":false,"chose_seed":false,"campfire_upgraded":3,"win_rate":0,"timestamp":1538801163,"path_taken":["M","?","$","?","?","E","R","?","T","R","M","M","?","E","R","BOSS","M","M","$","?","?","R","?"],"build_version":"2018-10-04v2","purchased_purges":1,"victory":false,"max_hp_per_floor":[75,75,75,75,75,75,75,75,75,75,75,75,75,75,75,75,75,75,75,75,75,52,52,52],"card_choices":[{"not_picked":["Armaments","Flex"],"picked":"Dropkick","floor":1},{"not_picked":["Inflame","Cleave"],"picked":"Demon Form","floor":6},{"not_picked":["Heavy Blade","Wild Strike"],"picked":"Warcry","floor":8},{"not_picked":["Armaments","Thunderclap"],"picked":"Shrug It Off","floor":11},{"not_picked":["Perfected Strike","Havoc"],"picked":"Warcry","floor":12},{"not_picked":["Inflame","Armaments"],"picked":"Disarm","floor":13},{"not_picked":["Sentinel","Double Tap"],"picked":"Anger","floor":14},{"not_picked":["Double Tap","Bludgeon"],"picked":"Reaper","floor":16},{"not_picked":["Wild Strike+1","Thunderclap+1"],"picked":"Clothesline","floor":18},{"not_picked":["True Grit","Wild Strike"],"picked":"Headbutt","floor":19}],"player_experience":813085,"relics_obtained":[{"floor":6,"key":"Anchor"},{"floor":9,"key":"Bag of Preparation"},{"floor":14,"key":"Smiling Mask"}],"event_choices":[{"event_name":"Golden Idol","player_choice":"Take Damage","floor":2,"damage_taken":0},{"event_name":"Shining Light","player_choice":"Entered Light","floor":4,"damage_taken":0},{"event_name":"Liars Game","player_choice":"agreed","floor":5,"damage_taken":0},{"event_name":"Masked Bandits","player_choice":"Paid Fearfully","floor":21,"damage_taken":0},{"event_name":"Vampires","player_choice":"Became a vampire","floor":22,"damage_taken":0}],"is_beta":false,"boss_relics":[{"not_picked":["Black Blood","Eternal Feather"],"picked":"Black Star"}],"items_purged_floors":[20],"is_endless":false,"potions_floor_spawned":[8,11,16,18],"killed_by":"3 Cultists","ascension_level":15}