{"gold_per_floor":[114,114,129,129,148,148,167,167,167,186,224,399,6,25,25,150,188,188],"floor_reached":18,"playtime":922,"items_purged":[],"score":162,"play_id":"7952af2d-5dbd-47cf-86d5-1000b3727550","local_time":"20180714144620","daily_mods":["Shiny","Uncertain Future","Lethality"],"is_ascension_mode":false,"campfire_choices":[{"floor":6,"key":"REST"},{"floor":8,"key":"REST"},{"data":"1","floor":15,"key":"LIFT"}],"neow_cost":"","seed_source_timestamp":512613612858827,"circlet_count":0,"master_deck":["Multi-Cast","Hyperbeam","Thunder Strike","Biased Cognition+1","Machine Learning","Electrodynamics","Buffer","Rainbow","Seek","Meteor Strike","Echo Form","All For One","Reboot","Amplify","Creative AI","Fission","Core Surge","Steam Power","Stack","Conserve Battery","Reinforced Body","Conserve Battery","Tempest","Doubt","Dark Shackles","Turbo","Conserve Battery","Fission","Ball Lightning+1"],"special_seed":17726,"relics":["Cracked Core","Girya","Golden Idol","Pen Nib","Dodecahedron","Molten Egg 2","Tiny House"],"potions_floor_usage":[],"damage_taken":[{"damage":0,"enemies":"2 Louse","floor":1,"turns":2},{"damage":19,"enemies":"Small Slimes","floor":3,"turns":2},{"damage":0,"enemies":"Cultist","floor":5,"turns":3},{"damage":0,"enemies":"Large Slime","floor":7,"turns":4},{"damage":0,"enemies":"2 Fungi Beasts","floor":10,"turns":2},{"damage":9,"enemies":"Lagavulin","floor":11,"turns":5},{"damage":0,"enemies":"Gremlin Gang","floor":14,"turns":1},{"damage":56,"enemies":"The Guardian","floor":16,"turns":12},{"damage":0,"enemies":"Spheric Guardian","floor":18,"turns":3}],"seed_played":"-1557900698408723444","potions_obtained":[{"floor":1,"key":"Strength Potion"},{"floor":5,"key":"SmokeBomb"},{"floor":17,"key":"SmokeBomb"}],"is_trial":false,"path_per_floor":["M","?","M","?","M","R","M","R","T","M","E","?","$","M","R","B",null],"character_chosen":"DEFECT","items_purchased":["Molten Egg 2","Dark Shackles","Turbo"],"campfire_rested":2,"item_purchase_floors":[13,13,13],"current_hp_per_floor":[75,63,44,26,26,48,48,70,70,70,61,61,61,61,61,5,80,80],"gold":188,"neow_bonus":"","is_prod":false,"is_daily":true,"chose_seed":false,"campfire_upgraded":0,"win_rate":0.0,"timestamp":1531547180,"path_taken":["M","?","M","?","M","R","M","R","T","M","E","?","$","M","R","BOSS","M"],"build_version":"2018-07-12","purchased_purges":0,"victory":false,"max_hp_per_floor":[75,75,75,75,75,75,75,75,75,75,75,75,75,75,75,75,80,80],"card_choices":[{"not_picked":["Double Energy","Chaos"],"picked":"Steam Power","floor":1},{"not_picked":["Compile Driver","Cold Snap"],"picked":"Stack","floor":3},{"not_picked":["Recycle","Gash"],"picked":"Conserve Battery","floor":5},{"not_picked":["Rebound","Stack"],"picked":"Reinforced Body","floor":7},{"not_picked":["Leap","Reprogram"],"picked":"Conserve Battery","floor":10},{"not_picked":["Steam Power","White Noise"],"picked":"Tempest","floor":11},{"not_picked":["Blizzard+1","Genetic Algorithm"],"picked":"Conserve Battery","floor":14},{"not_picked":["Meteor Strike+1","All For One+1"],"picked":"Fission","floor":16},{"not_picked":["Cold Snap+1","Hologram"],"picked":"Ball Lightning+1","floor":17}],"player_experience":98837,"relics_obtained":[{"floor":9,"key":"Pen Nib"},{"floor":11,"key":"Dodecahedron"}],"event_choices":[{"event_name":"Scrap Ooze","player_choice":"success","floor":2,"damage_taken":12},{"event_name":"Golden Idol","player_choice":"Take Damage","floor":4,"damage_taken":0},{"event_name":"Liars Game","player_choice":"agreed","floor":12,"damage_taken":0}],"boss_relics":[{"not_picked":["Black Star","Cursed Key"],"picked":"Tiny House"}],"items_purged_floors":[],"is_endless":false,"potions_floor_spawned":[1,5],"killed_by":"Spheric Guardian","ascension_level":0}