{"gold_per_floor":[144,319,364,42,42,132,132,177,177,267,267,267,312,33,33,333,333,378,423,16,16,61,151,235,235,235,325,1,1,91,136,136,436,436,481,781,781,336,336,336,336,336,361,361,406,496,553,610,622,634],"floor_reached":51,"playtime":4038,"items_purged":[],"score":944,"play_id":"46a4a835-97a1-47e0-b21f-75cfb9f3afed","local_time":"20180812215003","daily_mods":["Specialized","Midas","Time Dilation"],"is_ascension_mode":false,"campfire_choices":[{"floor":7,"key":"REST"},{"floor":11,"key":"REST"},{"floor":15,"key":"REST"},{"floor":25,"key":"REST"},{"floor":32,"key":"REST"},{"floor":40,"key":"REST"},{"floor":42,"key":"REST"},{"floor":49,"key":"REST"}],"neow_cost":"","seed_source_timestamp":1255374510973741,"circlet_count":0,"master_deck":["Survivor","Neutralize","Glass Knife","Glass Knife","Glass Knife+1","Glass Knife","Glass Knife","Poisoned Stab","Backstab","Terror","Dash","Dodge and Roll","Backflip","After Image","Skewer","Backflip","Venomology","Prepared","Prepared","Dagger Spray","PiercingWail","Noxious Fumes","Tactician","Underhanded Strike","Dodge and Roll","Poisoned Stab","Acrobatics","Masterful Stab","Well Laid Plans+1","Footwork","Distraction","Backflip","Caltrops","Tools of the Trade","Cloak And Dagger","Backflip","Dash","RitualDagger","Skewer","Dodge and Roll+1","Adrenaline","Concentrate+1","Secret Weapon","Good Instincts","Secret Technique","Deadly Poison","Noxious Fumes","Flying Knee+1","Quick Slash+1","Leg Sweep","PiercingWail","PiercingWail+1"],"special_seed":17755,"relics":["Ring of the Snake","Kunai","Orichalcum","Anchor","The Specimen","HandDrill","Pandora\u0027s Box","Letter Opener","Pear","Red Mask","Art of War","Ancient Tea Set","Toolbox","Lantern","White Beast Statue","Happy Flower","OrangePellets","Oddly Smooth Stone","Tough Bandages","MawBank"],"potions_floor_usage":[16,18,23,23,23,23,23,24,27,33,33,33,41,50,50,50,50],"damage_taken":[{"damage":0,"enemies":"Small Slimes","floor":1,"turns":2},{"damage":0,"enemies":"Jaw Worm","floor":3,"turns":1},{"damage":9,"enemies":"3 Sentries","floor":6,"turns":6},{"damage":0,"enemies":"Cultist","floor":8,"turns":1},{"damage":2,"enemies":"Gremlin Nob","floor":10,"turns":3},{"damage":0,"enemies":"Exordium Thugs","floor":13,"turns":2},{"damage":0,"enemies":"Slime Boss","floor":16,"turns":5},{"damage":6,"enemies":"Spheric Guardian","floor":18,"turns":4},{"damage":0,"enemies":"3 Byrds","floor":19,"turns":4},{"damage":0,"enemies":"Snake Plant","floor":22,"turns":2},{"damage":0,"enemies":"Book of Stabbing","floor":23,"turns":4},{"damage":3,"floor":24,"turns":5},{"damage":12,"enemies":"Slavers","floor":27,"turns":7},{"damage":21,"enemies":"Gremlin Leader","floor":30,"turns":8},{"damage":0,"enemies":"Snecko","floor":31,"turns":3},{"damage":26,"enemies":"Champ","floor":33,"turns":10},{"damage":7,"enemies":"3 Darklings","floor":35,"turns":5},{"damage":0,"enemies":"Giant Head","floor":41,"turns":1},{"damage":0,"floor":44,"turns":2},{"damage":0,"enemies":"Orb Walker","floor":45,"turns":2},{"damage":5,"enemies":"2 Orb Walkers","floor":46,"turns":5},{"damage":15,"enemies":"4 Shapes","floor":47,"turns":4},{"damage":0,"enemies":"3 Darklings","floor":48,"turns":4},{"damage":59,"enemies":"Donu and Deca","floor":50,"turns":13}],"seed_played":"6518817445672204880","potions_obtained":[{"floor":1,"key":"FearPotion"},{"floor":6,"key":"Explosive Potion"},{"floor":8,"key":"PowerPotion"},{"floor":19,"key":"SkillPotion"},{"floor":21,"key":"EntropicBrew"},{"floor":21,"key":"PowerPotion"},{"floor":23,"key":"Block Potion"},{"floor":27,"key":"SteroidPotion"},{"floor":30,"key":"Poison Potion"},{"floor":35,"key":"Fire Potion"},{"floor":44,"key":"Strength Potion"},{"floor":45,"key":"Dexterity Potion"}],"is_trial":false,"path_per_floor":["M","?","M","$","?","E","R","M","T","E","R","?","M","$","R","B",null,"M","M","$","?","M","E","?","R","T","E","$","?","E","M","R","B",null,"M","?","?","$","?","R","E","R","T","?","M","E","M","M","R","B"],"character_chosen":"THE_SILENT","items_purchased":["Kunai","Terror","HandDrill","Skewer","Backflip","Letter Opener","Footwork","Distraction","Backflip","Dash","Toolbox","Happy Flower","OrangePellets","Deadly Poison","Noxious Fumes"],"campfire_rested":8,"item_purchase_floors":[4,4,14,14,14,20,20,20,28,28,28,38,38,38,38],"current_hp_per_floor":[70,70,70,70,70,61,70,70,70,68,70,56,56,56,70,70,70,64,64,64,64,64,74,71,80,80,68,68,62,41,41,65,39,80,73,73,63,63,63,80,80,80,80,80,80,75,60,60,80,21],"gold":646,"neow_bonus":"","is_prod":false,"is_daily":true,"chose_seed":false,"campfire_upgraded":0,"win_rate":0,"timestamp":1534078203,"path_taken":["M","?","M","$","?","E","R","?","T","E","R","?","M","$","R","BOSS","M","?","?","?","M","E","?","R","T","E","$","?","E","M","R","BOSS","M","?","?","$","?","R","E","R","T","?","M","E","M","M","R","BOSS"],"build_version":"2018-08-09","purchased_purges":0,"victory":true,"max_hp_per_floor":[70,70,70,70,70,70,70,70,70,70,70,70,70,70,70,70,70,70,70,70,70,70,80,80,80,80,80,80,80,80,80,80,80,80,80,80,80,80,80,80,80,80,80,80,80,80,80,80,80,80],"card_choices":[{"not_picked":["Dagger Spray","Outmaneuver"],"picked":"Poisoned Stab","floor":1},{"not_picked":["Blade Dance","Dagger Spray"],"picked":"Backstab","floor":3},{"not_picked":["Outmaneuver","Setup"],"picked":"Dash","floor":6},{"not_picked":["All Out Attack","Slice"],"picked":"Dodge and Roll","floor":8},{"not_picked":["Infinite Blades","Poisoned Stab"],"picked":"Backflip","floor":10},{"not_picked":["Expertise","Eviscerate"],"picked":"After Image","floor":13},{"not_picked":["Die Die Die","Phantasmal Killer"],"picked":"Venomology","floor":16},{"not_picked":["Slice","Prepared"],"picked":"Masterful Stab","floor":18},{"not_picked":["Outmaneuver","Deflect"],"picked":"Well Laid Plans+1","floor":19},{"not_picked":["Deflect","Slice"],"picked":"Backflip","floor":22},{"not_picked":["Choke","Bane"],"picked":"Caltrops","floor":23},{"not_picked":["Tactician","Caltrops"],"picked":"Tools of the Trade","floor":24},{"not_picked":["Sucker Punch","Dagger Spray"],"picked":"Cloak And Dagger","floor":27},{"not_picked":["Poisoned Stab","Slice"],"picked":"Skewer","floor":30},{"not_picked":["Blade Dance","Cloak And Dagger+1"],"picked":"Dodge and Roll+1","floor":31},{"not_picked":["Die Die Die","Envenom"],"picked":"Adrenaline","floor":33},{"not_picked":["Outmaneuver+1","Slice"],"picked":"Concentrate+1","floor":35},{"not_picked":["Transmutation","Panacea"],"picked":"Secret Weapon","floor":37},{"not_picked":["Dramatic Entrance","Flash of Steel"],"picked":"Good Instincts","floor":37},{"not_picked":["Trip","Good Instincts"],"picked":"Secret Technique","floor":37},{"not_picked":["Deflect","Slice+1"],"picked":"Flying Knee+1","floor":44},{"not_picked":["Bane","Setup"],"picked":"Quick Slash+1","floor":45},{"not_picked":["Setup+1","Dagger Spray+1"],"picked":"Leg Sweep","floor":46},{"not_picked":["Underhanded Strike+1","Malaise"],"picked":"PiercingWail","floor":47},{"not_picked":["Cloak And Dagger+1","Sucker Punch"],"picked":"PiercingWail+1","floor":48}],"player_experience":182583,"relics_obtained":[{"floor":6,"key":"Orichalcum"},{"floor":9,"key":"Anchor"},{"floor":10,"key":"The Specimen"},{"floor":23,"key":"Pear"},{"floor":24,"key":"Red Mask"},{"floor":26,"key":"Art of War"},{"floor":27,"key":"Ancient Tea Set"},{"floor":30,"key":"Lantern"},{"floor":43,"key":"Oddly Smooth Stone"},{"floor":44,"key":"Tough Bandages"},{"floor":46,"key":"MawBank"}],"event_choices":[{"event_name":"Liars Game","player_choice":"agreed","floor":2,"damage_taken":0},{"event_name":"Purifier","player_choice":"One Purge","floor":5,"damage_taken":0},{"event_name":"Shining Light","player_choice":"Entered Light","floor":12,"damage_taken":0},{"event_name":"The Lab","player_choice":"Got Potions","floor":21,"damage_taken":0},{"event_name":"Masked Bandits","player_choice":"Fought Bandits","floor":24,"damage_taken":0},{"event_name":"Nest","player_choice":"Joined the Cult","floor":29,"damage_taken":0},{"event_name":"Wheel of Change","player_choice":"Gold","floor":36,"damage_taken":0},{"event_name":"SensoryStone","player_choice":"Memory 3","floor":37,"damage_taken":0},{"event_name":"Purifier","player_choice":"Skipped","floor":39,"damage_taken":0},{"event_name":"Mysterious Sphere","player_choice":"Fight","floor":44,"damage_taken":0}],"is_beta":false,"boss_relics":[{"not_picked":["Astrolabe","Eternal Feather"],"picked":"Pandora\u0027s Box"},{"not_picked":["Sozu","Velvet Choker"],"picked":"White Beast Statue"}],"items_purged_floors":[],"is_endless":false,"potions_floor_spawned":[1,6,8,19,23,27,30,35,41,44,45,46,47,48],"ascension_level":0}