{"gold_per_floor":[118,195,212,229,242,242,272,284,284,284,359,359,102,121,121,250,250,270,195,195,216,241,241,163,163],"floor_reached":25,"playtime":1120,"items_purged":["Injury"],"score":251,"play_id":"66ea9388-66e4-41fa-9b5f-f578dadf12e6","local_time":"20190521110320","is_ascension_mode":true,"campfire_choices":[{"data":"Seeing Red","floor":6,"key":"SMITH"},{"floor":12,"key":"REST"},{"data":"Body Slam","floor":15,"key":"SMITH"},{"data":"Body Slam","floor":23,"key":"SMITH"}],"neow_cost":"TEN_PERCENT_HP_LOSS","seed_source_timestamp":85672911955190,"circlet_count":0,"master_deck":["Strike_R","Strike_R","Strike_R","Strike_R","Strike_R","Defend_R","Defend_R","Defend_R","Defend_R","Bash","Heavy Blade","Shrug It Off","Seeing Red+1","Body Slam+1","Metallicize","Shrug It Off","Body Slam+1","Armaments","Impervious","Injury","Doubt","Ghostly Armor","Inflame"],"relics":["Burning Blood","Mango","Odd Mushroom","Mercury Hourglass","Golden Idol","Calling Bell","Potion Belt","Mummified Hand","Dead Branch"],"potions_floor_usage":[],"damage_taken":[{"damage":10,"enemies":"2 Louse","floor":1,"turns":2},{"damage":10,"enemies":"Small Slimes","floor":3,"turns":3},{"damage":2,"enemies":"Cultist","floor":4,"turns":4},{"damage":16,"enemies":"Blue Slaver","floor":5,"turns":4},{"damage":33,"enemies":"The Mushroom Lair","floor":7,"turns":5},{"damage":0,"enemies":"Large Slime","floor":8,"turns":4},{"damage":3,"enemies":"2 Fungi Beasts","floor":14,"turns":3},{"damage":50,"enemies":"The Guardian","floor":16,"turns":14},{"damage":21,"enemies":"Chosen","floor":18,"turns":6},{"damage":15,"enemies":"Shell Parasite","floor":21,"turns":4},{"damage":33,"enemies":"Chosen and Byrds","floor":22,"turns":7},{"damage":22,"enemies":"3 Cultists","floor":25,"turns":4}],"seed_played":"-3168039751357093402","potions_obtained":[{"floor":5,"key":"Ancient Potion"},{"floor":8,"key":"Ancient Potion"},{"floor":16,"key":"SteroidPotion"}],"is_trial":false,"path_per_floor":["M","?","M","M","M","R","?","M","T","?","?","R","$","M","R","B",null,"M","?","?","M","M","R","$","M"],"character_chosen":"IRONCLAD","items_purchased":["Metallicize","Shrug It Off","Body Slam","Inflame"],"campfire_rested":1,"item_purchase_floors":[13,13,13,24],"current_hp_per_floor":[82,82,78,82,72,72,45,51,51,51,40,65,65,68,68,24,71,56,56,56,47,20,20,20,0],"gold":163,"neow_bonus":"ONE_RARE_RELIC","is_prod":false,"is_daily":false,"chose_seed":false,"campfire_upgraded":3,"win_rate":0,"timestamp":1558451000,"path_taken":["M","?","M","M","M","R","?","M","T","?","?","R","$","M","R","BOSS","M","?","?","M","M","R","$","?"],"build_version":"2019-01-23","purchased_purges":1,"victory":false,"max_hp_per_floor":[86,86,86,86,86,86,86,86,86,86,86,86,86,86,86,86,86,86,86,86,86,86,86,86,86],"card_choices":[{"not_picked":["Shrug It Off","Sword Boomerang"],"picked":"Heavy Blade","floor":1},{"not_picked":["Iron Wave","Pummel"],"picked":"Shrug It Off","floor":3},{"not_picked":["Blood for Blood","Shockwave"],"picked":"Seeing Red","floor":4},{"not_picked":["True Grit","Berserk"],"picked":"Body Slam","floor":5},{"not_picked":["Clothesline","Uppercut","Wild Strike"],"picked":"SKIP","floor":8},{"not_picked":["Wild Strike","Fire Breathing"],"picked":"Armaments","floor":14},{"not_picked":["Feed","Exhume"],"picked":"Impervious","floor":16},{"not_picked":["Havoc","Sentinel","Clothesline"],"picked":"SKIP","floor":18},{"not_picked":["Intimidate","Carnage+1"],"picked":"Ghostly Armor","floor":21},{"not_picked":["Fire Breathing","Disarm","Iron Wave"],"picked":"SKIP","floor":22}],"player_experience":1014824,"relics_obtained":[{"floor":7,"key":"Odd Mushroom"},{"floor":9,"key":"Mercury Hourglass"},{"floor":17,"key":"Potion Belt"},{"floor":17,"key":"Mummified Hand"},{"floor":17,"key":"Dead Branch"}],"event_choices":[{"damage_healed":0,"gold_gain":77,"player_choice":"Gained Gold","damage_taken":0,"max_hp_gain":0,"max_hp_loss":0,"event_name":"Golden Wing","floor":2,"gold_loss":0},{"damage_healed":0,"gold_gain":0,"player_choice":"Fought Mushrooms","damage_taken":0,"max_hp_gain":0,"max_hp_loss":0,"event_name":"Mushrooms","floor":7,"gold_loss":0},{"damage_healed":0,"gold_gain":0,"player_choice":"Take Wound","damage_taken":0,"relics_obtained":["Golden Idol"],"max_hp_gain":0,"max_hp_loss":0,"event_name":"Golden Idol","floor":10,"gold_loss":0,"cards_obtained":["Injury"]},{"damage_healed":0,"gold_gain":75,"player_choice":"Gather Gold","damage_taken":11,"max_hp_gain":0,"max_hp_loss":0,"event_name":"World of Goop","floor":11,"gold_loss":0},{"cards_removed":["Doubt"],"damage_healed":0,"gold_gain":0,"player_choice":"Gave Gold","damage_taken":0,"max_hp_gain":0,"max_hp_loss":0,"event_name":"Beggar","floor":19,"gold_loss":75},{"damage_healed":0,"gold_gain":0,"player_choice":"Bought 0 Potions","damage_taken":0,"max_hp_gain":0,"max_hp_loss":0,"event_name":"The Woman in Blue","floor":20,"gold_loss":0}],"is_beta":false,"boss_relics":[{"not_picked":["Lizard Tail","Snecko Eye"],"picked":"Calling Bell"}],"items_purged_floors":[13],"is_endless":false,"potions_floor_spawned":[5,8,16],"killed_by":"3 Cultists","ascension_level":6}