{"gold_per_floor":[119,194,194,119,44,44,80,80,105,140,140,160,176,201,201,295,295,318,318,318,337,40,40,55,74,98,98,98,98,98,112,112,211,211,225,100,1099,1099,1117,1117,1156,1156,1182,1215,1215,1228,1251,440,440,440,440,440,440,93,129,129],"floor_reached":57,"playtime":1559,"items_purged":["Strike_R","Strike_R","Sword Boomerang+1","Defend_R"],"score":2832,"play_id":"080a91b1-61ef-417a-b07c-3d1af0559ce8","local_time":"20190528011854","is_ascension_mode":true,"campfire_choices":[{"data":"Searing Blow","floor":6.0,"key":"SMITH"},{"data":"Searing Blow+1","floor":8.0,"key":"SMITH"},{"data":"Searing Blow+2","floor":11.0,"key":"SMITH"},{"data":"Searing Blow+3","floor":15.0,"key":"SMITH"},{"data":"Armaments","floor":23.0,"key":"SMITH"},{"data":"Searing Blow+4","floor":27.0,"key":"SMITH"},{"data":"Searing Blow+5","floor":29.0,"key":"SMITH"},{"data":"Searing Blow+6","floor":32.0,"key":"SMITH"},{"data":"Searing Blow+7","floor":40,"key":"SMITH"},{"data":"Searing Blow+8","floor":42,"key":"SMITH"},{"data":"Searing Blow+9","floor":45,"key":"SMITH"},{"floor":49,"key":"RECALL"},{"data":"Searing Blow+10","floor":53,"key":"SMITH"}],"neow_cost":"NONE","seed_source_timestamp":196143490943606,"circlet_count":0,"master_deck":["AscendersBane","Defend_R","Searing Blow+11","Evolve","Feel No Pain","Body Slam+1","Feed+1","Disarm","Shockwave","Armaments+1","Second Wind","Offering","Berserk+1","Exhume+1","Battle Trance","Feel No Pain","Power Through"],"special_seed":0,"relics":["Burning Blood","NeowsBlessing","Golden Idol","Molten Egg 2","Singing Bowl","Runic Dome","Omamori","Art of War","Astrolabe","Mummified Hand","Boot","Bottled Flame","Lantern","DollysMirror","Orichalcum","Sundial","Champion Belt"],"potions_floor_usage":[35,41,51,56,56],"damage_taken":[{"damage":0.0,"enemies":"Small Slimes","floor":1.0,"turns":1.0},{"damage":0.0,"enemies":"Lagavulin","floor":7.0,"turns":1.0},{"damage":0.0,"enemies":"3 Sentries","floor":10.0,"turns":1.0},{"damage":29.0,"enemies":"Jaw Worm","floor":12.0,"turns":4.0},{"damage":6.0,"enemies":"2 Louse","floor":13.0,"turns":3.0},{"damage":17.0,"enemies":"Looter","floor":14.0,"turns":3.0},{"damage":27.0,"enemies":"Hexaghost","floor":16.0,"turns":7.0},{"damage":17.0,"enemies":"2 Thieves","floor":18.0,"turns":4.0},{"damage":3.0,"enemies":"Chosen","floor":21.0,"turns":5.0},{"damage":16.0,"enemies":"Centurion and Healer","floor":24.0,"turns":8.0},{"damage":16.0,"enemies":"Snake Plant","floor":25.0,"turns":4.0},{"damage":12.0,"enemies":"3 Cultists","floor":31.0,"turns":5.0},{"damage":28,"enemies":"Champ","floor":33,"turns":8},{"damage":29,"enemies":"3 Darklings","floor":35,"turns":7},{"damage":6,"enemies":"3 Shapes","floor":39,"turns":4},{"damage":16,"enemies":"Reptomancer","floor":41,"turns":2},{"damage":12,"enemies":"Giant Head","floor":44,"turns":3},{"damage":6,"enemies":"Transient","floor":46,"turns":6},{"damage":0,"enemies":"Sphere and 2 Shapes","floor":47,"turns":4},{"damage":14,"enemies":"Time Eater","floor":50,"turns":4},{"damage":36,"enemies":"Awakened One","floor":51,"turns":5},{"damage":38,"enemies":"Shield and Spear","floor":55,"turns":5},{"damage":17,"enemies":"The Heart","floor":56,"turns":5}],"seed_played":"7740260697234102233","potions_obtained":[{"floor":13.0,"key":"PowerPotion"},{"floor":14.0,"key":"Fire Potion"},{"floor":24.0,"key":"AttackPotion"},{"floor":25.0,"key":"Fire Potion"},{"floor":33,"key":"Fire Potion"},{"floor":35,"key":"Regen Potion"},{"floor":39,"key":"SkillPotion"},{"floor":41,"key":"GamblersBrew"},{"floor":55,"key":"Swift Potion"}],"is_trial":false,"path_per_floor":["M","?","?","?","$","R","E","R","T","E","R","M","M","M","R","B",null,"M","?","?","M","$","R","M","M","T","R","?","R","$","M","R","B",null,"M","$","?","?","M","R","E","R","T","E","R","M","M","$","R","B","B",null,"R","$","E","B",null],"character_chosen":"IRONCLAD","items_purchased":["Armaments","Omamori","Lantern","DollysMirror","Swift Potion","Weak Potion","Orichalcum","Power Through","Sundial"],"campfire_rested":0,"item_purchase_floors":[22,22,48,48,48,48,48,54,54],"current_hp_per_floor":[74,63,63,63,63,63,68,68,68,70,70,49,49,38,38,17,58,51,51,51,58,58,58,50,46,46,46,46,46,46,40,40,18,71,50,50,50,50,50,50,42,42,42,42,42,44,56,56,56,48,18,80,80,80,54,43],"gold":129,"neow_bonus":"THREE_ENEMY_KILL","is_prod":false,"is_daily":false,"chose_seed":false,"campfire_upgraded":12,"win_rate":0,"timestamp":1558977534,"path_taken":["M","?","?","?","$","R","E","R","T","E","R","M","M","M","R","BOSS","M","?","?","M","?","R","?","M","T","R","?","R","?","M","R","BOSS","M","$","?","?","M","R","E","R","T","E","R","M","M","?","R","BOSS","BOSS","R","$","E","BOSS"],"build_version":"2019-01-23","purchased_purges":4,"victory":true,"max_hp_per_floor":[75,75,68,68,68,68,68,68,68,70,70,72,72,72,72,72,72,76,76,76,80,80,80,82,88,88,88,88,88,88,88,88,88,88,90,90,90,85,85,85,87,87,87,93,93,95,101,101,101,101,101,101,101,101,107,107],"card_choices":[{"not_picked":["Cleave","Rampage"],"picked":"Searing Blow","floor":1.0},{"not_picked":["Hemokinesis","Combust"],"picked":"Evolve","floor":7.0},{"not_picked":["Cleave+1","Warcry","Brutality"],"picked":"Singing Bowl","floor":10.0},{"not_picked":["Iron Wave+1","Corruption","Flex"],"picked":"Singing Bowl","floor":12.0},{"not_picked":["Clash+1","Headbutt+1"],"picked":"Feel No Pain","floor":13.0},{"not_picked":["Wild Strike+1","Flame Barrier"],"picked":"Body Slam+1","floor":14.0},{"not_picked":["Juggernaut","Bludgeon+1"],"picked":"Feed+1","floor":16.0},{"not_picked":["Warcry","Pummel+1"],"picked":"Disarm","floor":18.0},{"not_picked":["Heavy Blade+1","Headbutt+1"],"picked":"Shockwave","floor":21.0},{"not_picked":["Twin Strike+1","Ghostly Armor","Headbutt+1"],"picked":"Singing Bowl","floor":24.0},{"not_picked":["Havoc","Headbutt+1","Searing Blow+1"],"picked":"Singing Bowl","floor":25.0},{"not_picked":["Heavy Blade+1","Cleave+1"],"picked":"Second Wind","floor":31.0},{"not_picked":["Berserk","Double Tap"],"picked":"Offering","floor":33},{"not_picked":["Body Slam+1","Pummel+1","Burning Pact"],"picked":"Singing Bowl","floor":35},{"not_picked":["Shockwave","Wild Strike+1"],"picked":"Battle Trance","floor":39},{"not_picked":["Intimidate+1","Sword Boomerang+1","Ghostly Armor"],"picked":"Singing Bowl","floor":41},{"not_picked":["Anger+1","Cleave+1","Havoc"],"picked":"Singing Bowl","floor":44},{"not_picked":["Spot Weakness","Iron Wave+1","Wild Strike+1"],"picked":"Singing Bowl","floor":46},{"not_picked":["Twin Strike+1","Cleave+1","Sword Boomerang+1"],"picked":"Singing Bowl","floor":47},{"not_picked":["Havoc","Armaments","Rage"],"picked":"Singing Bowl","floor":55}],"player_experience":1779467,"relics_obtained":[{"floor":7.0,"key":"Molten Egg 2"},{"floor":10.0,"key":"Singing Bowl"},{"floor":26.0,"key":"Art of War"},{"floor":41,"key":"Mummified Hand"},{"floor":43,"key":"Boot"},{"floor":44,"key":"Bottled Flame"},{"floor":55,"key":"Champion Belt"}],"event_choices":[{"damage_healed":0.0,"max_hp_gain":0.0,"max_hp_loss":0.0,"gold_gain":75.0,"event_name":"World of Goop","player_choice":"Gather Gold","floor":2.0,"gold_loss":0.0,"damage_taken":11.0},{"damage_healed":0.0,"max_hp_gain":0.0,"max_hp_loss":7.0,"gold_gain":0.0,"event_name":"Golden Idol","player_choice":"Lose Max HP","floor":3.0,"gold_loss":0.0,"damage_taken":0.0,"relics_obtained":["Golden Idol"]},{"cards_removed":["Strike_R"],"damage_healed":0.0,"max_hp_gain":0.0,"max_hp_loss":0.0,"gold_gain":0.0,"event_name":"The Cleric","player_choice":"Card Removal","floor":4.0,"gold_loss":75.0,"damage_taken":0.0},{"cards_removed":["Strike_R"],"damage_healed":0.0,"max_hp_gain":0.0,"max_hp_loss":0.0,"gold_gain":0.0,"event_name":"Back to Basics","player_choice":"Elegance","floor":19.0,"gold_loss":0.0,"damage_taken":0.0},{"damage_healed":0.0,"max_hp_gain":0.0,"max_hp_loss":0.0,"gold_gain":0.0,"event_name":"Ghosts","player_choice":"Ignored","floor":20.0,"gold_loss":0.0,"damage_taken":0.0},{"cards_removed":["Strike_R"],"damage_healed":0.0,"max_hp_gain":0.0,"max_hp_loss":0.0,"gold_gain":0.0,"event_name":"Wheel of Change","player_choice":"Card Removal","floor":28.0,"gold_loss":0.0,"damage_taken":0.0},{"damage_healed":0,"gold_gain":999,"player_choice":"Gold","damage_taken":0,"max_hp_gain":0,"max_hp_loss":0,"event_name":"MindBloom","floor":37,"gold_loss":0,"cards_obtained":["Normality","Normality"]},{"damage_healed":0,"gold_gain":0,"player_choice":"Max HP","damage_taken":0,"max_hp_gain":0,"max_hp_loss":5,"event_name":"Winding Halls","floor":38,"gold_loss":0}],"is_beta":false,"boss_relics":[{"not_picked":["Black Blood","Calling Bell"],"picked":"Runic Dome"},{"not_picked":["White Beast Statue","Philosopher\u0027s Stone"],"picked":"Astrolabe"}],"items_purged_floors":[5,22,36,48],"is_endless":false,"potions_floor_spawned":[13,14,24,25,33,35,39,41,46,55],"ascension_level":20}