{"gold_per_floor":[111,35,35,66,11,11,37,37,63,90,53,88,98,108,108,211,211,225,225,12,12,12,12,42,55,136,171,183,201,227,227,227,326,326,338,358,48,99,111,111,111,111,162,162,181,181,199,199,199,199],"floor_reached":50,"playtime":2843,"items_purged":[],"score":741,"play_id":"e9787c43-4a74-4fad-b96a-6e828769c770","local_time":"20190805175135","is_ascension_mode":true,"campfire_choices":[{"data":"Armaments","floor":6,"key":"SMITH"},{"data":"Shockwave","floor":15,"key":"SMITH"},{"floor":23,"key":"RECALL"},{"floor":32,"key":"REST"},{"floor":40,"key":"DIG"},{"floor":46,"key":"DIG"},{"floor":49,"key":"DIG"}],"neow_cost":"NONE","seed_source_timestamp":54763612225400,"circlet_count":0,"master_deck":["Strike_R+1","Strike_R+1","Strike_R+1","Strike_R+1","Strike_R+1","Defend_R+1","Defend_R+1","Defend_R+1","Defend_R+1","Bash","Armaments+1","Shockwave+1","Shrug It Off","Rage","Reaper","Flame Barrier","Hemokinesis","Cleave","Demon Form","Heavy Blade+1","Panache","Reaper","Infernal Blade","Twin Strike+1","Carnage+1","Clothesline+1","Necronomicurse","Reaper","Flex+1","Twin Strike+1","Bludgeon","Madness","Madness","Flex+1","Clash+1","Feed"],"relics":["Burning Blood","NeowsBlessing","MawBank","Art of War","Centennial Puzzle","Blood Vial","Whetstone","Juzu Bracelet","Fusion Hammer","Orichalcum","Bottled Tornado","Red Skull","Ancient Tea Set","Necronomicon","White Beast Statue","Shovel","Prayer Wheel","Bag of Preparation","Boot","Mummified Hand","Oddly Smooth Stone"],"potions_floor_usage":[10,24,25,25,25,27,29,36,38,38,39,41,41,50,50],"damage_taken":[{"damage":0,"enemies":"Cultist","floor":1,"turns":1},{"damage":0,"enemies":"Small Slimes","floor":4,"turns":1},{"damage":0,"enemies":"3 Sentries","floor":7,"turns":2},{"damage":51,"enemies":"Gremlin Nob","floor":10,"turns":6},{"damage":21,"enemies":"Lagavulin","floor":12,"turns":9},{"damage":3,"enemies":"2 Louse","floor":13,"turns":2},{"damage":1,"enemies":"Exordium Wildlife","floor":14,"turns":5},{"damage":42,"enemies":"The Guardian","floor":16,"turns":13},{"damage":4,"enemies":"3 Byrds","floor":18,"turns":5},{"damage":49,"enemies":"Gremlin Leader","floor":24,"turns":5},{"damage":21,"enemies":"2 Thieves","floor":25,"turns":5},{"damage":25,"enemies":"Slavers","floor":27,"turns":5},{"damage":7,"enemies":"Centurion and Healer","floor":28,"turns":6},{"damage":27,"enemies":"Snecko","floor":29,"turns":5},{"damage":42,"enemies":"Collector","floor":33,"turns":6},{"damage":3,"enemies":"Orb Walker","floor":35,"turns":2},{"damage":16,"enemies":"3 Shapes","floor":36,"turns":3},{"damage":29,"enemies":"2 Orb Walkers","floor":38,"turns":4},{"damage":27,"enemies":"Transient","floor":39,"turns":5},{"damage":76,"enemies":"Reptomancer","floor":41,"turns":3},{"damage":19,"enemies":"Sphere and 2 Shapes","floor":45,"turns":3},{"damage":0,"enemies":"3 Darklings","floor":47,"turns":2},{"damage":121,"enemies":"Awakened One","floor":50,"turns":8}],"seed_played":"2920774103728062266","potions_obtained":[{"floor":4,"key":"SteroidPotion"},{"floor":16,"key":"BloodPotion"},{"floor":24,"key":"EntropicBrew"},{"floor":28,"key":"Swift Potion"},{"floor":33,"key":"Explosive Potion"},{"floor":35,"key":"Ancient Potion"},{"floor":36,"key":"Energy Potion"},{"floor":38,"key":"AttackPotion"},{"floor":39,"key":"Ancient Potion"},{"floor":45,"key":"EssenceOfSteel"},{"floor":47,"key":"SpeedPotion"}],"is_trial":false,"path_per_floor":["M","$","T","M","$","R","E","?","T","E","$","E","M","M","R","B",null,"M","?","$","?","$","R","E","M","T","E","M","M","T","?","R","B",null,"M","M","$","?","M","R","E","?","T","?","M","R","M","?","R","B"],"character_chosen":"IRONCLAD","items_purchased":["Shockwave","Rage","Hemokinesis","Energy Potion","Panache","Shovel"],"campfire_rested":1,"item_purchase_floors":[2,5,11,20,20,37],"current_hp_per_floor":[78,78,78,80,80,80,80,68,68,38,38,30,47,68,68,40,70,80,80,80,80,80,80,64,80,80,80,80,62,62,46,70,63,76,80,80,80,71,80,80,10,70,70,61,70,70,70,70,70,0],"gold":199,"neow_bonus":"THREE_ENEMY_KILL","is_prod":false,"is_daily":false,"chose_seed":false,"campfire_upgraded":2,"win_rate":0,"timestamp":1565045495,"path_taken":["M","$","?","M","$","R","E","?","T","E","$","E","M","M","R","BOSS","M","?","$","?","?","R","E","M","T","E","M","M","?","?","R","BOSS","M","M","$","?","M","R","E","?","T","?","M","R","M","?","R","BOSS"],"build_version":"2019-07-17","purchased_purges":0,"victory":false,"max_hp_per_floor":[80,80,80,80,80,80,80,80,80,80,80,80,80,80,80,80,80,80,80,80,80,80,80,80,80,80,80,80,80,80,80,80,80,80,80,80,80,80,80,80,80,70,70,70,70,70,70,70,70,70],"card_choices":[{"not_picked":["Clash","Twin Strike"],"picked":"Armaments","floor":1},{"not_picked":["Blood for Blood","Hemokinesis"],"picked":"Shrug It Off","floor":4},{"not_picked":["Feel No Pain","Heavy Blade"],"picked":"Reaper","floor":7},{"not_picked":["Wild Strike","Carnage"],"picked":"Flame Barrier","floor":10},{"not_picked":["Sword Boomerang","Warcry","Headbutt"],"picked":"SKIP","floor":12},{"not_picked":["True Grit","Sever Soul","Armaments"],"picked":"SKIP","floor":13},{"not_picked":["Hemokinesis","Iron Wave"],"picked":"Cleave","floor":14},{"not_picked":["Impervious","Exhume"],"picked":"Demon Form","floor":16},{"not_picked":["Spot Weakness","Burning Pact+1"],"picked":"Heavy Blade+1","floor":18},{"not_picked":["Corruption+1","Wild Strike"],"picked":"Reaper","floor":24},{"not_picked":["Clash","Pummel+1"],"picked":"Infernal Blade","floor":25},{"not_picked":["Juggernaut","Combust"],"picked":"Twin Strike+1","floor":27},{"not_picked":["Heavy Blade+1","Thunderclap"],"picked":"Carnage+1","floor":28},{"not_picked":["Shrug It Off","Pommel Strike"],"picked":"Clothesline+1","floor":29},{"not_picked":["Berserk","Offering"],"picked":"Reaper","floor":33},{"not_picked":["Entrench","Perfected Strike"],"picked":"Carnage+1","floor":35},{"not_picked":["Headbutt+1","Thunderclap+1"],"picked":"Flex+1","floor":36},{"not_picked":["Perfected Strike","True Grit+1"],"picked":"Twin Strike+1","floor":38},{"not_picked":["Rage+1","Armaments"],"picked":"Bludgeon","floor":39},{"not_picked":["Warcry+1","Wild Strike","Havoc"],"picked":"SKIP","floor":39},{"not_picked":["Reckless Charge+1","Clash"],"picked":"Flex+1","floor":45},{"not_picked":["Twin Strike+1","Warcry+1"],"picked":"Clash+1","floor":45},{"not_picked":["Iron Wave+1","Reckless Charge+1"],"picked":"Feed","floor":47},{"not_picked":["Armaments","Headbutt+1","Perfected Strike+1"],"picked":"SKIP","floor":47}],"player_experience":236083,"relics_obtained":[{"floor":3,"key":"MawBank"},{"floor":7,"key":"Art of War"},{"floor":9,"key":"Blood Vial"},{"floor":10,"key":"Whetstone"},{"floor":12,"key":"Juzu Bracelet"},{"floor":24,"key":"Orichalcum"},{"floor":26,"key":"Bottled Tornado"},{"floor":27,"key":"Red Skull"},{"floor":30,"key":"Ancient Tea Set"},{"floor":31,"key":"Necronomicon"},{"floor":38,"key":"Prayer Wheel"},{"floor":40,"key":"Bag of Preparation"},{"floor":43,"key":"Boot"},{"floor":46,"key":"Mummified Hand"},{"floor":49,"key":"Oddly Smooth Stone"}],"event_choices":[{"damage_healed":0,"gold_gain":0,"player_choice":"Success","damage_taken":12,"relics_obtained":["Centennial Puzzle"],"max_hp_gain":0,"max_hp_loss":0,"event_name":"Scrap Ooze","floor":8,"gold_loss":0},{"damage_healed":0,"gold_gain":0,"player_choice":"Ignored","damage_taken":0,"max_hp_gain":0,"max_hp_loss":0,"event_name":"Beggar","floor":19,"gold_loss":0},{"damage_healed":0,"gold_gain":0,"player_choice":"Simplicity","damage_taken":0,"max_hp_gain":0,"max_hp_loss":0,"event_name":"Back to Basics","floor":21,"gold_loss":0,"cards_upgraded":["Strike_R","Strike_R","Strike_R","Defend_R","Defend_R","Defend_R","Defend_R"]},{"damage_healed":0,"gold_gain":0,"player_choice":"Obtained Book","damage_taken":16,"max_hp_gain":0,"max_hp_loss":0,"event_name":"Cursed Tome","floor":31,"gold_loss":0},{"damage_healed":0,"gold_gain":0,"player_choice":"Fight","damage_taken":0,"max_hp_gain":0,"max_hp_loss":0,"event_name":"Mysterious Sphere","floor":38,"gold_loss":0},{"damage_healed":70,"gold_gain":0,"player_choice":"Heal","damage_taken":0,"max_hp_gain":0,"max_hp_loss":10,"event_name":"The Moai Head","floor":42,"gold_loss":0},{"damage_healed":0,"gold_gain":0,"player_choice":"Embrace Madness","damage_taken":9,"max_hp_gain":0,"max_hp_loss":0,"event_name":"Winding Halls","floor":44,"gold_loss":0,"cards_obtained":["Madness","Madness"]},{"cards_removed":["Carnage"],"damage_healed":0,"gold_gain":0,"player_choice":"Removed Attack","damage_taken":0,"max_hp_gain":0,"max_hp_loss":0,"event_name":"Falling","floor":48,"gold_loss":0}],"is_beta":false,"boss_relics":[{"not_picked":["Orrery","Runic Cube"],"picked":"Fusion Hammer"},{"not_picked":["Runic Dome","Mark of Pain"],"picked":"White Beast Statue"}],"items_purged_floors":[],"is_endless":false,"potions_floor_spawned":[4,10,16,24,28,33,35,36,38,39,41,45,47],"killed_by":"Awakened One","ascension_level":6}