{"gold_per_floor":[110,35,35,35,53,53,33,33,79,109,34,48,59,73,73,150,200,211,126,142,142,67,67,143,143,143,143],"floor_reached":27,"playtime":726,"items_purged":["Strike_G"],"score":418,"play_id":"6c34e7e2-3963-4cfa-9e76-8e873e66cc34","local_time":"20190604210138","is_ascension_mode":true,"campfire_choices":[{"data":"Neutralize","floor":6.0,"key":"SMITH"},{"data":"Terror","floor":8.0,"key":"SMITH"},{"data":"Noxious Fumes","floor":15.0,"key":"SMITH"},{"data":"Calculated Gamble","floor":23.0,"key":"SMITH"},{"floor":25.0,"key":"REST"}],"neow_cost":"NONE","seed_source_timestamp":192526878756573,"circlet_count":0,"master_deck":["AscendersBane","Defend_G","Defend_G","Defend_G","Defend_G","Defend_G","Strike_G+1","Strike_G","Survivor","Neutralize+1","Terror+1","Tools of the Trade","Calculated Gamble+1","Noxious Fumes+1","Corpse Explosion"],"special_seed":0,"relics":["Runic Pyramid","Art of War","Darkstone Periapt","Tiny House","Kunai","Sundial"],"potions_floor_usage":[27],"damage_taken":[{"damage":0.0,"enemies":"Jaw Worm","floor":1.0,"turns":6.0},{"damage":1.0,"enemies":"Cultist","floor":5.0,"turns":4.0},{"damage":7.0,"enemies":"Lagavulin","floor":10.0,"turns":8.0},{"damage":6.0,"enemies":"2 Louse","floor":12.0,"turns":3.0},{"damage":12.0,"enemies":"Gremlin Gang","floor":13.0,"turns":5.0},{"damage":12.0,"enemies":"Lots of Slimes","floor":14.0,"turns":5.0},{"damage":19.0,"enemies":"Slime Boss","floor":16.0,"turns":12.0},{"damage":18.0,"enemies":"3 Byrds","floor":18.0,"turns":3.0},{"damage":10.0,"enemies":"Spheric Guardian","floor":20.0,"turns":4.0},{"damage":67,"enemies":"Slavers","floor":27,"turns":3}],"seed_played":"-7264155021041540282","potions_obtained":[{"floor":1.0,"key":"AttackPotion"},{"floor":7.0,"key":"AttackPotion"},{"floor":14.0,"key":"Poison Potion"},{"floor":17.0,"key":"Regen Potion"}],"is_trial":false,"path_per_floor":["M","$","?","$","M","R","?","R","T","E","$","M","M","M","R","B",null,"M","?","M","?","?","R","T","R","T","E"],"character_chosen":"THE_SILENT","items_purchased":["Calculated Gamble"],"campfire_rested":1,"item_purchase_floors":[11],"current_hp_per_floor":[59,59,59,59,58,58,58,58,58,51,51,45,33,21,21,2,55,37,37,27,27,27,27,27,48,48,0],"gold":143,"neow_bonus":"BOSS_RELIC","is_prod":false,"is_daily":false,"chose_seed":false,"campfire_upgraded":4,"win_rate":0,"timestamp":1559653298,"path_taken":["M","$","?","?","M","R","?","R","T","E","$","?","M","?","R","BOSS","M","?","M","?","?","R","?","R","T","E"],"build_version":"2019-01-23","purchased_purges":1,"victory":false,"max_hp_per_floor":[66,66,66,66,66,66,66,66,66,66,66,66,66,66,66,66,71,71,71,71,71,71,71,71,71,71,71],"card_choices":[{"not_picked":["Distraction","Bane"],"picked":"Terror","floor":1.0},{"not_picked":["Well Laid Plans","Deflect","Quick Slash"],"picked":"SKIP","floor":5.0},{"not_picked":["Distraction","Blade Dance","Doppelganger"],"picked":"SKIP","floor":10.0},{"not_picked":["Slice","Sucker Punch"],"picked":"Noxious Fumes","floor":12.0},{"not_picked":["Riddle With Holes","Outmaneuver","Dagger Throw"],"picked":"SKIP","floor":13.0},{"not_picked":["Blade Dance","Cloak And Dagger","Distraction"],"picked":"SKIP","floor":14.0},{"not_picked":["Wraith Form v2","Unload"],"picked":"Corpse Explosion","floor":16.0},{"not_picked":["Dagger Throw+1","Choke","Bane"],"picked":"SKIP","floor":18.0},{"not_picked":["Caltrops","Sucker Punch","Deflect"],"picked":"SKIP","floor":20.0}],"player_experience":1870389,"relics_obtained":[{"floor":9.0,"key":"Art of War"},{"floor":10.0,"key":"Darkstone Periapt"},{"floor":24.0,"key":"Sundial"}],"event_choices":[{"damage_healed":0.0,"max_hp_gain":0.0,"max_hp_loss":0.0,"gold_gain":0.0,"cards_transformed":["Strike_G"],"event_name":"Transmorgrifier","player_choice":"Transformed","floor":3.0,"gold_loss":0.0,"damage_taken":0.0,"cards_obtained":["Tools of the Trade"]},{"damage_healed":0.0,"max_hp_gain":0.0,"max_hp_loss":0.0,"gold_gain":0.0,"event_name":"The Woman in Blue","player_choice":"Bought 1 Potion","floor":7.0,"gold_loss":0.0,"damage_taken":0.0},{"damage_healed":0.0,"max_hp_gain":0.0,"max_hp_loss":0.0,"gold_gain":0.0,"event_name":"Addict","player_choice":"Obtained Relic","floor":19.0,"gold_loss":85.0,"damage_taken":0.0,"relics_obtained":["Kunai"]},{"damage_healed":0.0,"max_hp_gain":0.0,"max_hp_loss":0.0,"gold_gain":0.0,"event_name":"Cursed Tome","player_choice":"Ignored","floor":21.0,"gold_loss":0.0,"damage_taken":0.0},{"cards_removed":["Strike_G"],"damage_healed":0.0,"max_hp_gain":0.0,"max_hp_loss":0.0,"gold_gain":0.0,"event_name":"Beggar","player_choice":"Gave Gold","floor":22.0,"gold_loss":75.0,"damage_taken":0.0}],"is_beta":false,"boss_relics":[{"not_picked":["White Beast Statue","WristBlade"],"picked":"Tiny House"}],"items_purged_floors":[2],"is_endless":false,"potions_floor_spawned":[1,10,12,14],"killed_by":"Slavers","ascension_level":20}