{"gold_per_floor":[113,123,123,48,48,80,98,98,98,98,114,134,164,45,45,121,121,134,34,34,34,47,47],"floor_reached":23,"playtime":513,"items_purged":["Strike_B","Strike_B"],"score":498,"play_id":"76b2152e-07fc-48d5-81dc-27d1755c1834","local_time":"20190523163007","is_ascension_mode":true,"campfire_choices":[{"data":"Zap","floor":8.0,"key":"SMITH"},{"data":"Dualcast","floor":10.0,"key":"SMITH"},{"data":"Sunder","floor":15.0,"key":"SMITH"}],"neow_cost":"NONE","seed_source_timestamp":1127761458497143,"circlet_count":0,"master_deck":["AscendersBane","Strike_B","Defend_B","Defend_B","Defend_B","Defend_B","Zap+1","Dualcast+1","Heatsinks","Turbo","Undo","Ball Lightning","Sunder+1","Skim","Biased Cognition","Capacitor","Meteor Strike","Recycle","White Noise"],"special_seed":0,"relics":["Cracked Core","NeowsBlessing","Shuriken","Lantern","Orichalcum","Unceasing Top","Snecko Eye"],"potions_floor_usage":[23],"damage_taken":[{"damage":0.0,"enemies":"Small Slimes","floor":1.0,"turns":1.0},{"damage":0.0,"enemies":"2 Louse","floor":2.0,"turns":1.0},{"damage":0.0,"enemies":"Lagavulin","floor":6.0,"turns":1.0},{"damage":2.0,"enemies":"Jaw Worm","floor":7.0,"turns":4.0},{"damage":0.0,"enemies":"Blue Slaver","floor":11.0,"turns":3.0},{"damage":2.0,"enemies":"Lots of Slimes","floor":12.0,"turns":3.0},{"damage":0.0,"enemies":"3 Sentries","floor":13.0,"turns":5.0},{"damage":20.0,"enemies":"Slime Boss","floor":16.0,"turns":8.0},{"damage":14.0,"enemies":"Shell Parasite","floor":18.0,"turns":3.0},{"damage":0.0,"enemies":"3 Byrds","floor":22.0,"turns":3.0},{"damage":18,"enemies":"Slavers","floor":23,"turns":4}],"seed_played":"-6631630195690693859","potions_obtained":[{"floor":1.0,"key":"SpeedPotion"},{"floor":2.0,"key":"AttackPotion"},{"floor":16.0,"key":"Block Potion"}],"is_trial":false,"path_per_floor":["M","M","?","?","$","E","M","R","T","R","M","M","E","$","R","B",null,"M","$","$","?","M","E"],"character_chosen":"DEFECT","items_purchased":["Capacitor"],"campfire_rested":0,"item_purchase_floors":[14],"current_hp_per_floor":[64,64,29,29,29,29,27,27,27,27,27,25,25,25,25,5,55,41,41,41,41,41,23],"gold":47,"neow_bonus":"THREE_ENEMY_KILL","is_prod":false,"is_daily":false,"chose_seed":false,"campfire_upgraded":3,"win_rate":0,"timestamp":1558600207,"path_taken":["M","M","?","?","?","E","M","R","T","R","M","M","E","?","R","BOSS","M","?","$","?","M","E"],"build_version":"2019-01-23","purchased_purges":2,"victory":false,"max_hp_per_floor":[71,71,71,71,71,71,71,71,71,71,71,71,71,71,71,71,71,71,71,71,71,71,71],"card_choices":[{"not_picked":["Hello World","Aggregate"],"picked":"Heatsinks","floor":1.0},{"not_picked":["Reinforced Body","Stack"],"picked":"Turbo","floor":2.0},{"not_picked":["Steam Power","Amplify"],"picked":"Undo","floor":6.0},{"not_picked":["Gash","Redo"],"picked":"Ball Lightning","floor":7.0},{"not_picked":["Steam","Turbo"],"picked":"Sunder","floor":11.0},{"not_picked":["Redo","Cold Snap"],"picked":"Skim","floor":12.0},{"not_picked":["BootSequence","Auto Shields"],"picked":"Biased Cognition","floor":13.0},{"not_picked":["Biased Cognition","Buffer"],"picked":"Meteor Strike","floor":16.0},{"not_picked":["Leap","Cold Snap"],"picked":"Recycle","floor":18.0},{"not_picked":["Scrape","Go for the Eyes","White Noise"],"picked":"SKIP","floor":22.0},{"not_picked":["Scrape","Go for the Eyes"],"picked":"White Noise","floor":22.0}],"player_experience":1745750,"relics_obtained":[{"floor":6.0,"key":"Lantern"},{"floor":9.0,"key":"Orichalcum"},{"floor":13.0,"key":"Unceasing Top"}],"event_choices":[{"damage_healed":0.0,"max_hp_gain":0.0,"max_hp_loss":0.0,"gold_gain":0.0,"event_name":"Scrap Ooze","player_choice":"Success","floor":3.0,"gold_loss":0.0,"damage_taken":35.0,"relics_obtained":["Shuriken"]},{"cards_removed":["Strike_B"],"damage_healed":0.0,"max_hp_gain":0.0,"max_hp_loss":0.0,"gold_gain":0.0,"event_name":"The Cleric","player_choice":"Card Removal","floor":4.0,"gold_loss":75.0,"damage_taken":0.0},{"damage_healed":0.0,"max_hp_gain":0.0,"max_hp_loss":0.0,"gold_gain":0.0,"event_name":"Vampires","player_choice":"Ignored","floor":21.0,"gold_loss":0.0,"damage_taken":0.0}],"is_beta":false,"boss_relics":[{"not_picked":["Cursed Key","Black Star"],"picked":"Snecko Eye"}],"items_purged_floors":[14,19],"is_endless":false,"potions_floor_spawned":[1,2,11,16],"killed_by":"Slavers","ascension_level":20}