{"gold_per_floor":[16,191,203,32,48,73,73,96,96,96,136,151,176,215,215,215],"floor_reached":16,"playtime":1079,"items_purged":["Doubt"],"score":171,"play_id":"7a34a320-8ed0-4ace-b3ba-7574e6fbd42d","local_time":"20180726173500","is_ascension_mode":true,"campfire_choices":[{"data":"Zap","floor":10,"key":"SMITH"},{"data":"Dualcast","floor":15,"key":"SMITH"}],"neow_cost":"NO_GOLD","seed_source_timestamp":442049071632232,"circlet_count":0,"master_deck":["Strike_B","Strike_B","Strike_B","Strike_B","Defend_B","Defend_B","Defend_B","Defend_B","Zap+1","Dualcast+1","Consume","Rebound","Coolheaded","Conserve Battery","Barrage","Cold Snap","Go for the Eyes","Glacier","Auto Shields","Hologram","Rebound"],"relics":["Cracked Core","Mercury Hourglass","Golden Idol","Dead Branch","Turnip","Anchor"],"potions_floor_usage":[14,16,16],"damage_taken":[{"damage":0,"enemies":"Small Slimes","floor":1,"turns":2},{"damage":6,"enemies":"Cultist","floor":3,"turns":3},{"damage":4,"enemies":"2 Louse","floor":5,"turns":3},{"damage":25,"enemies":"Lagavulin","floor":6,"turns":9},{"damage":8,"enemies":"Exordium Wildlife","floor":8,"turns":3},{"damage":9,"enemies":"3 Sentries","floor":11,"turns":5},{"damage":1,"enemies":"Blue Slaver","floor":12,"turns":3},{"damage":4,"enemies":"Exordium Thugs","floor":13,"turns":3},{"damage":1,"enemies":"Lagavulin","floor":14,"turns":7},{"damage":28,"enemies":"Hexaghost","floor":16,"turns":9}],"seed_played":"4421517960865355251","potions_obtained":[{"floor":3,"key":"Energy Potion"},{"floor":5,"key":"FocusPotion"},{"floor":13,"key":"Weak Potion"}],"is_trial":false,"path_per_floor":["M","?","M","$","M","E","?","M","T","R","E","M","M","E","R"],"character_chosen":"DEFECT","items_purchased":["Coolheaded","Conserve Battery"],"campfire_rested":0,"item_purchase_floors":[4,4],"current_hp_per_floor":[82,82,76,76,72,47,47,39,39,39,30,29,25,24,24,0],"gold":215,"neow_bonus":"TWENTY_PERCENT_HP_BONUS","is_prod":false,"is_daily":false,"chose_seed":false,"campfire_upgraded":2,"win_rate":0,"timestamp":1532640900,"path_taken":["M","?","M","$","M","E","?","?","T","R","E","M","M","E","R","BOSS"],"build_version":"2018-07-19v2","purchased_purges":1,"victory":false,"max_hp_per_floor":[89,89,89,89,89,89,82,82,82,82,82,82,82,82,82,82],"card_choices":[{"not_picked":["Stack","Redo"],"picked":"Consume","floor":1},{"not_picked":["Recycle","Chaos"],"picked":"Rebound","floor":3},{"not_picked":["Amplify","Consume"],"picked":"Barrage","floor":5},{"not_picked":["Stack","Reinforced Body"],"picked":"Cold Snap","floor":6},{"not_picked":["Rip and Tear","Compile Driver"],"picked":"Go for the Eyes","floor":8},{"not_picked":["Stack","Double Energy"],"picked":"Glacier","floor":11},{"not_picked":["Streamline","Redo"],"picked":"Auto Shields","floor":12},{"not_picked":["Steam Power","BootSequence"],"picked":"Hologram","floor":13},{"not_picked":["Steam Power","Auto Shields"],"picked":"Rebound","floor":14}],"player_experience":341451,"relics_obtained":[{"floor":6,"key":"Mercury Hourglass"},{"floor":9,"key":"Dead Branch"},{"floor":11,"key":"Turnip"},{"floor":14,"key":"Anchor"}],"event_choices":[{"event_name":"Liars Game","player_choice":"agreed","floor":2,"damage_taken":0},{"event_name":"Golden Idol","player_choice":"Lose Max HP","floor":7,"damage_taken":0}],"is_beta":false,"boss_relics":[],"items_purged_floors":[4],"is_endless":false,"potions_floor_spawned":[3,5,13],"killed_by":"Hexaghost","ascension_level":8}