{"gold_per_floor":[115,115,115,125,125,152,163,163,163,174,174,206,87,113,113,187,187,203,216,266,266,47,47,66,97,97,114,114,39,39,139,139,211,211,230,330,344,344,15,15,47,57,57,91,91,91,91,107,107,107,107],"floor_reached":51,"playtime":1708,"items_purged":["Defend_B","Defend_B"],"score":1503,"play_id":"834d35c6-f236-4a31-a580-90b9dfdaf601","local_time":"20190524164952","is_ascension_mode":true,"campfire_choices":[{"data":"Zap","floor":8.0,"key":"SMITH"},{"data":"Fission","floor":15.0,"key":"SMITH"},{"data":"Defragment","floor":23.0,"key":"SMITH"},{"data":"Sunder","floor":28.0,"key":"SMITH"},{"data":"Dualcast","floor":30.0,"key":"SMITH"},{"data":"Coolheaded","floor":32.0,"key":"SMITH"},{"data":"Fusion","floor":40.0,"key":"SMITH"},{"data":"Skim","floor":46.0,"key":"SMITH"},{"floor":49.0,"key":"RECALL"}],"neow_cost":"NONE","seed_source_timestamp":52644084051197,"circlet_count":0,"master_deck":["AscendersBane","Defend_B","Zap+1","Dualcast+1","Coolheaded+1","Ball Lightning","Glacier","Defragment+1","Thunder Strike","Storm","White Noise","Fission+1","Reboot","Tempest+1","BootSequence+1","Skim+1","Sunder+1","Hologram","Defragment+1","Self Repair","Multi-Cast","Fusion+1","Blizzard+1","Cold Snap","Discovery","Finesse","Loop+1","Self Repair","Hologram+1"],"special_seed":0,"relics":["Cracked Core","NeowsBlessing","Nunchaku","Mercury Hourglass","PreservedInsect","Potion Belt","Astrolabe","Chemical X","Bottled Tornado","Vajra","Incense Burner","Pantograph","Inserter","Bird Faced Urn","Medical Kit","Mango","Strawberry"],"potions_floor_usage":[],"damage_taken":[{"damage":0.0,"enemies":"2 Louse","floor":1.0,"turns":1.0},{"damage":0.0,"enemies":"Jaw Worm","floor":4.0,"turns":1.0},{"damage":0.0,"enemies":"Lagavulin","floor":6.0,"turns":1.0},{"damage":0.0,"enemies":"Cultist","floor":7.0,"turns":4.0},{"damage":0.0,"enemies":"Large Slime","floor":10.0,"turns":6.0},{"damage":10.0,"enemies":"3 Sentries","floor":12.0,"turns":6.0},{"damage":0.0,"enemies":"Lagavulin","floor":14.0,"turns":5.0},{"damage":1.0,"enemies":"The Guardian","floor":16.0,"turns":10.0},{"damage":5.0,"enemies":"3 Byrds","floor":18.0,"turns":3.0},{"damage":0.0,"enemies":"Chosen","floor":19.0,"turns":3.0},{"damage":1.0,"enemies":"Centurion and Healer","floor":24.0,"turns":2.0},{"damage":22.0,"enemies":"Gremlin Leader","floor":25.0,"turns":4.0},{"damage":0.0,"enemies":"Snake Plant","floor":27.0,"turns":2.0},{"damage":2.0,"enemies":"Colosseum Slavers","floor":31.0,"turns":2.0},{"damage":0.0,"enemies":"Colosseum Nobs","floor":31.0,"turns":2.0},{"damage":7.0,"enemies":"Champ","floor":33.0,"turns":8.0},{"damage":3.0,"enemies":"Orb Walker","floor":35.0,"turns":2.0},{"damage":0.0,"enemies":"Mind Bloom Boss Battle","floor":36.0,"turns":6.0},{"damage":0.0,"enemies":"3 Shapes","floor":37.0,"turns":3.0},{"damage":52.0,"enemies":"Reptomancer","floor":41.0,"turns":4.0},{"damage":19.0,"enemies":"Spire Growth","floor":42.0,"turns":4.0},{"damage":42.0,"enemies":"Nemesis","floor":44.0,"turns":5.0},{"damage":24.0,"enemies":"Writhing Mass","floor":48.0,"turns":6.0},{"damage":56.0,"enemies":"Donu and Deca","floor":50.0,"turns":12.0},{"damage":112,"enemies":"Awakened One","floor":51,"turns":5}],"seed_played":"-7991856743328995248","potions_obtained":[{"floor":1.0,"key":"SkillPotion"},{"floor":10.0,"key":"Fire Potion"},{"floor":14.0,"key":"PowerPotion"},{"floor":16.0,"key":"EssenceOfSteel"},{"floor":19.0,"key":"SteroidPotion"},{"floor":33.0,"key":"Explosive Potion"},{"floor":36.0,"key":"SkillPotion"},{"floor":48.0,"key":"SkillPotion"}],"is_trial":false,"path_per_floor":["M","?","?","M","?","E","M","R","T","M","?","E","$","E","R","B",null,"M","M","?","?","$","R","M","E","T","M","R","$","R","?","R","B",null,"M","?","M","?","$","R","E","M","T","E","?","R","$","M","R","B","B"],"character_chosen":"DEFECT","items_purchased":["Storm","White Noise","Chemical X","Medical Kit"],"campfire_rested":0,"item_purchase_floors":[13,13,22,39],"current_hp_per_floor":[64,57,57,57,57,57,57,57,57,57,62,52,52,52,52,51,70,65,65,65,65,65,65,64,42,42,42,42,42,42,40,40,65,73,70,76,76,66,66,66,45,47,47,41,41,41,41,45,45,56,0],"gold":107,"neow_bonus":"THREE_ENEMY_KILL","is_prod":false,"is_daily":false,"chose_seed":false,"campfire_upgraded":8,"win_rate":0,"timestamp":1558687792,"path_taken":["M","?","?","M","?","E","?","R","T","M","?","E","$","E","R","BOSS","M","M","?","?","$","R","M","E","T","M","R","?","R","?","R","BOSS","M","?","M","?","?","R","E","?","T","E","?","R","$","M","R","BOSS","BOSS"],"build_version":"2019-01-23","purchased_purges":2,"victory":false,"max_hp_per_floor":[71,71,71,71,71,71,71,71,71,71,76,76,76,76,76,76,76,76,76,76,76,76,76,76,76,76,76,76,76,76,76,76,76,76,76,76,76,76,76,76,90,90,90,97,97,97,97,97,97,97,97],"card_choices":[{"not_picked":["Storm","Streamline"],"picked":"Coolheaded","floor":1.0},{"not_picked":["Redo","Barrage"],"picked":"Ball Lightning","floor":4.0},{"not_picked":["Steam","Leap"],"picked":"Glacier","floor":6.0},{"not_picked":["Leap","Steam","Stack"],"picked":"SKIP","floor":7.0},{"not_picked":["Sunder","Streamline"],"picked":"Defragment","floor":10.0},{"not_picked":["Rebound","Double Energy"],"picked":"Thunder Strike","floor":12.0},{"not_picked":["Rip and Tear","Rebound"],"picked":"Fission","floor":14.0},{"not_picked":["Fission","Rainbow"],"picked":"Reboot","floor":16.0},{"not_picked":["Stack","Tempest","Redo"],"picked":"SKIP","floor":18.0},{"not_picked":["Go for the Eyes","Redo"],"picked":"Skim","floor":19.0},{"not_picked":["Chaos","Rebound+1"],"picked":"Sunder","floor":24.0},{"not_picked":["White Noise","Stack"],"picked":"Hologram","floor":25.0},{"not_picked":["Double Energy","Loop"],"picked":"Defragment+1","floor":27.0},{"not_picked":["Hologram+1","Loop"],"picked":"Self Repair","floor":31.0},{"not_picked":["Seek","Fission"],"picked":"Multi-Cast","floor":33.0},{"not_picked":["Leap","Stack"],"picked":"Fusion","floor":35.0},{"not_picked":["Sweeping Beam","Ball Lightning"],"picked":"Blizzard+1","floor":36.0},{"not_picked":["Redo","Conserve Battery"],"picked":"Cold Snap","floor":37.0},{"not_picked":["Magnetism","Good Instincts"],"picked":"Discovery","floor":38.0},{"not_picked":["Trip","Forethought"],"picked":"Finesse","floor":38.0},{"not_picked":["Conserve Battery","Streamline"],"picked":"Loop+1","floor":41.0},{"not_picked":["Sweeping Beam+1","Rebound","Cold Snap"],"picked":"SKIP","floor":42.0},{"not_picked":["Chill","Barrage"],"picked":"Self Repair","floor":44.0},{"not_picked":["Steam","Cold Snap"],"picked":"Hologram+1","floor":48.0}],"player_experience":1754921,"relics_obtained":[{"floor":6.0,"key":"Nunchaku"},{"floor":9.0,"key":"Mercury Hourglass"},{"floor":12.0,"key":"PreservedInsect"},{"floor":14.0,"key":"Potion Belt"},{"floor":25.0,"key":"Bottled Tornado"},{"floor":26.0,"key":"Vajra"},{"floor":31.0,"key":"Incense Burner"},{"floor":31.0,"key":"Pantograph"},{"floor":36.0,"key":"Bird Faced Urn"},{"floor":41.0,"key":"Mango"},{"floor":44.0,"key":"Strawberry"}],"event_choices":[{"cards_removed":["Strike_B"],"damage_healed":0.0,"max_hp_gain":0.0,"max_hp_loss":0.0,"gold_gain":0.0,"event_name":"Golden Wing","player_choice":"Card Removal","floor":2.0,"gold_loss":0.0,"damage_taken":7.0},{"damage_healed":0.0,"max_hp_gain":0.0,"max_hp_loss":0.0,"gold_gain":0.0,"event_name":"Liars Game","player_choice":"Ignored","floor":3.0,"gold_loss":0.0,"damage_taken":0.0},{"cards_removed":["Strike_B"],"damage_healed":0.0,"max_hp_gain":0.0,"max_hp_loss":0.0,"gold_gain":0.0,"event_name":"Purifier","player_choice":"Purged","floor":5.0,"gold_loss":0.0,"damage_taken":0.0},{"damage_healed":0.0,"max_hp_gain":5.0,"max_hp_loss":0.0,"gold_gain":0.0,"event_name":"Big Fish","player_choice":"Donut","floor":11.0,"gold_loss":0.0,"damage_taken":0.0},{"damage_healed":0.0,"max_hp_gain":0.0,"max_hp_loss":0.0,"gold_gain":50.0,"event_name":"Nest","player_choice":"Stole From Cult","floor":20.0,"gold_loss":0.0,"damage_taken":0.0},{"damage_healed":0.0,"max_hp_gain":0.0,"max_hp_loss":0.0,"gold_gain":0.0,"event_name":"The Mausoleum","player_choice":"Ignored","floor":21.0,"gold_loss":0.0,"damage_taken":0.0},{"damage_healed":0.0,"max_hp_gain":0.0,"max_hp_loss":0.0,"gold_gain":0.0,"event_name":"Colosseum","player_choice":"Fight","floor":31.0,"gold_loss":0.0,"damage_taken":0.0},{"damage_healed":0.0,"max_hp_gain":0.0,"max_hp_loss":0.0,"gold_gain":0.0,"event_name":"Colosseum","player_choice":"Fought Nobs","floor":31.0,"gold_loss":0.0,"damage_taken":0.0},{"damage_healed":0.0,"max_hp_gain":0.0,"max_hp_loss":0.0,"gold_gain":0.0,"event_name":"MindBloom","player_choice":"Fight","floor":36.0,"gold_loss":0.0,"damage_taken":0.0},{"damage_healed":0.0,"max_hp_gain":0.0,"max_hp_loss":0.0,"gold_gain":0.0,"event_name":"SensoryStone","player_choice":"Memory 3","floor":38.0,"gold_loss":0.0,"damage_taken":10.0},{"cards_removed":["Scrape"],"damage_healed":0.0,"max_hp_gain":0.0,"max_hp_loss":0.0,"gold_gain":0.0,"event_name":"Purifier","player_choice":"Purged","floor":45.0,"gold_loss":0.0,"damage_taken":0.0}],"is_beta":false,"boss_relics":[{"not_picked":["Lizard Tail","Philosopher\u0027s Stone"],"picked":"Astrolabe"},{"not_picked":["Eternal Feather","Coffee Dripper"],"picked":"Inserter"}],"items_purged_floors":[29,39],"is_endless":false,"potions_floor_spawned":[1,10,14,16,19,24,31,33,36,48],"killed_by":"Awakened One","ascension_level":20}