{"gold_per_floor":[110,125,145,157,167,167,197,197,274,274,237,261,274,274,274,350,350,365,380,380,305,305,305,338,338,338,338],"floor_reached":27,"playtime":929,"items_purged":[],"score":487,"play_id":"6da103d4-311e-4949-b452-99cb73a61671","local_time":"20190527183706","is_ascension_mode":true,"campfire_choices":[{"data":"Defragment","floor":6,"key":"SMITH"},{"data":"Zap","floor":8,"key":"SMITH"},{"floor":15,"key":"REST"},{"data":"Go for the Eyes","floor":23,"key":"SMITH"},{"data":"Biased Cognition","floor":25,"key":"SMITH"}],"neow_cost":"NONE","seed_source_timestamp":6531591959906,"circlet_count":0,"master_deck":["AscendersBane","Defend_B+1","Defend_B","Defend_B","Defend_B","Zap+1","Dualcast","Cold Snap+1","Coolheaded","Defragment+1","FTL","Go for the Eyes+1","White Noise","Biased Cognition+1","Compile Driver","Gash+1","Bite","Bite","Bite","Bite","Hologram"],"relics":["Cracked Core","Centennial Puzzle","Darkstone Periapt","DataDisk","Runic Pyramid","Mango","Happy Flower"],"potions_floor_usage":[7,24],"damage_taken":[{"damage":0,"enemies":"2 Louse","floor":1,"turns":2},{"damage":5,"enemies":"Jaw Worm","floor":2,"turns":4},{"damage":0,"enemies":"Cultist","floor":3,"turns":4},{"damage":4,"enemies":"2 Fungi Beasts","floor":4,"turns":3},{"damage":6,"enemies":"Large Slime","floor":5,"turns":6},{"damage":37,"enemies":"Gremlin Nob","floor":7,"turns":6},{"damage":4,"enemies":"3 Louse","floor":13,"turns":3},{"damage":7,"enemies":"Hexaghost","floor":16,"turns":12},{"damage":3,"enemies":"Spheric Guardian","floor":18,"turns":6},{"damage":5,"enemies":"Chosen","floor":19,"turns":3},{"damage":29,"enemies":"Gremlin Leader","floor":24,"turns":9},{"damage":70,"enemies":"Slavers","floor":27,"turns":3}],"seed_played":"6358478402401523633","potions_obtained":[{"floor":0,"key":"Regen Potion"},{"floor":0,"key":"SteroidPotion"},{"floor":13,"key":"SteroidPotion"},{"floor":19,"key":"Block Potion"}],"is_trial":false,"path_per_floor":["M","M","M","M","M","R","E","R","T","?","?","T","M","?","R","B",null,"M","M","?","?","?","R","E","R","T","E"],"character_chosen":"DEFECT","items_purchased":[],"campfire_rested":1,"item_purchase_floors":[],"current_hp_per_floor":[64,59,59,55,49,49,26,26,26,5,5,5,1,1,22,15,57,54,49,49,49,37,37,56,56,56,0],"gold":338,"neow_bonus":"THREE_SMALL_POTIONS","is_prod":false,"is_daily":false,"chose_seed":false,"campfire_upgraded":4,"win_rate":0,"timestamp":1558996626,"path_taken":["M","M","M","M","M","R","E","R","T","?","?","?","?","?","R","BOSS","M","M","?","?","?","R","E","R","T","E"],"build_version":"2019-01-23","purchased_purges":0,"victory":false,"max_hp_per_floor":[71,71,71,71,71,71,71,71,71,71,71,71,71,71,71,71,71,71,71,49,49,54,54,68,68,68,68],"card_choices":[{"not_picked":["Blizzard","Melter"],"picked":"Cold Snap","floor":1},{"not_picked":["Barrage","Auto Shields"],"picked":"Coolheaded","floor":2},{"not_picked":["Beam Cell","Lockon","Gash"],"picked":"SKIP","floor":3},{"not_picked":["Tempest","Go for the Eyes"],"picked":"Defragment","floor":4},{"not_picked":["Force Field","Streamline"],"picked":"FTL","floor":5},{"not_picked":["Barrage","Machine Learning"],"picked":"Go for the Eyes","floor":7},{"not_picked":["Fusion","Rebound"],"picked":"White Noise","floor":13},{"not_picked":["Multi-Cast","Rainbow"],"picked":"Biased Cognition","floor":16},{"not_picked":["Go for the Eyes","Conserve Battery"],"picked":"Compile Driver","floor":18},{"not_picked":["Steam Power","Go for the Eyes"],"picked":"Gash+1","floor":19},{"not_picked":["Turbo","Reinforced Body"],"picked":"Hologram","floor":24}],"player_experience":1442009,"relics_obtained":[{"floor":7,"key":"Centennial Puzzle"},{"floor":9,"key":"Darkstone Periapt"},{"floor":12,"key":"DataDisk"},{"floor":24,"key":"Mango"},{"floor":26,"key":"Happy Flower"}],"event_choices":[{"damage_healed":0,"gold_gain":0,"player_choice":"Entered Light","damage_taken":21,"max_hp_gain":0,"max_hp_loss":0,"event_name":"Shining Light","floor":10,"gold_loss":0,"cards_upgraded":["Defend_B","Cold Snap"]},{"damage_healed":0,"gold_gain":0,"player_choice":"Left Gold","damage_taken":0,"max_hp_gain":0,"max_hp_loss":0,"event_name":"World of Goop","floor":11,"gold_loss":37},{"damage_healed":0,"gold_gain":0,"player_choice":"Ignored","damage_taken":0,"max_hp_gain":0,"max_hp_loss":0,"event_name":"Liars Game","floor":14,"gold_loss":0},{"damage_healed":0,"gold_gain":0,"player_choice":"Became a vampire","damage_taken":0,"max_hp_gain":0,"max_hp_loss":22,"event_name":"Vampires","floor":20,"gold_loss":0,"cards_obtained":["Bite","Bite","Bite","Bite","Bite"]},{"cards_removed":["Bite"],"damage_healed":0,"gold_gain":0,"player_choice":"Gave Gold","damage_taken":0,"max_hp_gain":0,"max_hp_loss":0,"event_name":"Beggar","floor":21,"gold_loss":75},{"damage_healed":0,"gold_gain":0,"player_choice":"Shed Blood","damage_taken":17,"max_hp_gain":5,"max_hp_loss":0,"event_name":"Forgotten Altar","floor":22,"gold_loss":0}],"is_beta":false,"boss_relics":[{"not_picked":["Runic Dome","Busted Crown"],"picked":"Runic Pyramid"}],"items_purged_floors":[],"is_endless":false,"potions_floor_spawned":[1,4,13,18,19],"killed_by":"Slavers","ascension_level":20}