{"gold_per_floor":[113,288,288,307,326,326,352,363,440,457,105,105,121,141,141,238,238,248,248,16,16,26,26,54,54,54,54,54,54,54,71,71,71],"floor_reached":33,"playtime":2220,"items_purged":["Doubt"],"score":343,"play_id":"d28a5fe5-7b88-4c5d-914e-d17b3ee14ccf","local_time":"20190515173735","is_ascension_mode":true,"campfire_choices":[{"data":"Deadly Poison","floor":6.0,"key":"SMITH"},{"floor":12.0,"key":"REST"},{"floor":15.0,"key":"REST"},{"floor":23.0,"key":"REST"},{"floor":30,"key":"REST"},{"floor":32,"key":"REST"}],"neow_cost":"TEN_PERCENT_HP_LOSS","seed_source_timestamp":25274826372842,"circlet_count":0,"master_deck":["Defend_G","Defend_G","Defend_G","Defend_G","Survivor","Neutralize","Noxious Fumes","Blade Dance","Deadly Poison+1","Adrenaline","Deadly Poison","Caltrops","Blur","Glass Knife","Poisoned Stab+1","Footwork","Bouncing Flask","Bite","Bite","Bite","Bite","Bite","Decay"],"special_seed":0,"relics":["Ring of the Snake","Du-Vu Doll","Bottled Tornado","Pear","Cursed Key","Juzu Bracelet","Boot","Ginger","Tingsha"],"potions_floor_usage":[24,24,24,31,33,33],"damage_taken":[{"damage":4.0,"enemies":"2 Louse","floor":1.0,"turns":2.0},{"damage":4.0,"enemies":"Jaw Worm","floor":4.0,"turns":4.0},{"damage":2.0,"enemies":"Cultist","floor":5.0,"turns":4.0},{"damage":31.0,"enemies":"Lagavulin","floor":7.0,"turns":6.0},{"damage":2.0,"enemies":"Exordium Wildlife","floor":8.0,"turns":2.0},{"damage":13.0,"enemies":"Lots of Slimes","floor":10.0,"turns":4.0},{"damage":5.0,"enemies":"3 Louse","floor":13.0,"turns":3.0},{"damage":3.0,"enemies":"Exordium Thugs","floor":14.0,"turns":4.0},{"damage":31.0,"enemies":"The Guardian","floor":16.0,"turns":9.0},{"damage":22.0,"enemies":"2 Thieves","floor":18.0,"turns":5.0},{"damage":25.0,"enemies":"Colosseum Slavers","floor":21.0,"turns":5.0},{"damage":16.0,"enemies":"Shell Parasite","floor":22.0,"turns":4.0},{"damage":8,"enemies":"Gremlin Leader","floor":24,"turns":6},{"damage":30,"enemies":"Snecko","floor":31,"turns":5},{"damage":76,"enemies":"Collector","floor":33,"turns":6}],"seed_played":"6539521851008544897","potions_obtained":[{"floor":1.0,"key":"PowerPotion"},{"floor":13.0,"key":"Energy Potion"},{"floor":16.0,"key":"SpeedPotion"},{"floor":22.0,"key":"SteroidPotion"},{"floor":29,"key":"PowerPotion"},{"floor":29,"key":"Energy Potion"},{"floor":29,"key":"Fruit Juice"}],"is_trial":false,"path_per_floor":["M","?","?","M","M","R","E","M","T","M","$","R","M","M","R","B",null,"M","?","$","?","M","R","E","?","T","?","?","?","R","M","R","B"],"character_chosen":"THE_SILENT","items_purchased":["Pear","Caltrops","Juzu Bracelet","Footwork"],"campfire_rested":5,"item_purchase_floors":[11,11,20,20],"current_hp_per_floor":[59,59,64,60,58,58,27,25,25,12,22,45,40,37,60,29,78,56,56,56,31,15,38,30,30,30,30,30,30,46,29,46,0],"gold":71,"neow_bonus":"REMOVE_TWO","is_prod":false,"is_daily":false,"chose_seed":false,"campfire_upgraded":1,"win_rate":0,"timestamp":1557956255,"path_taken":["M","?","?","M","M","R","E","M","T","M","$","R","M","M","R","BOSS","M","?","$","?","M","R","E","?","T","?","?","?","R","M","R","BOSS"],"build_version":"2019-01-23","purchased_purges":1,"victory":false,"max_hp_per_floor":[63,63,68,68,68,68,68,68,68,68,78,78,78,78,78,78,78,78,78,78,78,78,78,78,54,54,54,54,54,54,59,59,59],"card_choices":[{"not_picked":["All Out Attack","Prepared"],"picked":"Noxious Fumes","floor":1.0},{"not_picked":["PiercingWail","Eviscerate"],"picked":"Blade Dance","floor":4.0},{"not_picked":["PiercingWail","Outmaneuver"],"picked":"Deadly Poison","floor":5.0},{"not_picked":["Dash","Flechettes"],"picked":"Adrenaline","floor":7.0},{"not_picked":["Acrobatics","Infinite Blades","Predator"],"picked":"SKIP","floor":8.0},{"not_picked":["Cloak And Dagger","Sucker Punch"],"picked":"Deadly Poison","floor":10.0},{"not_picked":["Blade Dance","Well Laid Plans","PiercingWail"],"picked":"SKIP","floor":13.0},{"not_picked":["Flying Knee","All Out Attack"],"picked":"Blur","floor":14.0},{"not_picked":["Grand Finale","Doppelganger"],"picked":"Glass Knife","floor":16.0},{"not_picked":["Quick Slash+1","Slice"],"picked":"Poisoned Stab+1","floor":18.0},{"not_picked":["Underhanded Strike","Well Laid Plans","Eviscerate"],"picked":"SKIP","floor":22.0},{"not_picked":["Expertise","Night Terror"],"picked":"Bouncing Flask","floor":24},{"not_picked":["Dagger Throw","Quick Slash","Backstab"],"picked":"SKIP","floor":31}],"player_experience":995414,"relics_obtained":[{"floor":7.0,"key":"Du-Vu Doll"},{"floor":9.0,"key":"Bottled Tornado"},{"floor":24,"key":"Boot"},{"floor":26,"key":"Ginger"}],"event_choices":[{"damage_healed":0.0,"max_hp_gain":0.0,"max_hp_loss":0.0,"gold_gain":175.0,"event_name":"Liars Game","player_choice":"AGREE","floor":2.0,"gold_loss":0.0,"damage_taken":0.0,"cards_obtained":["Doubt"]},{"damage_healed":0.0,"max_hp_gain":5.0,"max_hp_loss":0.0,"gold_gain":0.0,"event_name":"Big Fish","player_choice":"Donut","floor":3.0,"gold_loss":0.0,"damage_taken":0.0},{"damage_healed":0.0,"max_hp_gain":0.0,"max_hp_loss":0.0,"gold_gain":0.0,"event_name":"Ghosts","player_choice":"Ignored","floor":19.0,"gold_loss":0.0,"damage_taken":0.0},{"damage_healed":0.0,"max_hp_gain":0.0,"max_hp_loss":0.0,"gold_gain":0.0,"event_name":"Colosseum","player_choice":"Fight","floor":21.0,"gold_loss":0.0,"damage_taken":0.0},{"damage_healed":0.0,"max_hp_gain":0.0,"max_hp_loss":0.0,"gold_gain":0.0,"event_name":"Colosseum","player_choice":"Fled From Nobs","floor":21.0,"gold_loss":0.0,"damage_taken":0.0},{"damage_healed":0,"gold_gain":0,"player_choice":"Became a vampire","damage_taken":0,"max_hp_gain":0,"max_hp_loss":24,"event_name":"Vampires","floor":25,"gold_loss":0,"cards_obtained":["Bite","Bite","Bite","Bite","Bite"]},{"damage_healed":0,"gold_gain":0,"player_choice":"Opened","damage_taken":0,"relics_obtained":["Tingsha"],"max_hp_gain":0,"max_hp_loss":0,"event_name":"The Mausoleum","floor":27,"gold_loss":0},{"damage_healed":0,"gold_gain":0,"player_choice":"Ignored","damage_taken":0,"max_hp_gain":0,"max_hp_loss":0,"event_name":"Cursed Tome","floor":28,"gold_loss":0},{"damage_healed":0,"gold_gain":0,"player_choice":"Got Potions","damage_taken":0,"max_hp_gain":0,"max_hp_loss":0,"event_name":"Lab","floor":29,"gold_loss":0}],"is_beta":false,"boss_relics":[{"not_picked":["Lizard Tail","WristBlade"],"picked":"Cursed Key"}],"items_purged_floors":[11],"is_endless":false,"potions_floor_spawned":[1,13,16,21,22],"killed_by":"Collector","ascension_level":4}