{"gold_per_floor":[110,122,133,149,74,100,100,129,153,78,228,228,52,62,62,136,136,154,54,48,48,48,48,76,76,76,90,90,124,157,174,174,246,246,262,262,279,279],"floor_reached":38,"playtime":2250,"items_purged":["Strike_B","Doubt"],"score":782,"play_id":"f90862e1-f350-4086-94ef-0f40b8cadd81","local_time":"20190803205237","is_ascension_mode":true,"campfire_choices":[{"data":"Zap","floor":7,"key":"SMITH"},{"data":"Coolheaded","floor":12,"key":"SMITH"},{"data":"Loop","floor":15,"key":"SMITH"},{"data":"Echo Form","floor":23,"key":"SMITH"},{"floor":25,"key":"REST"},{"floor":28,"key":"REST"},{"data":"Dualcast","floor":32,"key":"SMITH"}],"neow_cost":"NONE","seed_source_timestamp":677217056393001,"circlet_count":0,"master_deck":["AscendersBane","Strike_B+1","Strike_B+1","Defend_B+1","Defend_B+1","Defend_B+1","Defend_B+1","Zap+1","Dualcast+1","Coolheaded+1","Glacier","Gash","Sweeping Beam","Capacitor","Coolheaded","Loop+1","Echo Form+1","Echo Form","Reprogram+1","Compile Driver","Compile Driver","Hologram+1","Meteor Strike","Defragment","Pain","Barrage+1"],"relics":["Incense Burner","Regal Pillow","Bag of Marbles","DataDisk","Runic Pyramid","Nloth\u0027s Gift","Blood Vial","Letter Opener","Oddly Smooth Stone","Red Mask","Runic Dome","WarpedTongs"],"potions_floor_usage":[8,8,20,30,30,38],"damage_taken":[{"damage":7,"enemies":"Jaw Worm","floor":1,"turns":3},{"damage":0,"enemies":"2 Louse","floor":2,"turns":2},{"damage":0,"enemies":"Cultist","floor":3,"turns":4},{"damage":2,"enemies":"Looter","floor":4,"turns":4},{"damage":8,"enemies":"3 Sentries","floor":6,"turns":10},{"damage":30,"enemies":"Gremlin Nob","floor":8,"turns":6},{"damage":4,"enemies":"3 Louse","floor":14,"turns":4},{"damage":4,"enemies":"Hexaghost","floor":16,"turns":16},{"damage":10,"enemies":"Spheric Guardian","floor":18,"turns":7},{"damage":16,"enemies":"2 Thieves","floor":20,"turns":4},{"damage":32,"enemies":"Gremlin Leader","floor":24,"turns":9},{"damage":22,"enemies":"Snecko","floor":27,"turns":12},{"damage":0,"enemies":"Book of Stabbing","floor":29,"turns":8},{"damage":32,"enemies":"Masked Bandits","floor":30,"turns":9},{"damage":7,"enemies":"Cultist and Chosen","floor":31,"turns":12},{"damage":5,"enemies":"Champ","floor":33,"turns":14},{"damage":21,"enemies":"3 Darklings","floor":35,"turns":8},{"damage":30,"enemies":"3 Shapes","floor":37,"turns":13},{"damage":42,"enemies":"Maw","floor":38,"turns":9}],"seed_played":"-2558980488013625393","potions_obtained":[{"floor":1,"key":"Weak Potion"},{"floor":6,"key":"EssenceOfSteel"},{"floor":8,"key":"Energy Potion"},{"floor":29,"key":"EntropicBrew"},{"floor":30,"key":"Ancient Potion"},{"floor":31,"key":"Swift Potion"},{"floor":37,"key":"Regen Potion"}],"is_trial":false,"path_per_floor":["M","M","M","M","$","E","R","E","T","?","?","R","$","M","R","B",null,"M","$","M","?","?","R","E","R","T","M","R","E","?","M","R","B",null,"M","?","M","M"],"character_chosen":"DEFECT","items_purchased":["DataDisk","Coolheaded"],"campfire_rested":2,"item_purchase_floors":[13,13],"current_hp_per_floor":[64,64,64,62,62,54,54,24,24,24,24,24,24,20,20,16,63,53,53,37,37,37,37,5,43,43,23,61,63,33,28,28,25,65,46,46,18,0],"gold":279,"neow_bonus":"TEN_PERCENT_HP_BONUS","is_prod":false,"is_daily":false,"chose_seed":false,"campfire_upgraded":5,"win_rate":0,"timestamp":1564879957,"path_taken":["M","M","M","M","$","E","R","E","T","?","?","R","$","M","R","BOSS","M","$","M","?","?","R","E","R","T","?","R","E","?","M","R","BOSS","M","?","M","?"],"build_version":"2019-07-17","purchased_purges":2,"victory":false,"max_hp_per_floor":[78,78,78,78,78,78,78,78,78,78,78,78,78,78,78,78,78,78,78,78,78,78,78,78,78,78,78,78,78,78,78,78,78,78,78,78,78,78],"card_choices":[{"not_picked":["Reinforced Body","Redo"],"picked":"Coolheaded","floor":1},{"not_picked":["Leap","Static Discharge"],"picked":"Glacier","floor":2},{"not_picked":["Steam","Conserve Battery"],"picked":"Gash","floor":3},{"not_picked":["Static Discharge","Lockon"],"picked":"Sweeping Beam","floor":4},{"not_picked":["Rebound","Redo","Barrage"],"picked":"SKIP","floor":6},{"not_picked":["Cold Snap","Rebound"],"picked":"Capacitor","floor":8},{"not_picked":["Sweeping Beam","Conserve Battery"],"picked":"Loop","floor":14},{"not_picked":["Hyperbeam","Biased Cognition"],"picked":"Echo Form","floor":16},{"not_picked":["Redo","Cold Snap","Sweeping Beam"],"picked":"SKIP","floor":18},{"not_picked":["Redo","Streamline","Steam"],"picked":"SKIP","floor":20},{"not_picked":["Steam","Rip and Tear"],"picked":"Echo Form","floor":24},{"not_picked":["Redo","FTL"],"picked":"Reprogram+1","floor":27},{"not_picked":["Chill","Multi-Cast"],"picked":"Compile Driver","floor":29},{"not_picked":["Aggregate","Rebound"],"picked":"Compile Driver","floor":30},{"not_picked":["Fusion","Chaos"],"picked":"Hologram+1","floor":31},{"not_picked":["Core Surge","Reboot"],"picked":"Meteor Strike","floor":33},{"not_picked":["Rip and Tear","Stack"],"picked":"Defragment","floor":35},{"not_picked":["Fusion","Reprogram"],"picked":"Barrage+1","floor":37}],"player_experience":1669591,"relics_obtained":[{"floor":6,"key":"Incense Burner"},{"floor":8,"key":"Regal Pillow"},{"floor":9,"key":"Bag of Marbles"},{"floor":24,"key":"Blood Vial"},{"floor":26,"key":"Letter Opener"},{"floor":29,"key":"Oddly Smooth Stone"},{"floor":30,"key":"Red Mask"}],"event_choices":[{"cards_removed":["Strike_B"],"damage_healed":0,"gold_gain":0,"player_choice":"Card Removal","damage_taken":0,"max_hp_gain":0,"max_hp_loss":0,"event_name":"The Cleric","floor":10,"gold_loss":75},{"damage_healed":0,"gold_gain":150,"player_choice":"AGREE","damage_taken":0,"max_hp_gain":0,"max_hp_loss":0,"event_name":"Liars Game","floor":11,"gold_loss":0,"cards_obtained":["Doubt"]},{"damage_healed":0,"gold_gain":0,"player_choice":"Simplicity","damage_taken":0,"max_hp_gain":0,"max_hp_loss":0,"event_name":"Back to Basics","floor":21,"gold_loss":0,"cards_upgraded":["Strike_B","Strike_B","Defend_B","Defend_B","Defend_B","Defend_B"]},{"damage_healed":0,"gold_gain":0,"player_choice":"Traded Relic","damage_taken":0,"relics_obtained":["Nloth\u0027s Gift"],"max_hp_gain":0,"max_hp_loss":0,"event_name":"N\u0027loth","floor":22,"relics_lost":["Cracked Core"],"gold_loss":0},{"damage_healed":0,"gold_gain":0,"player_choice":"Fought Bandits","damage_taken":0,"max_hp_gain":0,"max_hp_loss":0,"event_name":"Masked Bandits","floor":30,"gold_loss":0},{"damage_healed":0,"gold_gain":0,"player_choice":"Rummage","damage_taken":0,"relics_obtained":["WarpedTongs"],"max_hp_gain":0,"max_hp_loss":0,"event_name":"Accursed Blacksmith","floor":36,"gold_loss":0,"cards_obtained":["Pain"]}],"is_beta":false,"boss_relics":[{"not_picked":["Eternal Feather","FrozenCore"],"picked":"Runic Pyramid"},{"not_picked":["Tiny House","Empty Cage"],"picked":"Runic Dome"}],"items_purged_floors":[5,19],"is_endless":false,"potions_floor_spawned":[1,6,8,29,30,31,33,37],"killed_by":"Maw","ascension_level":15}