{"gold_per_floor":[118,39,58,78,78,113,113,137,185,67,67,81,81,93,93,167,167,180,193,212,212,55,55,82,82,82,82,96,96,127,72,72,147,147,158,158,177,177,52,52,85,85,85,98,115,131,21,21,21,21,21],"floor_reached":51,"playtime":1504,"items_purged":["Strike_B","Strike_B","Sunder"],"score":1426,"play_id":"bf25fa35-be8f-48e1-8efc-d4eb4b3bff80","local_time":"20190727154051","is_ascension_mode":true,"campfire_choices":[{"data":"Sunder","floor":7.0,"key":"SMITH"},{"data":"Zap","floor":11.0,"key":"SMITH"},{"data":"Beam Cell","floor":13.0,"key":"SMITH"},{"data":"Dualcast","floor":15.0,"key":"SMITH"},{"data":"Defragment","floor":23.0,"key":"SMITH"},{"floor":25.0,"key":"REST"},{"data":"Seek","floor":29.0,"key":"SMITH"},{"data":"Barrage","floor":32.0,"key":"SMITH"},{"floor":40.0,"key":"REST"},{"data":"Fission","floor":42.0,"key":"SMITH"},{"floor":49.0,"key":"RECALL"}],"neow_cost":"NONE","seed_source_timestamp":768723297128712,"circlet_count":0,"master_deck":["AscendersBane","Zap+1","Dualcast+1","Loop","Sunder+1","Beam Cell+1","Capacitor","Seek+1","BootSequence","Ball Lightning","Electrodynamics","Defragment+1","Conserve Battery","Capacitor","Barrage+1","Glacier","Coolheaded","Biased Cognition","Go for the Eyes","Barrage","Cold Snap","Hologram","Panacea","Impatience","Purity","Fission+1","Force Field+1"],"special_seed":0,"relics":["Cracked Core","NeowsBlessing","PreservedInsect","Oddly Smooth Stone","Potion Belt","Runic Pyramid","Enchiridion","Singing Bowl","Symbiotic Virus","Pandora\u0027s Box","Lantern"],"potions_floor_usage":[51,51,51],"damage_taken":[{"damage":0.0,"enemies":"Cultist","floor":1.0,"turns":1.0},{"damage":0.0,"enemies":"Jaw Worm","floor":3.0,"turns":1.0},{"damage":0.0,"enemies":"Small Slimes","floor":4.0,"turns":1.0},{"damage":31.0,"enemies":"Gremlin Nob","floor":6.0,"turns":4.0},{"damage":0.0,"enemies":"Looter","floor":12.0,"turns":2.0},{"damage":0.0,"enemies":"Exordium Wildlife","floor":14.0,"turns":2.0},{"damage":25.0,"enemies":"The Guardian","floor":16.0,"turns":12.0},{"damage":10.0,"enemies":"2 Thieves","floor":18.0,"turns":4.0},{"damage":1.0,"enemies":"Chosen","floor":19.0,"turns":4.0},{"damage":0.0,"enemies":"3 Cultists","floor":20.0,"turns":4.0},{"damage":17.0,"enemies":"Gremlin Leader","floor":24.0,"turns":5.0},{"damage":5.0,"enemies":"Centurion and Healer","floor":28.0,"turns":5.0},{"damage":18.0,"enemies":"Book of Stabbing","floor":30.0,"turns":4.0},{"damage":13.0,"enemies":"Automaton","floor":33.0,"turns":8.0},{"damage":0.0,"enemies":"3 Shapes","floor":35.0,"turns":3.0},{"damage":22.0,"enemies":"3 Darklings","floor":37.0,"turns":5.0},{"damage":29.0,"enemies":"Giant Head","floor":41.0,"turns":5.0},{"damage":0.0,"enemies":"Jaw Worm Horde","floor":44.0,"turns":3.0},{"damage":16.0,"enemies":"Transient","floor":45.0,"turns":6.0},{"damage":0.0,"enemies":"Sphere and 2 Shapes","floor":46.0,"turns":3.0},{"damage":0.0,"enemies":"Donu and Deca","floor":50.0,"turns":10.0},{"damage":36,"enemies":"Awakened One","floor":51,"turns":2}],"seed_played":"-6517044268023567210","potions_obtained":[{"floor":6.0,"key":"EssenceOfSteel"},{"floor":16.0,"key":"LiquidBronze"},{"floor":18.0,"key":"FocusPotion"},{"floor":24.0,"key":"Explosive Potion"},{"floor":30.0,"key":"Regen Potion"},{"floor":44.0,"key":"PowerPotion"},{"floor":45.0,"key":"SpeedPotion"}],"is_trial":false,"path_per_floor":["M","$","M","M","?","E","R","T","T","$","R","M","R","M","R","B",null,"M","M","M","?","$","R","E","R","T","?","M","R","E","$","R","B",null,"M","?","M","?","$","R","E","R","T","M","M","M","$","$","R","B","B"],"character_chosen":"DEFECT","items_purchased":["Sunder","BootSequence","Energy Potion","Coolheaded","Swift Potion","PowerPotion"],"campfire_rested":2,"item_purchase_floors":[2,10,22,31,47,47],"current_hp_per_floor":[64,64,64,64,64,33,33,33,33,33,33,33,33,33,33,8,55,45,44,44,23,23,23,8,29,29,29,26,26,8,8,8,10,59,59,49,29,29,29,52,23,23,23,25,9,11,11,11,11,11,0],"gold":21,"neow_bonus":"THREE_ENEMY_KILL","is_prod":false,"is_daily":false,"chose_seed":false,"campfire_upgraded":8,"win_rate":0,"timestamp":1564213251,"path_taken":["M","$","?","M","?","E","R","?","T","$","R","M","R","M","R","BOSS","M","M","?","?","$","R","E","R","T","?","M","R","E","?","R","BOSS","M","?","M","?","$","R","E","R","T","M","M","M","?","$","R","BOSS","BOSS"],"build_version":"2019-07-17","purchased_purges":3,"victory":false,"max_hp_per_floor":[71,71,71,71,71,71,71,71,71,71,71,71,71,71,71,71,71,71,71,71,71,71,71,73,73,73,73,75,75,75,75,75,75,75,75,75,77,77,77,77,77,77,77,79,79,81,81,81,81,81,81],"card_choices":[{"not_picked":["Streamline","Beam Cell"],"picked":"Loop","floor":1.0},{"not_picked":["Hologram","Redo"],"picked":"Beam Cell","floor":3.0},{"not_picked":["Sweeping Beam","Beam Cell"],"picked":"Capacitor","floor":4.0},{"not_picked":["Rebound","Conserve Battery"],"picked":"Seek","floor":6.0},{"not_picked":["Beam Cell","Hello World","Reprogram"],"picked":"SKIP","floor":12.0},{"not_picked":["Streamline","Redo"],"picked":"Ball Lightning","floor":14.0},{"not_picked":["Multi-Cast","Creative AI"],"picked":"Electrodynamics","floor":16.0},{"not_picked":["Barrage","Sunder","Stack"],"picked":"SKIP","floor":18.0},{"not_picked":["Beam Cell","Coolheaded"],"picked":"Defragment","floor":19.0},{"not_picked":["Barrage","Go for the Eyes"],"picked":"Conserve Battery","floor":20.0},{"not_picked":["Streamline","White Noise","Beam Cell"],"picked":"Singing Bowl","floor":24.0},{"not_picked":["Rebound","Steam","Go for the Eyes"],"picked":"Singing Bowl","floor":28.0},{"not_picked":["Loop","Thunder Strike"],"picked":"Glacier","floor":30.0},{"not_picked":["Seek","Hyperbeam"],"picked":"Biased Cognition","floor":33.0},{"not_picked":["Genetic Algorithm","Steam"],"picked":"Hologram","floor":35.0},{"not_picked":["Forethought","HandOfGreed"],"picked":"Panacea","floor":36.0},{"not_picked":["Trip","Blind"],"picked":"Impatience","floor":36.0},{"not_picked":["Dramatic Entrance","Impatience"],"picked":"Purity","floor":36.0},{"not_picked":["Go for the Eyes","Leap+1","Cold Snap"],"picked":"Singing Bowl","floor":37.0},{"not_picked":["Streamline+1","Scrape+1"],"picked":"Fission","floor":41.0},{"not_picked":["Capacitor","Reprogram","Rip and Tear+1"],"picked":"Singing Bowl","floor":44.0},{"not_picked":["Chaos","Beam Cell"],"picked":"Force Field+1","floor":45.0},{"not_picked":["Barrage","Force Field","Leap+1"],"picked":"Singing Bowl","floor":46.0}],"player_experience":2081846,"relics_obtained":[{"floor":6.0,"key":"PreservedInsect"},{"floor":8.0,"key":"Oddly Smooth Stone"},{"floor":9.0,"key":"Potion Belt"},{"floor":21.0,"key":"Enchiridion"},{"floor":24.0,"key":"Singing Bowl"},{"floor":30.0,"key":"Symbiotic Virus"},{"floor":41.0,"key":"Lantern"}],"event_choices":[{"damage_healed":0.0,"max_hp_gain":0.0,"max_hp_loss":0.0,"gold_gain":0.0,"event_name":"Liars Game","player_choice":"Ignored","floor":5.0,"gold_loss":0.0,"damage_taken":0.0},{"damage_healed":0.0,"max_hp_gain":0.0,"max_hp_loss":0.0,"gold_gain":0.0,"event_name":"Cursed Tome","player_choice":"Obtained Book","floor":21.0,"gold_loss":0.0,"damage_taken":21.0},{"damage_healed":0.0,"max_hp_gain":0.0,"max_hp_loss":0.0,"gold_gain":0.0,"cards_transformed":["Strike_B","Strike_B"],"event_name":"Drug Dealer","player_choice":"Became Test Subject","floor":27.0,"gold_loss":0.0,"damage_taken":0.0,"cards_obtained":["Capacitor","Barrage"]},{"damage_healed":0.0,"max_hp_gain":0.0,"max_hp_loss":0.0,"gold_gain":0.0,"event_name":"SensoryStone","player_choice":"Memory 3","floor":36.0,"gold_loss":0.0,"damage_taken":10.0},{"damage_healed":0.0,"max_hp_gain":0.0,"max_hp_loss":0.0,"gold_gain":0.0,"event_name":"Tomb of Lord Red Mask","player_choice":"Ignored","floor":38.0,"gold_loss":0.0,"damage_taken":0.0}],"is_beta":false,"boss_relics":[{"not_picked":["Coffee Dripper","Astrolabe"],"picked":"Runic Pyramid"},{"not_picked":["Busted Crown","Black Star"],"picked":"Pandora\u0027s Box"}],"items_purged_floors":[10,22,39],"is_endless":false,"potions_floor_spawned":[6,16,18,24,30,44,45],"killed_by":"Awakened One","ascension_level":20}