{"gold_per_floor":[115,40,40,101,119,119,169,169,195,206,206,222,350,382,382,481,481,494,513,563,581,657,657,686,686,686,97,97,124,9,59,59,157,157,170,49,199,249,299,299,349,24,24,54,54],"floor_reached":45,"playtime":2226,"items_purged":["Bash","Shame","Strike_R"],"score":735,"play_id":"b95f6040-b201-42e0-ac31-2e36d594164b","local_time":"20190729121116","is_ascension_mode":true,"campfire_choices":[{"data":"Rage","floor":6.0,"key":"SMITH"},{"data":"Whirlwind","floor":8.0,"key":"SMITH"},{"data":"Defend_R","floor":11.0,"key":"SMITH"},{"data":"Barricade","floor":15.0,"key":"SMITH"},{"floor":23.0,"key":"REST"},{"floor":25.0,"key":"REST"},{"floor":28.0,"key":"REST"},{"data":"Seeing Red","floor":32.0,"key":"SMITH"},{"data":"Body Slam","floor":40,"key":"SMITH"}],"neow_cost":"NONE","seed_source_timestamp":430989185850078,"circlet_count":0,"master_deck":["AscendersBane","Strike_R","Strike_R","Strike_R","Strike_R","Defend_R","Defend_R+1","Defend_R","Defend_R+1","Whirlwind+1","Rage+1","Rage+1","Barricade+1","Double Tap","Seeing Red+1","Disarm","Juggernaut","Inflame+1","Body Slam+1","Shrug It Off","Entrench","Decay"],"special_seed":0,"relics":["Black Blood","Art of War","SsserpentHead","Bronze Scales","Mercury Hourglass","Singing Bowl","Cursed Key","War Paint","Red Mask","Omamori","The Courier","Turnip","Juzu Bracelet","Anchor","Thread and Needle","Oddly Smooth Stone","PreservedInsect","Peace Pipe","Dream Catcher","Vajra","Ornamental Fan","Shuriken","Boot"],"potions_floor_usage":[],"damage_taken":[{"damage":9.0,"enemies":"Jaw Worm","floor":1.0,"turns":4.0},{"damage":6.0,"enemies":"Cultist","floor":4.0,"turns":3.0},{"damage":0.0,"enemies":"2 Louse","floor":5.0,"turns":1.0},{"damage":14.0,"enemies":"Exordium Wildlife","floor":10.0,"turns":2.0},{"damage":0.0,"enemies":"3 Louse","floor":12.0,"turns":1.0},{"damage":12.0,"enemies":"3 Sentries","floor":14.0,"turns":4.0},{"damage":78.0,"enemies":"Hexaghost","floor":16.0,"turns":15.0},{"damage":11.0,"enemies":"Shell Parasite","floor":18.0,"turns":6.0},{"damage":11.0,"enemies":"Chosen","floor":19.0,"turns":5.0},{"damage":17.0,"enemies":"Snecko","floor":21.0,"turns":5.0},{"damage":37.0,"enemies":"Masked Bandits","floor":22.0,"turns":4.0},{"damage":28.0,"enemies":"Slavers","floor":24.0,"turns":4.0},{"damage":2.0,"enemies":"Book of Stabbing","floor":29.0,"turns":6.0},{"damage":53.0,"enemies":"Automaton","floor":33.0,"turns":18.0},{"damage":20.0,"enemies":"Orb Walker","floor":35.0,"turns":4.0},{"damage":0,"enemies":"Mind Bloom Boss Battle","floor":37,"turns":7},{"damage":70,"enemies":"Reptomancer","floor":44,"turns":6},{"damage":31,"enemies":"3 Darklings","floor":45,"turns":3}],"seed_played":"-5439626350677513270","potions_obtained":[{"floor":1.0,"key":"Regen Potion"},{"floor":4.0,"key":"Regen Potion"},{"floor":16.0,"key":"Regen Potion"},{"floor":18.0,"key":"Energy Potion"},{"floor":19.0,"key":"Poison Potion"},{"floor":24.0,"key":"Energy Potion"},{"floor":29.0,"key":"GamblersBrew"},{"floor":37,"key":"Swift Potion"}],"is_trial":false,"path_per_floor":["M","$","?","M","M","R","?","R","T","M","R","M","T","E","R","B",null,"M","M","?","M","?","R","E","R","T","$","R","E","$","?","R","B",null,"M","$","?","?","?","R","?","$","T","E","M"],"character_chosen":"IRONCLAD","items_purchased":["Disarm","Turnip","Juzu Bracelet","Anchor","Oddly Smooth Stone","Body Slam","Entrench","Vajra","Ornamental Fan"],"campfire_rested":3,"item_purchase_floors":[27,27,27,27,30,36,42,42,42],"current_hp_per_floor":[69,69,69,69,75,75,80,80,80,72,72,78,78,81,81,21,69,64,61,61,52,33,59,39,66,66,66,91,93,93,93,93,46,81,71,71,81,81,81,81,81,81,81,23,0],"gold":54,"neow_bonus":"RANDOM_COMMON_RELIC","is_prod":false,"is_daily":false,"chose_seed":false,"campfire_upgraded":6,"win_rate":0,"timestamp":1564416676,"path_taken":["M","$","?","?","M","R","?","R","T","M","R","M","?","E","R","BOSS","M","M","?","M","?","R","E","R","T","$","R","E","$","?","R","BOSS","M","$","?","?","?","R","?","?","T","E","M"],"build_version":"2019-07-17","purchased_purges":3,"victory":false,"max_hp_per_floor":[80,80,80,80,80,80,85,85,85,85,85,85,85,85,85,85,85,85,87,87,89,89,89,91,91,91,91,91,93,93,93,93,93,93,93,93,93,93,88,88,88,88,88,90,90],"card_choices":[{"not_picked":["Warcry","Rampage"],"picked":"Whirlwind","floor":1.0},{"not_picked":["Perfected Strike","Sword Boomerang","Warcry"],"picked":"SKIP","floor":4.0},{"not_picked":["Fire Breathing","Intimidate"],"picked":"Rage","floor":5.0},{"not_picked":["Carnage","Headbutt","Thunderclap"],"picked":"SKIP","floor":10.0},{"not_picked":["Pommel Strike","Clothesline"],"picked":"Rage","floor":12.0},{"not_picked":["Limit Break","Anger"],"picked":"Barricade","floor":14.0},{"not_picked":["Reaper","Berserk"],"picked":"Double Tap","floor":16.0},{"not_picked":["Wild Strike+1","Perfected Strike"],"picked":"Seeing Red","floor":18.0},{"not_picked":["Warcry+1","Iron Wave","Thunderclap"],"picked":"Singing Bowl","floor":19.0},{"not_picked":["True Grit","Anger","Cleave"],"picked":"Singing Bowl","floor":21.0},{"not_picked":["Thunderclap","Carnage"],"picked":"Ghostly Armor","floor":22.0},{"not_picked":["Reckless Charge","Twin Strike","Perfected Strike"],"picked":"Singing Bowl","floor":24.0},{"not_picked":["Bludgeon","Sever Soul+1","Pommel Strike"],"picked":"Singing Bowl","floor":29.0},{"not_picked":["Exhume","Fiend Fire"],"picked":"Juggernaut","floor":33.0},{"not_picked":["Dropkick","Armaments"],"picked":"Inflame+1","floor":35.0},{"not_picked":["Flex+1","Armaments"],"picked":"Shrug It Off","floor":37},{"not_picked":["Reaper","Uppercut+1","Barricade"],"picked":"Singing Bowl","floor":44}],"player_experience":1112192,"relics_obtained":[{"floor":9.0,"key":"Bronze Scales"},{"floor":13.0,"key":"Mercury Hourglass"},{"floor":14.0,"key":"Singing Bowl"},{"floor":22.0,"key":"Red Mask"},{"floor":24.0,"key":"Omamori"},{"floor":26.0,"key":"The Courier"},{"floor":29.0,"key":"Thread and Needle"},{"floor":37,"key":"Peace Pipe"},{"floor":43,"key":"Shuriken"},{"floor":44,"key":"Boot"}],"event_choices":[{"damage_healed":0.0,"max_hp_gain":0.0,"max_hp_loss":0.0,"gold_gain":0.0,"event_name":"FaceTrader","player_choice":"Trade","floor":3.0,"gold_loss":0.0,"damage_taken":0.0,"relics_obtained":["SsserpentHead"]},{"damage_healed":0.0,"max_hp_gain":5.0,"max_hp_loss":0.0,"gold_gain":0.0,"event_name":"Big Fish","player_choice":"Donut","floor":7.0,"gold_loss":0.0,"damage_taken":0.0},{"damage_healed":0.0,"max_hp_gain":0.0,"max_hp_loss":0.0,"gold_gain":0.0,"event_name":"Addict","player_choice":"Stole Relic","floor":20.0,"gold_loss":0.0,"damage_taken":0.0,"relics_obtained":["War Paint"],"cards_obtained":["Shame"]},{"damage_healed":0.0,"max_hp_gain":0.0,"max_hp_loss":0.0,"gold_gain":0.0,"event_name":"Masked Bandits","player_choice":"Fought Bandits","floor":22.0,"gold_loss":0.0,"damage_taken":0.0},{"damage_healed":0.0,"max_hp_gain":0.0,"max_hp_loss":0.0,"gold_gain":0.0,"event_name":"The Mausoleum","player_choice":"Opened","floor":31.0,"gold_loss":0.0,"damage_taken":0.0,"relics_obtained":["PreservedInsect"],"cards_obtained":["Writhe"]},{"damage_healed":0,"gold_gain":0,"player_choice":"Fight","damage_taken":0,"max_hp_gain":0,"max_hp_loss":0,"event_name":"MindBloom","floor":37,"gold_loss":0},{"damage_healed":0,"gold_gain":0,"player_choice":"Gave Potion","damage_taken":0,"relics_obtained":["Dream Catcher"],"max_hp_gain":0,"max_hp_loss":0,"event_name":"WeMeetAgain","floor":38,"gold_loss":0},{"damage_healed":0,"gold_gain":0,"player_choice":"Max HP","damage_taken":0,"max_hp_gain":0,"max_hp_loss":5,"event_name":"Winding Halls","floor":39,"gold_loss":0},{"cards_removed":["Ghostly Armor"],"damage_healed":0,"gold_gain":0,"player_choice":"Removed Skill","damage_taken":0,"max_hp_gain":0,"max_hp_loss":0,"event_name":"Falling","floor":41,"gold_loss":0}],"is_beta":false,"boss_relics":[{"not_picked":["Astrolabe","Busted Crown"],"picked":"Cursed Key"},{"not_picked":["Runic Cube","Velvet Choker"],"picked":"Black Blood"}],"items_purged_floors":[2,27,36],"is_endless":false,"potions_floor_spawned":[1,4,16,18,19,24,29,37],"killed_by":"3 Darklings","ascension_level":10}