{"gold_per_floor":[115,115,125,125,275,275,275,301,352,369,369,384,3,19,19,94,94,107,107,124,42,61,61,35,35,58,5,5,17,36,86,86,157,157,177,195,214,214,230,277,277,277],"floor_reached":42,"playtime":1909,"items_purged":["Doubt"],"score":747,"play_id":"b4e2dab7-ff5c-4e59-9726-dcf3aba8bb85","local_time":"20181006011915","is_ascension_mode":true,"campfire_choices":[{"data":"Thunderclap","floor":6,"key":"SMITH"},{"data":"Feed","floor":11,"key":"SMITH"},{"data":"Uppercut","floor":15,"key":"SMITH"},{"data":"Body Slam","floor":23,"key":"SMITH"},{"data":"Metallicize","floor":25,"key":"SMITH"},{"data":"Metallicize","floor":28,"key":"SMITH"},{"data":"Metallicize","floor":32,"key":"SMITH"},{"floor":41,"key":"REST"}],"neow_cost":"NONE","seed_source_timestamp":1845729072612332,"circlet_count":0,"master_deck":["Strike_R","Strike_R","Strike_R","Strike_R","Defend_R+1","Defend_R","Defend_R","Defend_R","Bash+1","AscendersBane","Rage+1","Thunderclap+1","Feed+1","Uppercut+1","Metallicize+1","Metallicize+1","Impervious","Pummel","Injury","Body Slam+1","Metallicize+1","Headbutt","Warcry","Writhe","Shrug It Off","Shrug It Off","Offering","Shrug It Off","Pommel Strike","Impervious","Whirlwind","True Grit+1","Rage+1","Iron Wave"],"special_seed":0,"relics":["Burning Blood","Question Card","Potion Belt","Du-Vu Doll","Cursed Key","Sundial","Oddly Smooth Stone","Orrery","Ice Cream"],"potions_floor_usage":[14,16,33,33,36,37],"damage_taken":[{"damage":10,"enemies":"2 Louse","floor":1,"turns":4},{"damage":7,"enemies":"Jaw Worm","floor":3,"turns":4},{"damage":32,"enemies":"Gremlin Nob","floor":8,"turns":5},{"damage":1,"enemies":"Cultist","floor":10,"turns":4},{"damage":10,"enemies":"Red Slaver","floor":12,"turns":5},{"damage":0,"enemies":"Looter","floor":14,"turns":3},{"damage":39,"enemies":"Hexaghost","floor":16,"turns":13},{"damage":20,"enemies":"Spheric Guardian","floor":18,"turns":7},{"damage":7,"enemies":"Shell Parasite","floor":20,"turns":8},{"damage":0,"enemies":"Snake Plant","floor":22,"turns":4},{"damage":1,"enemies":"Centurion and Healer","floor":29,"turns":5},{"damage":3,"enemies":"Snecko","floor":30,"turns":5},{"damage":86,"enemies":"Collector","floor":33,"turns":17},{"damage":28,"enemies":"3 Darklings","floor":35,"turns":4},{"damage":1,"enemies":"3 Shapes","floor":36,"turns":11},{"damage":19,"enemies":"Reptomancer","floor":37,"turns":9},{"damage":11,"enemies":"4 Shapes","floor":39,"turns":5},{"damage":31,"enemies":"Mysterious Sphere","floor":40,"turns":8},{"damage":76,"enemies":"Giant Head","floor":42,"turns":9}],"seed_played":"2792606267861953684","potions_obtained":[{"floor":8,"key":"BloodPotion"},{"floor":14,"key":"Fruit Juice"},{"floor":16,"key":"SteroidPotion"},{"floor":20,"key":"Ancient Potion"},{"floor":29,"key":"BloodPotion"},{"floor":33,"key":"Block Potion"},{"floor":35,"key":"AttackPotion"},{"floor":36,"key":"LiquidBronze"}],"is_trial":false,"path_per_floor":["M","?","M","?","?","R","?","E","T","M","R","M","$","M","R","B",null,"M","T","M","$","M","R","$","R","T","$","R","M","M","?","R","B",null,"M","M","M","?","M","?","R"],"character_chosen":"IRONCLAD","items_purchased":["Du-Vu Doll","Metallicize","Warcry","Shrug It Off"],"campfire_rested":1,"item_purchase_floors":[13,21,24,27],"current_hp_per_floor":[64,57,56,56,56,56,56,30,30,38,38,34,34,49,49,24,71,61,61,64,64,70,70,70,70,70,70,70,79,82,82,82,11,77,55,64,55,39,38,17,51,0],"gold":277,"neow_bonus":"UPGRADE_CARD","is_prod":false,"is_daily":false,"chose_seed":false,"campfire_upgraded":7,"win_rate":0,"timestamp":1538803155,"path_taken":["M","?","?","?","?","R","?","E","T","M","R","?","$","?","R","BOSS","M","?","M","?","M","R","?","R","T","$","R","?","M","?","R","BOSS","M","M","M","?","M","?","R","E"],"build_version":"2018-10-04v2","purchased_purges":1,"victory":false,"max_hp_per_floor":[75,75,75,75,75,75,75,75,75,78,78,78,78,87,87,87,87,91,91,95,95,95,95,95,95,95,95,95,99,99,99,99,99,99,99,103,107,107,111,115,115,115],"card_choices":[{"not_picked":["Sword Boomerang","Burning Pact"],"picked":"Rage","floor":1},{"not_picked":["Wild Strike","Disarm"],"picked":"Thunderclap","floor":3},{"not_picked":["Shrug It Off","Armaments"],"picked":"Feed","floor":8},{"not_picked":["Combust","Heavy Blade","Iron Wave"],"picked":"Uppercut","floor":10},{"not_picked":["Flame Barrier","Body Slam","Warcry"],"picked":"Metallicize","floor":12},{"not_picked":["Clash","Flex","Sever Soul"],"picked":"Metallicize","floor":14},{"not_picked":["Berserk","Reaper","Feed"],"picked":"Impervious","floor":16},{"not_picked":["Headbutt","Cleave","Seeing Red"],"picked":"Pummel","floor":18},{"not_picked":["Anger","Thunderclap","Headbutt"],"picked":"Body Slam","floor":20},{"not_picked":["Reckless Charge","Anger","Sever Soul"],"picked":"Headbutt","floor":22},{"not_picked":["Rage","Armaments","Perfected Strike"],"picked":"Shrug It Off","floor":29},{"not_picked":["Clash","Flex","Fire Breathing","Thunderclap"],"picked":"SKIP","floor":30},{"not_picked":["Feed","Bludgeon","Immolate"],"picked":"Offering","floor":33},{"not_picked":["Pommel Strike","Heavy Blade","Pummel"],"picked":"Shrug It Off","floor":34},{"not_picked":["Second Wind","Thunderclap","Perfected Strike"],"picked":"Pommel Strike","floor":34},{"not_picked":["Twin Strike","Metallicize","Cleave"],"picked":"Impervious","floor":34},{"not_picked":["Uppercut","Clash","Armaments"],"picked":"Whirlwind","floor":34},{"not_picked":["Sword Boomerang","Iron Wave","Cleave"],"picked":"True Grit+1","floor":35},{"not_picked":["Inflame","Dark Embrace","Reckless Charge+1","Heavy Blade+1"],"picked":"SKIP","floor":36},{"not_picked":["Clash","Wild Strike","Shrug It Off"],"picked":"Rage+1","floor":37},{"not_picked":["Anger","Rage","Clothesline"],"picked":"Iron Wave","floor":39}],"player_experience":813906,"relics_obtained":[{"floor":8,"key":"Question Card"},{"floor":9,"key":"Potion Belt"},{"floor":19,"key":"Sundial"},{"floor":26,"key":"Oddly Smooth Stone"},{"floor":40,"key":"Ice Cream"}],"event_choices":[{"event_name":"Golden Wing","player_choice":"Card Removal","floor":2,"damage_taken":0},{"event_name":"Living Wall","player_choice":"Grow","floor":4,"damage_taken":0},{"event_name":"Liars Game","player_choice":"agreed","floor":5,"damage_taken":0},{"event_name":"Upgrade Shrine","player_choice":"Upgraded","floor":7,"damage_taken":0},{"event_name":"Golden Shrine","player_choice":"Pray","floor":31,"damage_taken":0},{"event_name":"Wheel of Change","player_choice":"Damage","floor":38,"damage_taken":0},{"event_name":"Mysterious Sphere","player_choice":"Fight","floor":40,"damage_taken":0}],"is_beta":false,"boss_relics":[{"not_picked":["Astrolabe","Pandora\u0027s Box"],"picked":"Cursed Key"},{"not_picked":["Philosopher\u0027s Stone","Lizard Tail"],"picked":"Orrery"}],"items_purged_floors":[13],"is_endless":false,"potions_floor_spawned":[8,14,16,20,29,33,35,36],"killed_by":"Giant Head","ascension_level":15}