{"gold_per_floor":[109,120,139,139,159,159,184,184,184,197,197,197,197,211,211,310,310,325,335,335,335,347,347,360,360],"floor_reached":25,"playtime":984,"items_purged":[],"score":308,"play_id":"b11950f9-6477-4866-9a42-5e090425f4ea","local_time":"20190803001907","is_ascension_mode":true,"campfire_choices":[{"data":"Armaments","floor":6.0,"key":"SMITH"},{"floor":8.0,"key":"REST"},{"data":"Rage","floor":11.0,"key":"SMITH"},{"floor":13.0,"key":"REST"},{"data":"Shrug It Off","floor":15.0,"key":"SMITH"},{"floor":23,"key":"REST"}],"neow_cost":"NONE","seed_source_timestamp":0,"circlet_count":0,"master_deck":["AscendersBane","Bash","Rage+1","Infernal Blade+1","Shrug It Off+1","Rampage+1","Armaments+1","Impervious","Juggernaut","Immolate","Battle Trance","Infernal Blade","Impervious","Wild Strike","Heavy Blade","Fire Breathing","Entrench","Wild Strike","Flame Barrier"],"special_seed":0,"relics":["Burning Blood","Torii","Pocketwatch","Pandora\u0027s Box","Enchiridion","Shovel"],"potions_floor_usage":[18,18,22],"damage_taken":[{"damage":2.0,"enemies":"2 Louse","floor":1.0,"turns":3.0},{"damage":0.0,"enemies":"Small Slimes","floor":2.0,"turns":2.0},{"damage":0.0,"enemies":"Cultist","floor":3.0,"turns":4.0},{"damage":10.0,"enemies":"3 Louse","floor":5.0,"turns":4.0},{"damage":66.0,"enemies":"Lagavulin","floor":7.0,"turns":7.0},{"damage":0.0,"enemies":"Exordium Thugs","floor":10.0,"turns":3.0},{"damage":1.0,"enemies":"Gremlin Gang","floor":14.0,"turns":5.0},{"damage":34.0,"enemies":"The Guardian","floor":16.0,"turns":9.0},{"damage":17,"enemies":"2 Thieves","floor":18,"turns":3},{"damage":24,"enemies":"Shell Parasite","floor":19,"turns":6},{"damage":18,"enemies":"Snecko","floor":22,"turns":5},{"damage":14,"enemies":"Cultist and Chosen","floor":24,"turns":6},{"damage":0,"enemies":"Snake Plant","floor":25,"turns":1}],"seed_played":"-627039243071915308","potions_obtained":[{"floor":1.0,"key":"LiquidBronze"},{"floor":7.0,"key":"Fire Potion"},{"floor":10.0,"key":"EssenceOfSteel"},{"floor":16.0,"key":"Poison Potion"},{"floor":19,"key":"Ancient Potion"},{"floor":24,"key":"SkillPotion"}],"is_trial":false,"path_per_floor":["M","M","M","?","M","R","E","R","T","M","R","?","R","M","R","B",null,"M","M","?","?","M","R","M","M"],"character_chosen":"IRONCLAD","items_purchased":[],"campfire_rested":3,"item_purchase_floors":[],"current_hp_per_floor":[76,80,80,80,76,76,16,40,40,46,46,46,70,75,75,47,72,61,43,27,27,15,39,31,31],"gold":360,"neow_bonus":"THREE_CARDS","is_prod":false,"is_daily":false,"chose_seed":false,"campfire_upgraded":3,"win_rate":0,"timestamp":1564805947,"path_taken":["M","M","M","?","M","R","E","R","T","M","R","?","R","M","R","BOSS","M","M","?","?","M","R","M","M"],"build_version":"2019-07-17","purchased_purges":0,"victory":false,"max_hp_per_floor":[80,80,80,80,80,80,80,80,80,80,80,80,80,80,80,80,80,80,80,80,80,80,80,80,80],"card_choices":[{"not_picked":["True Grit","Clash"],"picked":"Rage","floor":0.0},{"not_picked":["Second Wind","Wild Strike"],"picked":"Infernal Blade","floor":1.0},{"not_picked":["Clash","Body Slam"],"picked":"Shrug It Off","floor":2.0},{"not_picked":["Corruption","Anger"],"picked":"Rampage","floor":3.0},{"not_picked":["Carnage","Twin Strike"],"picked":"Armaments","floor":5.0},{"not_picked":["Sword Boomerang","Hemokinesis"],"picked":"Impervious","floor":7.0},{"not_picked":["Iron Wave","Warcry","Corruption"],"picked":"SKIP","floor":10.0},{"not_picked":["Clash","Evolve","Combust"],"picked":"SKIP","floor":14.0},{"not_picked":["Double Tap","Limit Break"],"picked":"Juggernaut","floor":16.0},{"not_picked":["Wild Strike","Dropkick","Twin Strike"],"picked":"SKIP","floor":18},{"not_picked":["Wild Strike","Battle Trance"],"picked":"Flame Barrier","floor":19},{"not_picked":["Thunderclap","Perfected Strike","Shrug It Off"],"picked":"SKIP","floor":22},{"not_picked":["Headbutt","Clothesline","Armaments"],"picked":"SKIP","floor":24}],"player_experience":1120022,"relics_obtained":[{"floor":7.0,"key":"Torii"},{"floor":9.0,"key":"Pocketwatch"},{"floor":20,"key":"Enchiridion"}],"event_choices":[{"damage_healed":0.0,"max_hp_gain":0.0,"max_hp_loss":0.0,"gold_gain":0.0,"event_name":"Living Wall","player_choice":"Grow","floor":4.0,"gold_loss":0.0,"damage_taken":0.0,"cards_upgraded":["Rampage"]},{"damage_healed":0.0,"max_hp_gain":0.0,"max_hp_loss":0.0,"gold_gain":0.0,"event_name":"Upgrade Shrine","player_choice":"Upgraded","floor":12.0,"gold_loss":0.0,"damage_taken":0.0,"cards_upgraded":["Infernal Blade"]},{"damage_healed":0,"gold_gain":0,"player_choice":"Obtained Book","damage_taken":16,"max_hp_gain":0,"max_hp_loss":0,"event_name":"Cursed Tome","floor":20,"gold_loss":0},{"damage_healed":0,"gold_gain":0,"player_choice":"Opened","damage_taken":0,"relics_obtained":["Shovel"],"max_hp_gain":0,"max_hp_loss":0,"event_name":"The Mausoleum","floor":21,"gold_loss":0}],"is_beta":false,"boss_relics":[{"not_picked":["Velvet Choker","Runic Cube"],"picked":"Pandora\u0027s Box"}],"items_purged_floors":[],"is_endless":false,"potions_floor_spawned":[1,7,10,16,19,24],"killed_by":"Snake Plant","ascension_level":10}