{"gold_per_floor":[115,130,60,74,74,74,107,124,147,72,72,72,91,109,109,109],"floor_reached":16,"playtime":535,"items_purged":["Defend_G"],"score":122,"play_id":"aeb1d891-7aaf-417f-87db-dcd0080c2498","local_time":"20190515163419","is_ascension_mode":true,"campfire_choices":[{"data":"Unload","floor":6.0,"key":"SMITH"},{"floor":11,"key":"REST"},{"floor":15,"key":"REST"}],"neow_cost":"NONE","seed_source_timestamp":23146771484346,"circlet_count":0,"master_deck":["Defend_G","Defend_G","Defend_G","Defend_G","Strike_G","Strike_G","Strike_G","Strike_G","Strike_G","Survivor","Neutralize","Unload+1","Distraction+1","Accuracy","Outmaneuver","Accuracy+1"],"special_seed":0,"relics":["Ring of the Snake","Strawberry"],"potions_floor_usage":[7,7],"damage_taken":[{"damage":0.0,"enemies":"Cultist","floor":1.0,"turns":3.0},{"damage":2.0,"enemies":"Small Slimes","floor":2.0,"turns":3.0},{"damage":7.0,"enemies":"Jaw Worm","floor":4.0,"turns":4.0},{"damage":24,"enemies":"Gremlin Nob","floor":7,"turns":4},{"damage":7,"enemies":"2 Fungi Beasts","floor":8,"turns":3},{"damage":42,"enemies":"Exordium Thugs","floor":13,"turns":7},{"damage":10,"enemies":"Red Slaver","floor":14,"turns":4},{"damage":46,"enemies":"Slime Boss","floor":16,"turns":6}],"seed_played":"-2166128510849907090","potions_obtained":[{"floor":2.0,"key":"Swift Potion"},{"floor":4.0,"key":"SkillPotion"}],"is_trial":false,"path_per_floor":["M","M","$","M","?","R","E","M","T","$","R","?","M","M","R","B"],"character_chosen":"THE_SILENT","items_purchased":["Accuracy"],"campfire_rested":2,"item_purchase_floors":[3],"current_hp_per_floor":[70,68,68,61,61,61,44,37,37,37,60,60,18,8,31,0],"gold":109,"neow_bonus":"ONE_RANDOM_RARE_CARD","is_prod":false,"is_daily":false,"chose_seed":false,"campfire_upgraded":1,"win_rate":0,"timestamp":1557952459,"path_taken":["M","M","$","?","?","R","E","M","T","?","R","?","M","M","R","BOSS"],"build_version":"2019-01-23","purchased_purges":1,"victory":false,"max_hp_per_floor":[70,70,70,70,70,70,77,77,77,77,77,77,77,77,77,77],"card_choices":[{"not_picked":["Dagger Spray","Deflect"],"picked":"Distraction","floor":1.0},{"not_picked":["Expertise","Reflex","Backflip"],"picked":"SKIP","floor":2.0},{"not_picked":["Backflip","Endless Agony"],"picked":"Outmaneuver","floor":4.0},{"not_picked":["Dagger Spray","Dagger Throw","Flechettes"],"picked":"SKIP","floor":7},{"not_picked":["Slice","Well Laid Plans"],"picked":"Accuracy","floor":8},{"not_picked":["Prepared","Eviscerate","PiercingWail"],"picked":"SKIP","floor":13},{"not_picked":["Tactician","PiercingWail","Slice"],"picked":"SKIP","floor":14}],"player_experience":993689,"relics_obtained":[{"floor":7,"key":"Strawberry"}],"event_choices":[{"damage_healed":0.0,"max_hp_gain":0.0,"max_hp_loss":0.0,"gold_gain":0.0,"event_name":"Living Wall","player_choice":"Grow","floor":5.0,"gold_loss":0.0,"damage_taken":0.0,"cards_upgraded":["Distraction"]},{"damage_healed":0,"gold_gain":0,"player_choice":"Upgraded","damage_taken":0,"max_hp_gain":0,"max_hp_loss":0,"event_name":"Upgrade Shrine","floor":12,"gold_loss":0,"cards_upgraded":["Accuracy"]}],"is_beta":false,"boss_relics":[],"items_purged_floors":[10],"is_endless":false,"potions_floor_spawned":[2,4],"killed_by":"Slime Boss","ascension_level":4}