{"gold_per_floor":[116,116,129,142,154,154,189,201,246,263,233,245,245,261,261,261],"floor_reached":16,"playtime":806,"items_purged":[],"score":159,"play_id":"8c9f6ec7-b359-407d-9873-458ac74f9159","local_time":"20190722011446","is_ascension_mode":true,"campfire_choices":[{"data":"Heavy Blade","floor":6,"key":"SMITH"},{"floor":13,"key":"REST"},{"floor":15,"key":"REST"}],"neow_cost":"NONE","seed_source_timestamp":1029081534856827,"circlet_count":0,"master_deck":["AscendersBane","Strike_R","Strike_R","Strike_R","Strike_R","Defend_R","Defend_R","Defend_R","Defend_R","Bash","Heavy Blade","Armaments","Heavy Blade+1","Heavy Blade","Shrug It Off"],"relics":["Burning Blood","Happy Flower","PreservedInsect"],"potions_floor_usage":[5,8,14,16],"damage_taken":[{"damage":0,"enemies":"Small Slimes","floor":1,"turns":3},{"damage":1,"enemies":"Cultist","floor":3,"turns":4},{"damage":6,"enemies":"2 Louse","floor":4,"turns":2},{"damage":13,"enemies":"Lots of Slimes","floor":5,"turns":5},{"damage":54,"enemies":"3 Sentries","floor":7,"turns":13},{"damage":11,"enemies":"Exordium Wildlife","floor":8,"turns":5},{"damage":5,"enemies":"Looter","floor":10,"turns":4},{"damage":1,"enemies":"Large Slime","floor":12,"turns":5},{"damage":21,"enemies":"Gremlin Gang","floor":14,"turns":4},{"damage":81,"enemies":"The Guardian","floor":16,"turns":6}],"seed_played":"-6803956467659328830","potions_obtained":[{"floor":1,"key":"Ancient Potion"},{"floor":3,"key":"PowerPotion"},{"floor":10,"key":"SkillPotion"},{"floor":11,"key":"FairyPotion"},{"floor":11,"key":"Explosive Potion"},{"floor":14,"key":"Dexterity Potion"}],"is_trial":false,"path_per_floor":["M","?","M","M","M","R","E","M","T","M","?","M","R","M","R","B"],"character_chosen":"IRONCLAD","items_purchased":[],"campfire_rested":2,"item_purchase_floors":[],"current_hp_per_floor":[86,86,88,88,81,81,33,28,28,29,29,34,60,45,71,0],"gold":261,"neow_bonus":"TEN_PERCENT_HP_BONUS","is_prod":false,"is_daily":false,"chose_seed":false,"campfire_upgraded":1,"win_rate":0,"timestamp":1563772486,"path_taken":["M","?","M","?","M","R","E","M","T","M","?","M","R","?","R","BOSS"],"build_version":"2019-07-17","purchased_purges":0,"victory":false,"max_hp_per_floor":[88,88,88,88,88,88,88,88,88,88,88,88,88,88,88,88],"card_choices":[{"not_picked":["Infernal Blade","Corruption"],"picked":"Heavy Blade","floor":1},{"not_picked":["Body Slam","Twin Strike"],"picked":"Armaments","floor":3},{"not_picked":["Fire Breathing","Pommel Strike","Blood for Blood"],"picked":"SKIP","floor":4},{"not_picked":["Reckless Charge","Carnage"],"picked":"Heavy Blade","floor":5},{"not_picked":["Twin Strike","Havoc"],"picked":"Heavy Blade","floor":7},{"not_picked":["Immolate","True Grit"],"picked":"Shrug It Off","floor":8},{"not_picked":["Rupture","True Grit","Intimidate"],"picked":"SKIP","floor":10},{"not_picked":["Carnage","Warcry","Burning Pact"],"picked":"SKIP","floor":12},{"not_picked":["Clothesline","Entrench","Reckless Charge"],"picked":"SKIP","floor":14}],"player_experience":1097100,"relics_obtained":[{"floor":7,"key":"Happy Flower"},{"floor":9,"key":"PreservedInsect"}],"event_choices":[{"cards_removed":["Strike_R"],"damage_healed":0,"gold_gain":0,"player_choice":"Offered Basic","damage_taken":0,"max_hp_gain":0,"max_hp_loss":0,"event_name":"Bonfire Elementals","floor":2,"gold_loss":0},{"damage_healed":0,"gold_gain":0,"player_choice":"Bought 2 Potions","damage_taken":0,"max_hp_gain":0,"max_hp_loss":0,"event_name":"The Woman in Blue","floor":11,"gold_loss":0}],"is_beta":false,"boss_relics":[],"items_purged_floors":[],"is_endless":false,"potions_floor_spawned":[1,3,10,14],"killed_by":"The Guardian","ascension_level":10}