{"gold_per_floor":[119,119,119,42,54,54,67,67,148,59,86,102,62,97,97,174,174,191,191,191],"floor_reached":20,"playtime":592,"items_purged":[],"score":360,"play_id":"22b3a9fd-fd88-4ff5-a7ba-6097db721be0","local_time":"20190604021019","is_ascension_mode":true,"campfire_choices":[{"data":"Chaos","floor":6.0,"key":"SMITH"},{"data":"Zap","floor":8.0,"key":"SMITH"},{"data":"Defragment","floor":15,"key":"SMITH"}],"neow_cost":"NONE","seed_source_timestamp":124911325739823,"circlet_count":0,"master_deck":["AscendersBane","Strike_B","Strike_B","Defend_B","Defend_B","Defend_B","Defend_B","Zap+1","Dualcast","Skim","Conserve Battery","Skim","Chaos+1","Loop","Defragment","Compile Driver","Defragment+1","Recycle","Coolheaded","Meteor Strike","Turbo","BootSequence","White Noise","Reinforced Body","White Noise","Coolheaded"],"special_seed":0,"relics":["Cracked Core","NeowsBlessing","Question Card","Mercury Hourglass","Oddly Smooth Stone","Orrery"],"potions_floor_usage":[],"damage_taken":[{"damage":0.0,"enemies":"Jaw Worm","floor":1.0,"turns":1.0},{"damage":0.0,"enemies":"2 Louse","floor":5.0,"turns":1.0},{"damage":0.0,"enemies":"Cultist","floor":7.0,"turns":1.0},{"damage":55.0,"enemies":"Gremlin Nob","floor":11.0,"turns":4.0},{"damage":2,"enemies":"Exordium Thugs","floor":12,"turns":3},{"damage":3,"enemies":"Lagavulin","floor":14,"turns":5},{"damage":26,"enemies":"The Guardian","floor":16,"turns":10},{"damage":18,"enemies":"Chosen","floor":18,"turns":4},{"damage":31,"enemies":"Colosseum Slavers","floor":19,"turns":5},{"damage":6,"enemies":"Shell Parasite","floor":20,"turns":2}],"seed_played":"8873985556753394859","potions_obtained":[{"floor":1.0,"key":"FairyPotion"},{"floor":12,"key":"Poison Potion"},{"floor":16,"key":"FocusPotion"},{"floor":18,"key":"FocusPotion"}],"is_trial":false,"path_per_floor":["M","?","?","$","M","R","M","R","T","$","E","M","$","E","R","B",null,"M","?","M"],"character_chosen":"DEFECT","items_purchased":["Skim","Defragment","Recycle"],"campfire_rested":0,"item_purchase_floors":[4,10,13],"current_hp_per_floor":[64,64,64,64,64,64,64,64,64,64,9,7,7,4,4,7,55,37,6,0],"gold":191,"neow_bonus":"THREE_ENEMY_KILL","is_prod":false,"is_daily":false,"chose_seed":false,"campfire_upgraded":3,"win_rate":0,"timestamp":1559585419,"path_taken":["M","?","?","$","?","R","M","R","T","$","E","M","?","E","R","BOSS","M","?","M"],"build_version":"2019-01-23","purchased_purges":0,"victory":false,"max_hp_per_floor":[71,71,71,71,71,71,71,71,71,71,71,71,71,71,71,71,71,71,71,71],"card_choices":[{"not_picked":["Rebound","Leap"],"picked":"Skim","floor":1.0},{"not_picked":["Redo","Go for the Eyes"],"picked":"Chaos","floor":5.0},{"not_picked":["BootSequence","Steam"],"picked":"Loop","floor":7.0},{"not_picked":["Barrage","Conserve Battery","Scrape"],"picked":"Compile Driver","floor":11.0},{"not_picked":["Coolheaded","Stack","Beam Cell"],"picked":"Defragment","floor":12},{"not_picked":["Sweeping Beam","Leap","Lockon"],"picked":"Coolheaded","floor":14},{"not_picked":["Buffer","Echo Form","Thunder Strike"],"picked":"Meteor Strike","floor":16},{"not_picked":["Ball Lightning","Doom and Gloom","Scrape"],"picked":"Turbo","floor":17},{"not_picked":["Leap","Reprogram","Cold Snap"],"picked":"BootSequence","floor":17},{"not_picked":["Cold Snap","Rebound","Redo"],"picked":"White Noise","floor":17},{"not_picked":["Stack","FTL","Gash"],"picked":"Reinforced Body","floor":17},{"not_picked":["Steam Power","Streamline","Stack"],"picked":"White Noise","floor":17},{"not_picked":["Stack","Gash","Sweeping Beam+1"],"picked":"Coolheaded","floor":18}],"player_experience":1860126,"relics_obtained":[{"floor":9.0,"key":"Question Card"},{"floor":11.0,"key":"Mercury Hourglass"},{"floor":14,"key":"Oddly Smooth Stone"}],"event_choices":[{"damage_healed":0.0,"max_hp_gain":0.0,"max_hp_loss":0.0,"gold_gain":0.0,"cards_transformed":["Strike_B"],"event_name":"Living Wall","player_choice":"Change","floor":2.0,"gold_loss":0.0,"damage_taken":0.0,"cards_obtained":["Conserve Battery"]},{"cards_removed":["Strike_B"],"damage_healed":0.0,"max_hp_gain":0.0,"max_hp_loss":0.0,"gold_gain":0.0,"event_name":"Bonfire Elementals","player_choice":"Offered Basic","floor":3.0,"gold_loss":0.0,"damage_taken":0.0},{"damage_healed":0,"gold_gain":0,"player_choice":"Fight","damage_taken":0,"max_hp_gain":0,"max_hp_loss":0,"event_name":"Colosseum","floor":19,"gold_loss":0},{"damage_healed":0,"gold_gain":0,"player_choice":"Fled From Nobs","damage_taken":0,"max_hp_gain":0,"max_hp_loss":0,"event_name":"Colosseum","floor":19,"gold_loss":0}],"is_beta":false,"boss_relics":[{"not_picked":["Coffee Dripper","Black Star"],"picked":"Orrery"}],"items_purged_floors":[],"is_endless":false,"potions_floor_spawned":[1,12,16,18],"killed_by":"Shell Parasite","ascension_level":20}