{"gold_per_floor":[11,31,47,66,66,66,86,86,135,135,151,151,167,167,167,270,270,287,287,287,27,41,71,86,6,6,6,0,29,29,29,29,124,124,141,66,46,57,72,72,85,104,104,30,47,47,72,91,91,91,91,91,31,31],"floor_reached":54,"playtime":2762,"items_purged":["Parasite"],"score":699,"play_id":"ca2e9cc2-b144-406e-848f-982e08082b61","local_time":"20190305012415","is_ascension_mode":false,"campfire_choices":[{"floor":6.0,"key":"REST"},{"data":"Caltrops","floor":8.0,"key":"SMITH"},{"data":"Cloak And Dagger","floor":10.0,"key":"SMITH"},{"data":"Blade Dance","floor":12.0,"key":"SMITH"},{"floor":15.0,"key":"REST"},{"floor":27.0,"key":"REST"},{"floor":32.0,"key":"REST"},{"data":"Envenom","floor":40.0,"key":"SMITH"},{"floor":46.0,"key":"REST"},{"floor":49,"key":"RECALL"},{"data":"Cloak And Dagger","floor":52,"key":"SMITH"}],"neow_cost":"NO_GOLD","seed_source_timestamp":0,"circlet_count":0,"master_deck":["Defend_G","Defend_G+1","Defend_G","Defend_G","Defend_G","Strike_G","Strike_G+1","Strike_G","Strike_G","Strike_G","Survivor","Neutralize","All Out Attack","Cloak And Dagger+1","Cloak And Dagger+1","Finisher","Caltrops+1","Blade Dance+1","Envenom+1","RitualDagger","Blade Dance+1","After Image","Flying Knee","Noxious Fumes","Masterful Stab+1","Corpse Explosion","Blade Dance+1","Backstab+1","Noxious Fumes","Bane+1"],"special_seed":0,"relics":["Ring of the Snake","Incense Burner","Gremlin Horn","Vajra","Black Star","Ornamental Fan","Orichalcum","Darkstone Periapt","Molten Egg 2","Calipers","Anchor","Pantograph","Busted Crown","The Courier","Shuriken"],"potions_floor_usage":[47,50],"damage_taken":[{"damage":0.0,"enemies":"Small Slimes","floor":1.0,"turns":3.0},{"damage":1.0,"enemies":"Jaw Worm","floor":2.0,"turns":4.0},{"damage":0.0,"enemies":"2 Louse","floor":3.0,"turns":1.0},{"damage":2.0,"enemies":"Gremlin Gang","floor":4.0,"turns":6.0},{"damage":5.0,"enemies":"Red Slaver","floor":7.0,"turns":4.0},{"damage":2.0,"enemies":"3 Louse","floor":11.0,"turns":2.0},{"damage":6.0,"enemies":"Blue Slaver","floor":13.0,"turns":2.0},{"damage":4.0,"enemies":"Hexaghost","floor":16.0,"turns":6.0},{"damage":6.0,"enemies":"Chosen","floor":18.0,"turns":6.0},{"damage":0.0,"enemies":"2 Thieves","floor":22.0,"turns":3.0},{"damage":50.0,"enemies":"Slavers","floor":23.0,"turns":7.0},{"damage":0.0,"enemies":"Chosen and Byrds","floor":24.0,"turns":5.0},{"damage":11.0,"enemies":"Book of Stabbing","floor":29.0,"turns":5.0},{"damage":63.0,"enemies":"Champ","floor":33.0,"turns":10.0},{"damage":0.0,"enemies":"3 Shapes","floor":35.0,"turns":2.0},{"damage":0.0,"enemies":"3 Darklings","floor":38.0,"turns":3.0},{"damage":17.0,"enemies":"Maw","floor":39.0,"turns":7.0},{"damage":0.0,"enemies":"Writhing Mass","floor":41.0,"turns":5.0},{"damage":0.0,"enemies":"Sphere and 2 Shapes","floor":42.0,"turns":5.0},{"damage":23.0,"enemies":"Spire Growth","floor":45.0,"turns":4.0},{"damage":10,"enemies":"Nemesis","floor":47,"turns":4},{"damage":21,"enemies":"Maw","floor":48,"turns":6},{"damage":61,"enemies":"Donu and Deca","floor":50,"turns":7},{"damage":83,"enemies":"Shield and Spear","floor":54,"turns":5}],"seed_played":"2633892071926456396","potions_obtained":[{"floor":1.0,"key":"EntropicBrew"},{"floor":7.0,"key":"LiquidBronze"},{"floor":11.0,"key":"Fire Potion"},{"floor":23.0,"key":"AttackPotion"},{"floor":24.0,"key":"Swift Potion"},{"floor":35.0,"key":"Strength Potion"},{"floor":37.0,"key":"AttackPotion"},{"floor":39.0,"key":"SpeedPotion"},{"floor":45.0,"key":"SteroidPotion"}],"is_trial":false,"path_per_floor":["M","M","M","M","?","R","M","R","T","R","M","R","M","?","R","B",null,"M","?","?","$","M","E","M","$","T","R","?","E","T","?","R","B",null,"M","$","?","M","M","R","M","M","T","$","M","R","E","M","R","B",null,"R","$","E"],"character_chosen":"THE_SILENT","items_purchased":["Ornamental Fan","Noxious Fumes","Backstab+1","Noxious Fumes"],"campfire_rested":5,"item_purchase_floors":[21,25,36,44],"current_hp_per_floor":[70,69,69,67,34,55,50,50,50,50,48,48,42,28,49,45,70,64,58,58,58,58,8,8,8,8,29,29,18,18,18,39,1,70,70,70,70,70,53,53,59,59,59,59,36,58,48,27,27,7,76,76,73,0],"gold":31,"neow_bonus":"ONE_RARE_RELIC","is_prod":false,"is_daily":false,"chose_seed":false,"campfire_upgraded":5,"win_rate":0,"timestamp":1551767055,"path_taken":["M","M","M","M","?","R","M","R","T","R","M","R","M","?","R","BOSS","M","?","?","$","M","E","?","?","T","R","?","E","?","?","R","BOSS","M","$","?","?","M","R","M","M","T","$","M","R","E","M","R","BOSS","R","$","E"],"build_version":"2019-01-23","purchased_purges":1,"victory":false,"max_hp_per_floor":[70,70,70,70,70,70,70,70,70,70,70,70,70,70,70,70,70,70,70,70,70,70,70,70,70,70,70,70,70,70,70,70,70,70,70,70,70,70,70,70,76,76,76,76,76,76,76,76,76,76,76,76,73,73],"card_choices":[{"not_picked":["Predator","Underhanded Strike"],"picked":"All Out Attack","floor":1.0},{"not_picked":["Sucker Punch","Acrobatics"],"picked":"Cloak And Dagger","floor":2.0},{"not_picked":["Deflect","Dodge and Roll"],"picked":"Cloak And Dagger","floor":3.0},{"not_picked":["Bouncing Flask","Slice"],"picked":"Finisher","floor":4.0},{"not_picked":["Backflip","Cloak And Dagger"],"picked":"Caltrops","floor":7.0},{"not_picked":["All Out Attack","Deflect"],"picked":"Blade Dance","floor":11.0},{"not_picked":["Endless Agony","Eviscerate","Flying Knee"],"picked":"SKIP","floor":13.0},{"not_picked":["Burst","After Image"],"picked":"Envenom","floor":16.0},{"not_picked":["Reflex","Quick Slash","All Out Attack+1"],"picked":"SKIP","floor":18.0},{"not_picked":["Well Laid Plans","Deflect","PiercingWail+1"],"picked":"SKIP","floor":22.0},{"not_picked":["Cloak And Dagger","Slice"],"picked":"After Image","floor":23.0},{"not_picked":["Predator+1","Bane"],"picked":"Flying Knee","floor":24.0},{"not_picked":["Terror","Backflip+1"],"picked":"Masterful Stab+1","floor":29.0},{"not_picked":["Die Die Die+1","Venomology"],"picked":"Corpse Explosion","floor":33.0},{"not_picked":[],"picked":"Blade Dance+1","floor":35.0},{"not_picked":["Dash+1"],"picked":"SKIP","floor":38.0},{"not_picked":["Terror"],"picked":"SKIP","floor":39.0},{"not_picked":["Sucker Punch+1"],"picked":"SKIP","floor":41.0},{"not_picked":["Dagger Throw+1"],"picked":"SKIP","floor":42.0},{"not_picked":[],"picked":"Bane+1","floor":45.0},{"not_picked":["Deadly Poison"],"picked":"SKIP","floor":47},{"not_picked":["Deflect"],"picked":"SKIP","floor":48}],"player_experience":632280,"relics_obtained":[{"floor":9.0,"key":"Vajra"},{"floor":23.0,"key":"Orichalcum"},{"floor":23.0,"key":"Darkstone Periapt"},{"floor":26.0,"key":"Molten Egg 2"},{"floor":29.0,"key":"Calipers"},{"floor":29.0,"key":"Anchor"},{"floor":30.0,"key":"Pantograph"},{"floor":47,"key":"The Courier"},{"floor":47,"key":"Shuriken"}],"event_choices":[{"damage_healed":0.0,"max_hp_gain":0.0,"max_hp_loss":0.0,"gold_gain":0.0,"event_name":"Scrap Ooze","player_choice":"Success","floor":5.0,"gold_loss":0.0,"damage_taken":33.0,"relics_obtained":["Gremlin Horn"]},{"damage_healed":0.0,"max_hp_gain":0.0,"max_hp_loss":0.0,"gold_gain":0.0,"event_name":"Shining Light","player_choice":"Entered Light","floor":14.0,"gold_loss":0.0,"damage_taken":14.0,"cards_upgraded":["Defend_G","Strike_G"]},{"damage_healed":0.0,"max_hp_gain":0.0,"max_hp_loss":0.0,"gold_gain":0.0,"event_name":"Nest","player_choice":"Joined the Cult","floor":19.0,"gold_loss":0.0,"damage_taken":6.0,"cards_obtained":["RitualDagger"]},{"damage_healed":0.0,"max_hp_gain":0.0,"max_hp_loss":0.0,"gold_gain":0.0,"event_name":"Duplicator","player_choice":"Copied","floor":20.0,"gold_loss":0.0,"damage_taken":0.0,"cards_obtained":["Blade Dance"]},{"damage_healed":0.0,"max_hp_gain":0.0,"max_hp_loss":0.0,"gold_gain":0.0,"event_name":"Masked Bandits","player_choice":"Paid Fearfully","floor":28.0,"gold_loss":6.0,"damage_taken":0.0},{"damage_healed":0.0,"max_hp_gain":0.0,"max_hp_loss":0.0,"gold_gain":0.0,"event_name":"Ghosts","player_choice":"Ignored","floor":31.0,"gold_loss":0.0,"damage_taken":0.0},{"damage_healed":0.0,"max_hp_gain":0.0,"max_hp_loss":0.0,"gold_gain":0.0,"event_name":"The Woman in Blue","player_choice":"Bought 1 Potion","floor":37.0,"gold_loss":0.0,"damage_taken":0.0}],"is_beta":false,"boss_relics":[{"not_picked":["Velvet Choker","Coffee Dripper"],"picked":"Black Star"},{"not_picked":["HoveringKite","Empty Cage"],"picked":"Busted Crown"}],"items_purged_floors":[53],"is_endless":false,"potions_floor_spawned":[1,7,11,23,24,35,39,45],"killed_by":"Shield and Spear","ascension_level":0}