{"gold_per_floor":[116,291,10,10,29,29,42,68,68,85,85,120,134,162,162,267,267,286,303,303],"floor_reached":20,"playtime":1332,"items_purged":["Doubt"],"score":243,"play_id":"c95d51cc-7b57-4702-9138-c5ada6f2c9dc","local_time":"20180722184313","is_ascension_mode":true,"campfire_choices":[{"data":"Apotheosis","floor":6,"key":"SMITH"},{"floor":15,"key":"REST"}],"neow_cost":"","seed_source_timestamp":100230341902026,"circlet_count":0,"master_deck":["Strike_B","Strike_B","Strike_B","Defend_B","Defend_B","Defend_B","Defend_B","Zap","Dualcast","Leap","Apotheosis+1","BootSequence","Hologram","Hologram","Leap","Skim","FTL","Defragment","Biased Cognition","Conserve Battery+1","Hologram+1"],"relics":["Cracked Core","Pear","Peace Pipe","Shuriken","Toxic Egg 2","Black Star"],"potions_floor_usage":[12,14,19,20],"damage_taken":[{"damage":2,"enemies":"Jaw Worm","floor":1,"turns":3},{"damage":4,"enemies":"Small Slimes","floor":5,"turns":4},{"damage":2,"enemies":"2 Louse","floor":7,"turns":2},{"damage":31,"enemies":"Gremlin Nob","floor":8,"turns":4},{"damage":0,"enemies":"2 Fungi Beasts","floor":10,"turns":3},{"damage":2,"enemies":"3 Sentries","floor":12,"turns":13},{"damage":0,"enemies":"Large Slime","floor":13,"turns":5},{"damage":26,"enemies":"Gremlin Nob","floor":14,"turns":4},{"damage":11,"enemies":"The Guardian","floor":16,"turns":11},{"damage":15,"enemies":"Shell Parasite","floor":18,"turns":7},{"damage":14,"enemies":"2 Thieves","floor":19,"turns":5},{"damage":49,"floor":20,"turns":3}],"seed_played":"3815888611371394207","potions_obtained":[{"floor":8,"key":"SkillPotion"},{"floor":10,"key":"FocusPotion"},{"floor":14,"key":"Fire Potion"},{"floor":16,"key":"Block Potion"},{"floor":18,"key":"Energy Potion"}],"is_trial":false,"path_per_floor":["M","?","$","?","M","R","M","E","T","M","?","E","M","E","R","B",null,"M","M"],"character_chosen":"DEFECT","items_purchased":["Apotheosis"],"campfire_rested":1,"item_purchase_floors":[3],"current_hp_per_floor":[73,73,73,66,62,62,60,39,39,39,39,37,37,11,36,25,70,55,41,0],"gold":303,"neow_bonus":"","is_prod":false,"is_daily":false,"chose_seed":false,"campfire_upgraded":1,"win_rate":0,"timestamp":1532299393,"path_taken":["M","?","$","?","M","R","M","E","T","?","?","E","M","E","R","BOSS","M","M","?"],"build_version":"2018-07-19v2","purchased_purges":1,"victory":false,"max_hp_per_floor":[75,75,75,75,75,75,75,85,85,85,85,85,85,85,85,85,85,85,85,85],"card_choices":[{"not_picked":["Stack","Redo"],"picked":"Leap","floor":1},{"not_picked":["Tempest","Consume"],"picked":"BootSequence","floor":5},{"not_picked":["Conserve Battery","Steam"],"picked":"Hologram","floor":7},{"not_picked":["Rebound","Compile Driver"],"picked":"Hologram","floor":8},{"not_picked":["Chaos","Force Field"],"picked":"Leap","floor":10},{"not_picked":["Rebound","Sweeping Beam"],"picked":"Skim","floor":12},{"not_picked":["Leap","Redo"],"picked":"FTL","floor":13},{"not_picked":["Gash","Hologram"],"picked":"Defragment","floor":14},{"not_picked":["Multi-Cast+1","Amplify+1"],"picked":"Biased Cognition","floor":16},{"not_picked":["Leap+1","Ball Lightning+1"],"picked":"Conserve Battery+1","floor":18},{"not_picked":["Recycle+1","Force Field+1"],"picked":"Hologram+1","floor":19}],"player_experience":239290,"relics_obtained":[{"floor":8,"key":"Pear"},{"floor":9,"key":"Peace Pipe"},{"floor":12,"key":"Shuriken"},{"floor":14,"key":"Toxic Egg 2"}],"event_choices":[{"event_name":"Liars Game","player_choice":"agreed","floor":2,"damage_taken":0},{"event_name":"Golden Wing","player_choice":"Card Removal","floor":4,"damage_taken":0},{"event_name":"Shining Light","player_choice":"Ignored","floor":11,"damage_taken":0},{"event_name":"Masked Bandits","player_choice":"Fought over 303 gold","floor":20,"damage_taken":0}],"is_beta":false,"boss_relics":[{"not_picked":["Eternal Feather","Orrery"],"picked":"Black Star"}],"items_purged_floors":[3],"is_endless":false,"potions_floor_spawned":[8,10,14,16,18],"ascension_level":5}