{"gold_per_floor":[109,109,109,37,51,51,69,69,141,141,141],"floor_reached":11,"playtime":139,"items_purged":[],"score":107,"play_id":"c1e3fd43-103c-47d1-bc6a-872c727f1a12","local_time":"20190731021837","is_ascension_mode":true,"campfire_choices":[{"data":"Zap","floor":6,"key":"SMITH"},{"data":"White Noise","floor":8,"key":"SMITH"},{"data":"Ball Lightning","floor":10,"key":"SMITH"}],"neow_cost":"TEN_PERCENT_HP_LOSS","seed_source_timestamp":353278974456061,"circlet_count":0,"master_deck":["AscendersBane","Strike_B+1","Strike_B+1","Strike_B","Strike_B","Defend_B","Defend_B","Defend_B","Defend_B","Zap+1","Dualcast","Ball Lightning+1","White Noise+1"],"relics":["Cracked Core","Unceasing Top","Calipers","Dream Catcher","Shuriken"],"potions_floor_usage":[],"damage_taken":[{"damage":10,"enemies":"Small Slimes","floor":1,"turns":3},{"damage":0,"enemies":"2 Louse","floor":5,"turns":2},{"damage":0,"enemies":"Cultist","floor":7,"turns":2},{"damage":28,"enemies":"Gremlin Nob","floor":11,"turns":3}],"seed_played":"411625063058232649","potions_obtained":[{"floor":5,"key":"Energy Potion"},{"floor":7,"key":"Ancient Potion"}],"is_trial":false,"path_per_floor":["M","?","?","?","M","R","M","R","T","R","E"],"character_chosen":"DEFECT","items_purchased":[],"campfire_rested":0,"item_purchase_floors":[],"current_hp_per_floor":[54,35,17,17,17,17,17,17,17,17,0],"gold":141,"neow_bonus":"ONE_RARE_RELIC","is_prod":false,"is_daily":false,"chose_seed":false,"campfire_upgraded":3,"win_rate":0,"timestamp":1564553917,"path_taken":["M","?","?","?","M","R","M","R","T","R","E"],"build_version":"2019-07-17","purchased_purges":0,"victory":false,"max_hp_per_floor":[64,64,64,64,64,64,64,64,64,64,64],"card_choices":[{"not_picked":["Undo","Auto Shields"],"picked":"Ball Lightning","floor":1},{"not_picked":["Leap","Hello World","Redo"],"picked":"SKIP","floor":5},{"not_picked":["Rebound","Genetic Algorithm"],"picked":"White Noise","floor":7}],"player_experience":1621524,"relics_obtained":[{"floor":9,"key":"Shuriken"}],"event_choices":[{"damage_healed":0,"gold_gain":0,"player_choice":"Entered Light","damage_taken":19,"max_hp_gain":0,"max_hp_loss":0,"event_name":"Shining Light","floor":2,"gold_loss":0,"cards_upgraded":["Strike_B","Strike_B"]},{"damage_healed":0,"gold_gain":0,"player_choice":"Success","damage_taken":18,"relics_obtained":["Calipers"],"max_hp_gain":0,"max_hp_loss":0,"event_name":"Scrap Ooze","floor":3,"gold_loss":0},{"damage_healed":0,"gold_gain":0,"player_choice":"Paid Gold","damage_taken":0,"relics_obtained":["Dream Catcher"],"max_hp_gain":0,"max_hp_loss":0,"event_name":"WeMeetAgain","floor":4,"gold_loss":72}],"is_beta":false,"boss_relics":[],"items_purged_floors":[],"is_endless":false,"potions_floor_spawned":[5,7],"killed_by":"Gremlin Nob","ascension_level":15}