{"gold_per_floor":[111,111,125,125,143,143,177,177,177,177,195,195,207,218,218,218],"floor_reached":16,"playtime":570,"items_purged":[],"score":153,"play_id":"6fc0cd63-af83-4e53-9410-4bed6cf386a2","local_time":"20190722010109","is_ascension_mode":true,"campfire_choices":[{"data":"Armaments","floor":6,"key":"SMITH"},{"data":"Fire Breathing","floor":12,"key":"SMITH"},{"floor":15,"key":"REST"}],"neow_cost":"NONE","seed_source_timestamp":1028499956736602,"circlet_count":0,"master_deck":["AscendersBane","Strike_R","Strike_R","Strike_R","Strike_R","Strike_R","Defend_R","Defend_R","Defend_R","Defend_R","Bash","Pommel Strike","Rampage","Armaments+1","Fire Breathing","Parasite","Fire Breathing+1","Juggernaut"],"relics":["Burning Blood","NeowsBlessing","Thread and Needle","Art of War","Toxic Egg 2","Potion Belt"],"potions_floor_usage":[7,14,14,16],"damage_taken":[{"damage":0,"enemies":"Jaw Worm","floor":1,"turns":1},{"damage":0,"enemies":"2 Louse","floor":3,"turns":2},{"damage":0,"enemies":"Small Slimes","floor":5,"turns":1},{"damage":33,"enemies":"Lagavulin","floor":7,"turns":5},{"damage":0,"enemies":"Red Slaver","floor":11,"turns":4},{"damage":18,"enemies":"Large Slime","floor":13,"turns":5},{"damage":33,"enemies":"Gremlin Gang","floor":14,"turns":3},{"damage":92,"enemies":"Hexaghost","floor":16,"turns":11}],"seed_played":"3058909893329820591","potions_obtained":[{"floor":1,"key":"AttackPotion"},{"floor":5,"key":"Regen Potion"},{"floor":13,"key":"LiquidBronze"},{"floor":14,"key":"BloodPotion"}],"is_trial":false,"path_per_floor":["M","?","M","?","M","R","E","?","T","T","M","R","M","M","R","B"],"character_chosen":"IRONCLAD","items_purchased":[],"campfire_rested":1,"item_purchase_floors":[],"current_hp_per_floor":[78,78,80,73,79,79,52,72,72,72,78,78,66,48,72,0],"gold":218,"neow_bonus":"THREE_ENEMY_KILL","is_prod":false,"is_daily":false,"chose_seed":false,"campfire_upgraded":2,"win_rate":0,"timestamp":1563771669,"path_taken":["M","?","M","?","M","R","E","?","T","?","M","R","?","M","R","BOSS"],"build_version":"2019-07-17","purchased_purges":0,"victory":false,"max_hp_per_floor":[80,80,80,80,80,80,80,80,80,80,80,80,80,80,80,80],"card_choices":[{"not_picked":["Corruption","Reckless Charge"],"picked":"Pommel Strike","floor":1},{"not_picked":["Fire Breathing","Thunderclap"],"picked":"Rampage","floor":3},{"not_picked":["Blood for Blood","Perfected Strike"],"picked":"Armaments","floor":5},{"not_picked":["Havoc","Twin Strike"],"picked":"Fire Breathing","floor":7},{"not_picked":["Iron Wave","Armaments+1"],"picked":"Fire Breathing","floor":11},{"not_picked":["Corruption","True Grit+1","Clash"],"picked":"SKIP","floor":13},{"not_picked":["Iron Wave","Inflame"],"picked":"Juggernaut","floor":14}],"player_experience":1096530,"relics_obtained":[{"floor":7,"key":"Art of War"},{"floor":9,"key":"Toxic Egg 2"},{"floor":10,"key":"Potion Belt"}],"event_choices":[{"damage_healed":0,"gold_gain":0,"player_choice":"Box","damage_taken":0,"relics_obtained":["Thread and Needle"],"max_hp_gain":0,"max_hp_loss":0,"event_name":"Big Fish","floor":2,"gold_loss":0,"cards_obtained":["Regret"]},{"cards_removed":["Regret"],"damage_healed":0,"gold_gain":0,"player_choice":"Card Removal","damage_taken":7,"max_hp_gain":0,"max_hp_loss":0,"event_name":"Golden Wing","floor":4,"gold_loss":0},{"damage_healed":20,"gold_gain":0,"player_choice":"Healed and dodged fight","damage_taken":0,"max_hp_gain":0,"max_hp_loss":0,"event_name":"Mushrooms","floor":8,"gold_loss":0,"cards_obtained":["Parasite"]}],"is_beta":false,"boss_relics":[],"items_purged_floors":[],"is_endless":false,"potions_floor_spawned":[1,5,13,14],"killed_by":"Hexaghost","ascension_level":10}