{"gold_per_floor":[19,19,19,29,43,43,43,43,66,100,25,25,40,69,69,143,143,153,173,173,193,16,16,31,31,54,54,254,284,154,187,187,263,263,278,378,428,234,252,281,299,299,299,299,334,351,351,363,363,363,363,363,363,31,63,63],"floor_reached":57,"playtime":2635,"items_purged":["Strike_B+1","Barrage+1"],"score":2837,"play_id":"4aea0f4f-3118-40fd-a8f3-2a20ab5edae7","local_time":"20190609141705","is_ascension_mode":true,"campfire_choices":[{"data":"Beam Cell","floor":6.0,"key":"SMITH"},{"data":"Melter","floor":8.0,"key":"SMITH"},{"floor":12.0,"key":"REST"},{"data":"Turbo","floor":15.0,"key":"SMITH"},{"data":"Fission","floor":23.0,"key":"SMITH"},{"data":"Dualcast","floor":25.0,"key":"SMITH"},{"floor":27.0,"key":"REST"},{"data":"Sunder","floor":32.0,"key":"SMITH"},{"data":"Turbo","floor":42.0,"key":"SMITH"},{"data":"Heatsinks","floor":47.0,"key":"SMITH"},{"floor":49.0,"key":"RECALL"},{"data":"Loop","floor":53.0,"key":"SMITH"}],"neow_cost":"NO_GOLD","seed_source_timestamp":597812147920148,"circlet_count":0,"master_deck":["AscendersBane","Zap+1","Dualcast+1","Melter+1","Turbo+1","Beam Cell+1","Creative AI","Cold Snap","Cold Snap","Skim","Fission+1","Skim","Hologram","Echo Form","Consume+1","Sunder+1","Meteor Strike","Core Surge","Chill","Machine Learning","Chill","Heatsinks+1","Turbo+1","Go for the Eyes+1","Loop+1","Conserve Battery","Glacier","Loop+1","Blizzard+1","Hologram+1","Multi-Cast"],"special_seed":0,"relics":["Cracked Core","Whetstone","Kunai","Bag of Preparation","Runic Pyramid","FaceOfCleric","Regal Pillow","Potion Belt","Smiling Mask","Pandora\u0027s Box","FossilizedHelix","Question Card","Anchor","DataDisk","Boot"],"potions_floor_usage":[55,56,56,56,56],"damage_taken":[{"damage":13.0,"enemies":"Small Slimes","floor":1.0,"turns":3.0},{"damage":1.0,"enemies":"Cultist","floor":4.0,"turns":3.0},{"damage":7.0,"enemies":"Jaw Worm","floor":5.0,"turns":3.0},{"damage":36.0,"enemies":"3 Sentries","floor":10.0,"turns":7.0},{"damage":9.0,"enemies":"Blue Slaver","floor":13.0,"turns":3.0},{"damage":4.0,"enemies":"Gremlin Nob","floor":14.0,"turns":3.0},{"damage":14.0,"enemies":"Hexaghost","floor":16.0,"turns":9.0},{"damage":15.0,"enemies":"2 Thieves","floor":18.0,"turns":3.0},{"damage":2.0,"enemies":"3 Byrds","floor":19.0,"turns":5.0},{"damage":14.0,"enemies":"Snake Plant","floor":21.0,"turns":3.0},{"damage":0.0,"enemies":"Centurion and Healer","floor":24.0,"turns":3.0},{"damage":13.0,"enemies":"Gremlin Leader","floor":29.0,"turns":4.0},{"damage":11.0,"enemies":"Book of Stabbing","floor":31.0,"turns":4.0},{"damage":13.0,"enemies":"Automaton","floor":33.0,"turns":9.0},{"damage":11.0,"enemies":"3 Shapes","floor":35.0,"turns":3.0},{"damage":0.0,"enemies":"Mind Bloom Boss Battle","floor":36.0,"turns":2.0},{"damage":20.0,"enemies":"2 Orb Walkers","floor":37.0,"turns":4.0},{"damage":0.0,"enemies":"Orb Walker","floor":39.0,"turns":3.0},{"damage":0.0,"enemies":"Giant Head","floor":40.0,"turns":5.0},{"damage":0.0,"enemies":"Spire Growth","floor":41.0,"turns":4.0},{"damage":0.0,"enemies":"Nemesis","floor":45.0,"turns":7.0},{"damage":0.0,"enemies":"Writhing Mass","floor":46.0,"turns":5.0},{"damage":0.0,"enemies":"Jaw Worm Horde","floor":48.0,"turns":5.0},{"damage":8.0,"enemies":"Donu and Deca","floor":50.0,"turns":8.0},{"damage":9.0,"enemies":"Awakened One","floor":51.0,"turns":10.0},{"damage":10,"enemies":"Shield and Spear","floor":55,"turns":8},{"damage":30,"enemies":"The Heart","floor":56,"turns":7}],"seed_played":"-7671895395535891560","potions_obtained":[{"floor":5.0,"key":"Dexterity Potion"},{"floor":13.0,"key":"Poison Potion"},{"floor":21.0,"key":"Explosive Potion"},{"floor":24.0,"key":"EssenceOfSteel"},{"floor":36.0,"key":"Poison Potion"},{"floor":40.0,"key":"LiquidBronze"},{"floor":41.0,"key":"Weak Potion"},{"floor":46.0,"key":"FearPotion"},{"floor":55,"key":"Poison Potion"}],"is_trial":false,"path_per_floor":["M","?","$","M","M","R","$","R","T","E","?","R","M","E","R","B",null,"M","M","?","M","$","R","M","R","T","R","?","E","$","E","R","B",null,"M","?","?","$","M","E","M","R","T","?","E","M","R","M","R","B","B",null,"R","$","E","B",null],"character_chosen":"DEFECT","items_purchased":["Echo Form","PowerPotion","Swift Potion","Loop","DataDisk","Multi-Cast"],"campfire_rested":2,"item_purchase_floors":[22,30,38,38,54,54],"current_hp_per_floor":[51,51,51,50,43,43,43,43,43,7,7,28,19,15,15,1,54,39,37,37,24,24,24,25,25,25,61,61,49,49,39,39,27,64,54,55,36,36,37,38,39,39,39,67,68,69,69,70,70,63,55,68,68,68,59,30],"gold":63,"neow_bonus":"TRANSFORM_TWO_CARDS","is_prod":false,"is_daily":false,"chose_seed":false,"campfire_upgraded":9,"win_rate":0,"timestamp":1560061025,"path_taken":["M","?","$","?","M","R","?","R","T","E","?","R","M","E","R","BOSS","M","M","?","?","$","R","?","R","T","R","?","E","?","E","R","BOSS","M","?","?","$","M","E","M","R","T","?","E","M","R","M","R","BOSS","BOSS","R","$","E","BOSS"],"build_version":"2019-01-23","purchased_purges":2,"victory":true,"max_hp_per_floor":[71,71,71,71,71,71,71,71,71,71,71,71,71,71,71,71,71,71,71,71,72,72,72,73,73,73,73,73,74,74,75,75,76,76,77,78,79,79,80,81,82,82,82,67,68,69,69,70,70,71,72,72,72,72,73,74],"card_choices":[{"not_picked":["Compile Driver","BootSequence"],"picked":"Turbo","floor":1.0},{"not_picked":["Streamline","Turbo"],"picked":"Beam Cell","floor":4.0},{"not_picked":["Rebound","Hologram"],"picked":"Creative AI","floor":5.0},{"not_picked":["Leap","Double Energy"],"picked":"Cold Snap","floor":10.0},{"not_picked":["Barrage","Gash"],"picked":"Cold Snap","floor":13.0},{"not_picked":["Leap","Darkness"],"picked":"Skim","floor":14.0},{"not_picked":["Amplify","Electrodynamics"],"picked":"Fission","floor":16.0},{"not_picked":["Hologram","Capacitor"],"picked":"Skim","floor":18.0},{"not_picked":["Doom and Gloom","Beam Cell"],"picked":"Hologram","floor":19.0},{"not_picked":["Cold Snap","Gash","Storm"],"picked":"SKIP","floor":21.0},{"not_picked":["Go for the Eyes","Redo+1"],"picked":"Consume+1","floor":24.0},{"not_picked":["FTL","Go for the Eyes"],"picked":"Sunder","floor":29.0},{"not_picked":["Compile Driver","Steam Power"],"picked":"Meteor Strike","floor":31.0},{"not_picked":["Meteor Strike","Reboot"],"picked":"Core Surge","floor":33.0},{"not_picked":["Ball Lightning","Aggregate","Steam"],"picked":"SKIP","floor":35.0},{"not_picked":["Redo","Streamline"],"picked":"Turbo","floor":36.0},{"not_picked":["Buffer","Turbo"],"picked":"Go for the Eyes+1","floor":37.0},{"not_picked":["Turbo","Ball Lightning"],"picked":"Conserve Battery","floor":39.0},{"not_picked":["Leap","Sunder","Streamline+1"],"picked":"SKIP","floor":40.0},{"not_picked":["Rip and Tear","Gash","Barrage+1"],"picked":"Glacier","floor":41.0},{"not_picked":["Turbo","Sweeping Beam+1","Beam Cell+1"],"picked":"Loop+1","floor":45.0},{"not_picked":["Turbo","Beam Cell","Tempest"],"picked":"Blizzard+1","floor":46.0},{"not_picked":["Sweeping Beam","Tempest+1","Fusion"],"picked":"Hologram+1","floor":48.0},{"not_picked":["Barrage+1","BootSequence","Auto Shields","Ball Lightning"],"picked":"SKIP","floor":55}],"player_experience":1908380,"relics_obtained":[{"floor":9.0,"key":"Whetstone"},{"floor":10.0,"key":"Kunai"},{"floor":14.0,"key":"Bag of Preparation"},{"floor":26.0,"key":"Regal Pillow"},{"floor":29.0,"key":"Potion Belt"},{"floor":31.0,"key":"Smiling Mask"},{"floor":36.0,"key":"FossilizedHelix"},{"floor":40.0,"key":"Question Card"},{"floor":45.0,"key":"Anchor"},{"floor":55,"key":"Boot"}],"event_choices":[{"damage_healed":0.0,"max_hp_gain":0.0,"max_hp_loss":0.0,"gold_gain":0.0,"event_name":"Upgrade Shrine","player_choice":"Upgraded","floor":2.0,"gold_loss":0.0,"damage_taken":0.0,"cards_upgraded":["Zap"]},{"cards_removed":["Strike_B"],"damage_healed":0.0,"max_hp_gain":0.0,"max_hp_loss":0.0,"gold_gain":0.0,"event_name":"The Cleric","player_choice":"Card Removal","floor":11.0,"gold_loss":75.0,"damage_taken":0.0},{"damage_healed":0.0,"max_hp_gain":0.0,"max_hp_loss":0.0,"gold_gain":0.0,"event_name":"FaceTrader","player_choice":"Trade","floor":20.0,"gold_loss":0.0,"damage_taken":0.0,"relics_obtained":["FaceOfCleric"]},{"damage_healed":0.0,"max_hp_gain":0.0,"max_hp_loss":0.0,"gold_gain":200.0,"event_name":"Wheel of Change","player_choice":"Gold","floor":28.0,"gold_loss":0.0,"damage_taken":0.0},{"damage_healed":0.0,"max_hp_gain":0.0,"max_hp_loss":0.0,"gold_gain":0.0,"event_name":"MindBloom","player_choice":"Fight","floor":36.0,"gold_loss":0.0,"damage_taken":0.0},{"damage_healed":0.0,"max_hp_gain":0.0,"max_hp_loss":0.0,"gold_gain":0.0,"event_name":"Mysterious Sphere","player_choice":"Fight","floor":37.0,"gold_loss":0.0,"damage_taken":0.0},{"damage_healed":67.0,"max_hp_gain":0.0,"max_hp_loss":15.0,"gold_gain":0.0,"event_name":"The Moai Head","player_choice":"Heal","floor":44.0,"gold_loss":0.0,"damage_taken":0.0}],"is_beta":false,"boss_relics":[{"not_picked":["Lizard Tail","Inserter"],"picked":"Runic Pyramid"},{"not_picked":["Runic Dome","White Beast Statue"],"picked":"Pandora\u0027s Box"}],"items_purged_floors":[30,38],"is_endless":false,"potions_floor_spawned":[5,13,21,24,36,40,41,46,55],"ascension_level":20}