{"gold_per_floor":[119,119,136,11,29,29,29,73,73,73,89,89,103,116,116,116],"floor_reached":16,"playtime":1049,"items_purged":["Defend_G"],"score":102,"play_id":"d0664113-2949-44ed-84af-1c25dbd50461","local_time":"20190726181509","is_ascension_mode":false,"campfire_choices":[{"data":"Cloak And Dagger","floor":6,"key":"SMITH"},{"data":"Distraction","floor":10,"key":"SMITH"},{"data":"Neutralize","floor":12,"key":"SMITH"},{"floor":15,"key":"REST"}],"neow_cost":"NONE","seed_source_timestamp":65430562059100,"circlet_count":0,"master_deck":["Strike_G","Strike_G","Strike_G","Strike_G","Strike_G","Defend_G","Defend_G","Defend_G","Defend_G","Survivor","Neutralize+1","Blade Dance","Deep Breath","Sucker Punch","Cloak And Dagger+1","Bane","Injury","Distraction+1","Dagger Throw","Blur+1","Expertise+1"],"relics":["Ring of the Snake","NeowsBlessing","Golden Idol","Bottled Lightning","Toxic Egg 2"],"potions_floor_usage":[8,8,8],"damage_taken":[{"damage":0,"enemies":"Small Slimes","floor":1,"turns":1},{"damage":0,"enemies":"Cultist","floor":3,"turns":1},{"damage":0,"enemies":"2 Louse","floor":5,"turns":1},{"damage":15,"enemies":"3 Sentries","floor":8,"turns":9},{"damage":1,"enemies":"Exordium Wildlife","floor":11,"turns":4},{"damage":0,"enemies":"Blue Slaver","floor":13,"turns":3},{"damage":0,"enemies":"2 Fungi Beasts","floor":14,"turns":3},{"damage":70,"enemies":"Hexaghost","floor":16,"turns":16}],"seed_played":"-7673123956475259361","potions_obtained":[{"floor":3,"key":"Dexterity Potion"},{"floor":5,"key":"EssenceOfSteel"}],"is_trial":false,"path_per_floor":["M","?","M","$","M","R","?","E","T","R","M","R","M","M","R","B"],"character_chosen":"THE_SILENT","items_purchased":["Poison Potion"],"campfire_rested":1,"item_purchase_floors":[4],"current_hp_per_floor":[70,70,70,70,70,70,70,55,55,55,54,54,54,54,70,0],"gold":116,"neow_bonus":"THREE_ENEMY_KILL","is_prod":false,"is_daily":false,"chose_seed":false,"campfire_upgraded":3,"win_rate":0.0,"timestamp":1564182909,"path_taken":["M","?","?","$","M","R","?","E","T","R","M","R","M","M","R","BOSS"],"build_version":"2019-07-17","purchased_purges":1,"victory":false,"max_hp_per_floor":[70,70,70,70,70,70,70,70,70,70,70,70,70,70,70,70],"card_choices":[{"not_picked":["Backflip","Underhanded Strike"],"picked":"Blade Dance","floor":1},{"not_picked":["Blade Dance","Sucker Punch"],"picked":"Cloak And Dagger","floor":3},{"not_picked":["Deflect","Underhanded Strike"],"picked":"Bane","floor":5},{"not_picked":["Backflip","Blade Dance"],"picked":"Distraction","floor":8},{"not_picked":["Reflex+1","Underhanded Strike"],"picked":"Dagger Throw","floor":11},{"not_picked":["Wraith Form v2","Acrobatics+1"],"picked":"Blur+1","floor":13},{"not_picked":["Leg Sweep+1","Dash"],"picked":"Expertise+1","floor":14}],"player_experience":153203,"relics_obtained":[{"floor":8,"key":"Bottled Lightning"},{"floor":9,"key":"Toxic Egg 2"}],"event_choices":[{"damage_healed":0,"gold_gain":0,"player_choice":"2 cards matched","damage_taken":0,"max_hp_gain":0,"max_hp_loss":0,"event_name":"Match and Keep!","floor":2,"gold_loss":0,"cards_obtained":["Deep Breath","Sucker Punch"]},{"damage_healed":0,"gold_gain":0,"player_choice":"Take Wound","damage_taken":0,"relics_obtained":["Golden Idol"],"max_hp_gain":0,"max_hp_loss":0,"event_name":"Golden Idol","floor":7,"gold_loss":0,"cards_obtained":["Injury"]}],"is_beta":false,"boss_relics":[],"items_purged_floors":[4],"is_endless":false,"potions_floor_spawned":[3,5],"killed_by":"Hexaghost","ascension_level":0}