{"gold_per_floor":[115,115,115,115,140,140,174,198,198,44,44],"floor_reached":11,"playtime":609,"items_purged":["Injury"],"score":71,"play_id":"cd67bb92-4f5d-485e-9fba-9be7ab9f7527","local_time":"20180707021816","is_ascension_mode":false,"campfire_choices":[{"data":"Rebound","floor":6,"key":"SMITH"}],"neow_cost":"CURSE","seed_source_timestamp":6397015357702,"circlet_count":0,"master_deck":["Strike_B","Strike_B","Strike_B","Strike_B","Defend_B","Defend_B","Defend_B","Defend_B","Zap","Dualcast","Echo Form+1","Rebound+1","Injury","Stack","Electrodynamics","Leap","Heatsinks"],"relics":["Cracked Core","Golden Idol","Bottled Lightning","Dodecahedron"],"potions_floor_usage":[],"damage_taken":[{"damage":11,"enemies":"2 Louse","floor":1,"turns":2},{"damage":5,"enemies":"Small Slimes","floor":5,"turns":3},{"damage":42,"enemies":"Gremlin Nob","floor":7,"turns":5},{"damage":11,"enemies":"Jaw Worm","floor":8,"turns":4},{"damage":6,"enemies":"3 Louse","floor":11,"turns":1}],"seed_played":"-3525257052246165633","potions_obtained":[{"floor":5,"key":"EssenceOfSteel"}],"is_trial":false,"path_per_floor":["M","?","?","?","M","R","E","M","T","$"],"character_chosen":"DEFECT","items_purchased":["Heatsinks"],"campfire_rested":0,"item_purchase_floors":[10],"current_hp_per_floor":[64,64,64,64,59,59,17,6,6,6,0],"gold":44,"neow_bonus":"THREE_RARE_CARDS","is_prod":false,"is_daily":false,"chose_seed":false,"campfire_upgraded":1,"win_rate":0.0,"timestamp":1530944296,"path_taken":["M","?","?","?","M","R","E","M","T","$","M"],"build_version":"2018-06-28","purchased_purges":1,"victory":false,"max_hp_per_floor":[75,75,75,75,75,75,75,75,75,75,75],"card_choices":[{"not_picked":["Machine Learning","Amplify"],"picked":"Echo Form","floor":0},{"not_picked":["Barrage","Self Repair"],"picked":"Rebound","floor":1},{"not_picked":["Doom and Gloom","Leap"],"picked":"Stack","floor":5},{"not_picked":["Stack","Consume"],"picked":"Electrodynamics","floor":7},{"not_picked":["Blizzard","Hologram"],"picked":"Leap","floor":8}],"player_experience":33594,"relics_obtained":[{"floor":7,"key":"Bottled Lightning"},{"floor":9,"key":"Dodecahedron"}],"event_choices":[{"event_name":"Golden Idol","player_choice":"Take Wound","floor":2,"damage_taken":0},{"event_name":"Living Wall","player_choice":"Grow","floor":3,"damage_taken":0},{"event_name":"Golden Wing","player_choice":"Ignored","floor":4,"damage_taken":0}],"boss_relics":[],"items_purged_floors":[10],"is_endless":false,"potions_floor_spawned":[5],"killed_by":"3 Louse","ascension_level":0}