{"gold_per_floor":[115,115,165,16,27,57,72,72,72,97,97,108,108,124,124,201,201,218,218,218,237,250,250,250,265,265,265,3,29,42,55,55,129,179,198,212,222,222,222],"floor_reached":39,"playtime":1175,"items_purged":["Strike_B","Strike_B"],"score":976,"play_id":"652bc282-712a-4f2a-aaee-5b42ea5d23a6","local_time":"20190604225005","is_ascension_mode":true,"campfire_choices":[{"data":"Defragment","floor":11.0,"key":"SMITH"},{"data":"Loop","floor":15.0,"key":"SMITH"},{"data":"Recycle","floor":23.0,"key":"SMITH"},{"floor":27,"key":"REST"},{"floor":32,"key":"REST"}],"neow_cost":"NONE","seed_source_timestamp":198738373120234,"circlet_count":0,"master_deck":["AscendersBane","Defend_B+1","Defend_B","Defend_B","Defend_B","Zap","Dualcast","Glacier","Coolheaded","Defragment+1","Echo Form","Loop+1","Streamline","Electrodynamics","Recycle+1","Capacitor","Undo","Meteor Strike","All For One","Compile Driver","Consume","Turbo","Glacier"],"special_seed":0,"relics":["Cracked Core","NeowsBlessing","Singing Bowl","Happy Flower","Potion Belt","Nuclear Battery","DataDisk","Incense Burner","Tiny House"],"potions_floor_usage":[31],"damage_taken":[{"damage":0.0,"enemies":"2 Louse","floor":1.0,"turns":1.0},{"damage":0.0,"enemies":"Small Slimes","floor":5.0,"turns":1.0},{"damage":0.0,"enemies":"Lagavulin","floor":6.0,"turns":1.0},{"damage":0.0,"enemies":"Cultist","floor":7.0,"turns":4.0},{"damage":38.0,"enemies":"Gremlin Nob","floor":10.0,"turns":5.0},{"damage":6.0,"enemies":"Blue Slaver","floor":12.0,"turns":4.0},{"damage":2.0,"enemies":"Looter","floor":14.0,"turns":5.0},{"damage":4.0,"enemies":"Hexaghost","floor":16.0,"turns":9.0},{"damage":0.0,"enemies":"Spheric Guardian","floor":18.0,"turns":5.0},{"damage":13.0,"enemies":"3 Byrds","floor":21.0,"turns":2.0},{"damage":13.0,"enemies":"Centurion and Healer","floor":22.0,"turns":8.0},{"damage":21,"enemies":"Snake Plant","floor":25,"turns":5},{"damage":29,"enemies":"Slavers","floor":29,"turns":3},{"damage":0,"enemies":"3 Cultists","floor":30,"turns":4},{"damage":3,"enemies":"Snecko","floor":31,"turns":5},{"damage":0,"enemies":"Collector","floor":33,"turns":10},{"damage":6,"enemies":"3 Shapes","floor":35,"turns":5},{"damage":30,"enemies":"3 Darklings","floor":36,"turns":5},{"damage":0,"enemies":"Maw","floor":37,"turns":9},{"damage":21,"enemies":"Transient","floor":39,"turns":2}],"seed_played":"3605002392901737563","potions_obtained":[{"floor":5.0,"key":"Regen Potion"},{"floor":6.0,"key":"FocusPotion"},{"floor":16.0,"key":"Strength Potion"},{"floor":21.0,"key":"SteroidPotion"},{"floor":29,"key":"Swift Potion"},{"floor":30,"key":"SteroidPotion"},{"floor":34,"key":"Block Potion"},{"floor":36,"key":"FairyPotion"}],"is_trial":false,"path_per_floor":["M","?","?","$","M","E","M","?","T","E","R","M","?","M","R","B",null,"M","?","?","M","M","R","?","M","T","R","$","E","M","M","R","B",null,"M","M","M","?","M"],"character_chosen":"DEFECT","items_purchased":["Glacier","Meteor Strike"],"campfire_rested":2,"item_purchase_floors":[4,28],"current_hp_per_floor":[64,64,57,57,57,59,59,59,59,21,21,15,15,13,13,24,61,61,61,61,50,37,37,37,18,18,41,41,12,14,11,34,36,75,69,39,41,72,51],"gold":222,"neow_bonus":"THREE_ENEMY_KILL","is_prod":false,"is_daily":false,"chose_seed":false,"campfire_upgraded":3,"win_rate":0,"timestamp":1559659805,"path_taken":["M","?","?","$","M","E","?","?","T","E","R","M","?","M","R","BOSS","M","?","?","?","M","R","?","?","T","R","$","E","M","M","R","BOSS","M","?","?","?","M"],"build_version":"2019-01-23","purchased_purges":2,"victory":false,"max_hp_per_floor":[71,71,71,71,71,73,73,73,73,73,73,73,73,73,73,73,73,73,73,73,75,75,75,75,77,77,77,77,77,79,79,79,81,86,86,86,88,72,72],"card_choices":[{"not_picked":["Gash","Force Field","Compile Driver"],"picked":"SKIP","floor":1.0},{"not_picked":["Redo","Beam Cell"],"picked":"Coolheaded","floor":5.0},{"not_picked":["Steam Power","Leap","Redo"],"picked":"Singing Bowl","floor":6.0},{"not_picked":["Buffer","Hologram"],"picked":"Defragment","floor":7.0},{"not_picked":["Hologram","Defragment"],"picked":"Echo Form","floor":10.0},{"not_picked":["Compile Driver","Turbo"],"picked":"Loop","floor":12.0},{"not_picked":["Chill","Conserve Battery"],"picked":"Streamline","floor":14.0},{"not_picked":["Hyperbeam","Creative AI"],"picked":"Electrodynamics","floor":16.0},{"not_picked":["Reprogram","Conserve Battery"],"picked":"Recycle","floor":18.0},{"not_picked":["Barrage","Sweeping Beam","Melter"],"picked":"Singing Bowl","floor":21.0},{"not_picked":["Cold Snap","Rebound"],"picked":"Capacitor","floor":22.0},{"not_picked":["Hologram","Rebound","Conserve Battery"],"picked":"Singing Bowl","floor":25},{"not_picked":["Beam Cell","Reinforced Body"],"picked":"All For One","floor":29},{"not_picked":["Cold Snap","Static Discharge","Hologram"],"picked":"Singing Bowl","floor":30},{"not_picked":["Melter","Barrage"],"picked":"Compile Driver","floor":31},{"not_picked":["Creative AI","Reboot","Machine Learning"],"picked":"Singing Bowl","floor":33},{"not_picked":["Hologram","Genetic Algorithm"],"picked":"Consume","floor":34},{"not_picked":["Leap","Redo"],"picked":"Turbo","floor":35},{"not_picked":["Barrage","Sweeping Beam"],"picked":"Glacier","floor":36},{"not_picked":["Coolheaded","Steam","Aggregate+1"],"picked":"Singing Bowl","floor":37}],"player_experience":1875461,"relics_obtained":[{"floor":6.0,"key":"Singing Bowl"},{"floor":9.0,"key":"Happy Flower"},{"floor":10.0,"key":"Potion Belt"},{"floor":26,"key":"DataDisk"},{"floor":29,"key":"Incense Burner"}],"event_choices":[{"damage_healed":0.0,"max_hp_gain":0.0,"max_hp_loss":0.0,"gold_gain":0.0,"event_name":"Liars Game","player_choice":"Ignored","floor":2.0,"gold_loss":0.0,"damage_taken":0.0},{"damage_healed":0.0,"max_hp_gain":0.0,"max_hp_loss":0.0,"gold_gain":50.0,"event_name":"FaceTrader","player_choice":"Touch","floor":3.0,"gold_loss":0.0,"damage_taken":7.0},{"cards_removed":["Strike_B"],"damage_healed":0.0,"max_hp_gain":0.0,"max_hp_loss":0.0,"gold_gain":0.0,"event_name":"Living Wall","player_choice":"Forget","floor":8.0,"gold_loss":0.0,"damage_taken":0.0},{"damage_healed":0.0,"max_hp_gain":0.0,"max_hp_loss":0.0,"gold_gain":0.0,"event_name":"Scrap Ooze","player_choice":"Fled","floor":13.0,"gold_loss":0.0,"damage_taken":0.0},{"damage_healed":0.0,"max_hp_gain":0.0,"max_hp_loss":0.0,"gold_gain":0.0,"event_name":"Vampires","player_choice":"Ignored","floor":19.0,"gold_loss":0.0,"damage_taken":0.0},{"cards_removed":["Strike_B"],"damage_healed":0.0,"max_hp_gain":0.0,"max_hp_loss":0.0,"gold_gain":0.0,"event_name":"Bonfire Elementals","player_choice":"Offered Basic","floor":20.0,"gold_loss":0.0,"damage_taken":0.0},{"damage_healed":0,"gold_gain":0,"player_choice":"1 cards matched","damage_taken":0,"max_hp_gain":0,"max_hp_loss":0,"event_name":"Match and Keep!","floor":24,"gold_loss":0,"cards_obtained":["Undo"]},{"damage_healed":72,"gold_gain":0,"player_choice":"Heal","damage_taken":0,"max_hp_gain":0,"max_hp_loss":16,"event_name":"The Moai Head","floor":38,"gold_loss":0}],"is_beta":false,"boss_relics":[{"not_picked":["FrozenCore","Black Star"],"picked":"Nuclear Battery"},{"not_picked":["Velvet Choker","Lizard Tail"],"picked":"Tiny House"}],"items_purged_floors":[4,28],"is_endless":false,"potions_floor_spawned":[5,6,16,21,29,30,36],"killed_by":"Transient","ascension_level":20}