{"gold_per_floor":[114,189,189,36,36,64,64,97,97,97,126,139,55,105,105,181,181,193,39,55,55,55,55,55],"floor_reached":24,"playtime":545,"items_purged":["Strike_B"],"score":516,"play_id":"2a4cc818-b013-4bbd-8df4-65094c29b16b","local_time":"20190620154244","is_ascension_mode":true,"campfire_choices":[{"data":"Zap","floor":7.0,"key":"SMITH"},{"data":"Dualcast","floor":10.0,"key":"SMITH"},{"data":"Fusion","floor":15.0,"key":"SMITH"},{"data":"Turbo","floor":23.0,"key":"SMITH"}],"neow_cost":"NONE","seed_source_timestamp":1556106634620387,"circlet_count":0,"master_deck":["AscendersBane","Strike_B","Defend_B","Defend_B","Defend_B","Defend_B","Zap+1","Dualcast+1","Coolheaded","Machine Learning","Core Surge","Tempest","Turbo+1","Conserve Battery","Fusion+1","Multi-Cast","Biased Cognition","Consume","BootSequence","Double Energy"],"special_seed":0,"relics":["Cracked Core","NeowsBlessing","Kunai","Boot","Gremlin Horn","Mummified Hand","Letter Opener","Inserter"],"potions_floor_usage":[24,24],"damage_taken":[{"damage":0.0,"enemies":"Cultist","floor":1.0,"turns":1.0},{"damage":0.0,"enemies":"Lagavulin","floor":6.0,"turns":1.0},{"damage":0.0,"enemies":"Gremlin Nob","floor":8.0,"turns":1.0},{"damage":25.0,"enemies":"3 Sentries","floor":11.0,"turns":6.0},{"damage":3.0,"enemies":"Jaw Worm","floor":12.0,"turns":2.0},{"damage":19.0,"enemies":"The Guardian","floor":16.0,"turns":12.0},{"damage":16.0,"enemies":"2 Thieves","floor":18.0,"turns":3.0},{"damage":2.0,"enemies":"Shell Parasite","floor":20.0,"turns":4.0},{"damage":41,"enemies":"Book of Stabbing","floor":24,"turns":3}],"seed_played":"-6465752445344107388","potions_obtained":[{"floor":6.0,"key":"EssenceOfSteel"},{"floor":8.0,"key":"LiquidBronze"},{"floor":18.0,"key":"Block Potion"},{"floor":20.0,"key":"FocusPotion"}],"is_trial":false,"path_per_floor":["M","?","?","$","?","E","R","E","T","R","E","M","$","?","R","B",null,"M","$","M","?","?","R","E"],"character_chosen":"DEFECT","items_purchased":["Core Surge","Multi-Cast","BootSequence"],"campfire_rested":0,"item_purchase_floors":[4,13,19],"current_hp_per_floor":[64,53,53,53,48,48,48,48,48,48,23,20,20,20,20,1,54,38,38,36,36,36,36,0],"gold":55,"neow_bonus":"THREE_ENEMY_KILL","is_prod":false,"is_daily":false,"chose_seed":false,"campfire_upgraded":4,"win_rate":0,"timestamp":1561016564,"path_taken":["M","?","?","$","?","E","R","E","T","R","E","M","$","?","R","BOSS","M","$","M","?","?","R","E"],"build_version":"2019-01-23","purchased_purges":1,"victory":false,"max_hp_per_floor":[71,71,71,71,71,71,71,71,71,71,71,71,71,71,71,71,71,71,71,71,71,71,71,71],"card_choices":[{"not_picked":["Leap","Hologram"],"picked":"Coolheaded","floor":1.0},{"not_picked":["Sweeping Beam","FTL"],"picked":"Tempest","floor":6.0},{"not_picked":["Blizzard","Beam Cell"],"picked":"Turbo","floor":8.0},{"not_picked":["Scrape","FTL"],"picked":"Conserve Battery","floor":11.0},{"not_picked":["Hologram","Hello World"],"picked":"Fusion","floor":12.0},{"not_picked":["Hyperbeam","Amplify"],"picked":"Biased Cognition","floor":16.0},{"not_picked":["Melter","Sweeping Beam+1"],"picked":"Consume","floor":18.0},{"not_picked":["Leap","Stack"],"picked":"Double Energy","floor":20.0}],"player_experience":1938447,"relics_obtained":[{"floor":6.0,"key":"Boot"},{"floor":8.0,"key":"Gremlin Horn"},{"floor":9.0,"key":"Mummified Hand"},{"floor":11.0,"key":"Letter Opener"}],"event_choices":[{"damage_healed":0.0,"max_hp_gain":0.0,"max_hp_loss":0.0,"gold_gain":75.0,"event_name":"World of Goop","player_choice":"Gather Gold","floor":2.0,"gold_loss":0.0,"damage_taken":11.0},{"damage_healed":0.0,"max_hp_gain":0.0,"max_hp_loss":0.0,"gold_gain":0.0,"cards_transformed":["Strike_B"],"event_name":"Living Wall","player_choice":"Change","floor":3.0,"gold_loss":0.0,"damage_taken":0.0,"cards_obtained":["Machine Learning"]},{"damage_healed":0.0,"max_hp_gain":0.0,"max_hp_loss":0.0,"gold_gain":0.0,"event_name":"Scrap Ooze","player_choice":"Success","floor":5.0,"gold_loss":0.0,"damage_taken":5.0,"relics_obtained":["Kunai"]},{"damage_healed":0.0,"max_hp_gain":0.0,"max_hp_loss":0.0,"gold_gain":50.0,"event_name":"Golden Shrine","player_choice":"Pray","floor":14.0,"gold_loss":0.0,"damage_taken":0.0},{"cards_removed":["Strike_B"],"damage_healed":0.0,"max_hp_gain":0.0,"max_hp_loss":0.0,"gold_gain":0.0,"event_name":"Back to Basics","player_choice":"Elegance","floor":21.0,"gold_loss":0.0,"damage_taken":0.0},{"damage_healed":0.0,"max_hp_gain":0.0,"max_hp_loss":0.0,"gold_gain":0.0,"event_name":"The Mausoleum","player_choice":"Ignored","floor":22.0,"gold_loss":0.0,"damage_taken":0.0}],"is_beta":false,"boss_relics":[{"not_picked":["Fusion Hammer","Runic Dome"],"picked":"Inserter"}],"items_purged_floors":[19],"is_endless":false,"potions_floor_spawned":[6,8,12,18,20],"killed_by":"Book of Stabbing","ascension_level":20}