{"gold_per_floor":[116,134,153,328,343,343,6,21,71,146,158,158,183,203,203,298,298,308,34,34,34,38,38,38],"floor_reached":24,"playtime":811,"items_purged":["Doubt"],"score":198,"play_id":"122433a4-5e86-46b9-9c52-32acc4d07aea","local_time":"20190424003012","is_ascension_mode":false,"campfire_choices":[{"floor":12,"key":"REST"},{"floor":15,"key":"REST"},{"floor":23,"key":"REST"}],"neow_cost":"NONE","seed_source_timestamp":110446609618718,"circlet_count":0,"master_deck":["Strike_B","Strike_B","Strike_B","Strike_B","Defend_B","Defend_B","Defend_B","Defend_B","Zap","Dualcast","Capacitor","Ball Lightning","Turbo","Barrage+1","Core Surge","Steam","Force Field","Echo Form+1","Cold Snap","Storm+1","Writhe","Cold Snap","Capacitor+1"],"relics":["Cracked Core","Bronze Scales","Frozen Egg 2","The Courier","Black Star","Prayer Wheel","Art of War"],"potions_floor_usage":[5,13,22,24],"damage_taken":[{"damage":5,"enemies":"Small Slimes","floor":1,"turns":2},{"damage":5,"enemies":"2 Louse","floor":2,"turns":2},{"damage":1,"enemies":"Cultist","floor":3,"turns":3},{"damage":0,"enemies":"Large Slime","floor":5,"turns":4},{"damage":5,"enemies":"Looter","floor":8,"turns":2},{"damage":14,"enemies":"Exordium Wildlife","floor":11,"turns":3},{"damage":24,"enemies":"Gremlin Nob","floor":13,"turns":4},{"damage":0,"enemies":"3 Louse","floor":14,"turns":2},{"damage":40,"enemies":"The Guardian","floor":16,"turns":11},{"damage":10,"enemies":"3 Byrds","floor":18,"turns":4},{"damage":27,"enemies":"2 Thieves","floor":22,"turns":4},{"damage":62,"enemies":"Slavers","floor":24,"turns":4}],"seed_played":"-731108505162732703","potions_obtained":[{"floor":1,"key":"SpeedPotion"},{"floor":3,"key":"Poison Potion"},{"floor":5,"key":"PowerPotion"},{"floor":8,"key":"SmokeBomb"},{"floor":16,"key":"Fire Potion"},{"floor":22,"key":"FearPotion"}],"is_trial":false,"path_per_floor":["M","M","M","?","M","?","$","M","T","?","M","R","E","M","R","B",null,"M","$","?","?","M","R","E"],"character_chosen":"DEFECT","items_purchased":["Frozen Egg 2","Prayer Wheel","Cold Snap"],"campfire_rested":3,"item_purchase_floors":[7,19,19],"current_hp_per_floor":[70,65,64,64,64,64,64,59,59,48,34,56,32,32,54,14,75,65,65,65,65,38,60,0],"gold":38,"neow_bonus":"RANDOM_COMMON_RELIC","is_prod":false,"is_daily":false,"chose_seed":false,"campfire_upgraded":0,"win_rate":0,"timestamp":1556080212,"path_taken":["M","M","M","?","M","?","$","?","T","?","M","R","E","M","R","BOSS","M","$","?","?","M","R","E"],"build_version":"2019-01-23","purchased_purges":1,"victory":false,"max_hp_per_floor":[75,75,75,75,75,75,75,75,75,75,75,75,75,75,75,75,75,75,75,75,75,75,75,75],"card_choices":[{"not_picked":["Hello World","Go for the Eyes"],"picked":"Capacitor","floor":1},{"not_picked":["Recycle","Tempest"],"picked":"Ball Lightning","floor":2},{"not_picked":["Stack","Compile Driver"],"picked":"Turbo","floor":3},{"not_picked":["Turbo","Stack"],"picked":"Barrage","floor":5},{"not_picked":["Melter","Leap"],"picked":"Core Surge","floor":8},{"not_picked":["Beam Cell","Barrage"],"picked":"Steam","floor":11},{"not_picked":["Recycle","Steam"],"picked":"Force Field","floor":13},{"not_picked":["Streamline","Stack","Rip and Tear"],"picked":"SKIP","floor":14},{"not_picked":["Meteor Strike","Amplify"],"picked":"Echo Form+1","floor":16},{"not_picked":["Hello World+1","Stack","Beam Cell"],"picked":"SKIP","floor":18},{"not_picked":["Rebound","Go for the Eyes"],"picked":"Cold Snap","floor":22},{"not_picked":["Auto Shields","Aggregate"],"picked":"Capacitor+1","floor":22}],"player_experience":892891,"relics_obtained":[{"floor":13,"key":"The Courier"}],"event_choices":[{"damage_healed":0,"gold_gain":175,"player_choice":"AGREE","damage_taken":0,"max_hp_gain":0,"max_hp_loss":0,"event_name":"Liars Game","floor":4,"gold_loss":0,"cards_obtained":["Doubt"]},{"damage_healed":0,"gold_gain":0,"player_choice":"Upgraded","damage_taken":0,"max_hp_gain":0,"max_hp_loss":0,"event_name":"Upgrade Shrine","floor":6,"gold_loss":0,"cards_upgraded":["Barrage"]},{"damage_healed":0,"gold_gain":75,"player_choice":"Gather Gold","damage_taken":11,"max_hp_gain":0,"max_hp_loss":0,"event_name":"World of Goop","floor":10,"gold_loss":0},{"damage_healed":0,"gold_gain":0,"player_choice":"Read","damage_taken":0,"max_hp_gain":0,"max_hp_loss":0,"event_name":"The Library","floor":20,"gold_loss":0,"cards_obtained":["Storm"]},{"damage_healed":0,"gold_gain":0,"player_choice":"Opened","damage_taken":0,"relics_obtained":["Art of War"],"max_hp_gain":0,"max_hp_loss":0,"event_name":"The Mausoleum","floor":21,"gold_loss":0,"cards_obtained":["Writhe"]}],"is_beta":false,"boss_relics":[{"not_picked":["Runic Dome","Ectoplasm"],"picked":"Black Star"}],"items_purged_floors":[7],"is_endless":false,"potions_floor_spawned":[1,3,5,8,16,18,22],"killed_by":"Slavers","ascension_level":0}