{"gold_per_floor":[110,110,110,125,125,155,155,174,204,204,204,234,248,266,266,362,362,377,392,411,283,283,310,328,328,328,328,356,180,213,231,231,328,328,339,350,362,378,478,505,505,520,547,547,547,170,170,186,186,186],"floor_reached":51,"playtime":2925,"items_purged":["Strike_B","Strike_B","Defend_B"],"score":1181,"play_id":"242ad3a9-c52c-46ba-a48b-657a766ca989","local_time":"20190804135139","is_ascension_mode":true,"campfire_choices":[{"data":"Defragment","floor":7.0,"key":"SMITH"},{"data":"Zap","floor":10.0,"key":"SMITH"},{"data":"Ball Lightning","floor":15.0,"key":"SMITH"},{"floor":25.0,"key":"REST"},{"floor":27.0,"key":"REST"},{"data":"Defragment","floor":32.0,"key":"SMITH"},{"data":"Defragment","floor":41,"key":"SMITH"},{"data":"Loop","floor":44,"key":"SMITH"},{"data":"Echo Form","floor":49,"key":"SMITH"}],"neow_cost":"NONE","seed_source_timestamp":300026802021962,"circlet_count":0,"master_deck":["Defend_B+1","Defend_B","Defend_B","Zap+1","Dualcast+1","Ball Lightning+1","Defragment+1","BootSequence+1","Hologram+1","Coolheaded+1","Conserve Battery+1","Recycle+1","Echo Form+1","Hologram+1","Consume+1","Cold Snap","Redo+1","Defragment+1","Loop+1","Defragment+1","Self Repair","Seek+1","Coolheaded+1","Glacier+1","Coolheaded+1","Panacea+1","Normality"],"special_seed":0,"relics":["Cracked Core","NeowsBlessing","Toxic Egg 2","Dodecahedron","Tiny Chest","Centennial Puzzle","Cursed Key","Omamori","Kunai","Darkstone Periapt","Pen Nib","Runic Pyramid","FossilizedHelix","Frozen Egg 2","Art of War","Ancient Tea Set","Singing Bowl"],"potions_floor_usage":[50],"damage_taken":[{"damage":0.0,"enemies":"Jaw Worm","floor":1.0,"turns":1.0},{"damage":0.0,"enemies":"Small Slimes","floor":4.0,"turns":1.0},{"damage":0.0,"enemies":"Lagavulin","floor":6.0,"turns":1.0},{"damage":1.0,"enemies":"Cultist","floor":8.0,"turns":3.0},{"damage":20.0,"enemies":"3 Sentries","floor":12.0,"turns":5.0},{"damage":0.0,"enemies":"Lots of Slimes","floor":13.0,"turns":4.0},{"damage":5.0,"enemies":"Blue Slaver","floor":14.0,"turns":4.0},{"damage":0.0,"enemies":"Hexaghost","floor":16.0,"turns":10.0},{"damage":6.0,"enemies":"2 Thieves","floor":18.0,"turns":4.0},{"damage":0.0,"enemies":"Spheric Guardian","floor":19.0,"turns":4.0},{"damage":2.0,"enemies":"Snake Plant","floor":20.0,"turns":3.0},{"damage":19.0,"enemies":"Slavers","floor":23.0,"turns":6.0},{"damage":8.0,"enemies":"Centurion and Healer","floor":24.0,"turns":6.0},{"damage":19.0,"enemies":"Book of Stabbing","floor":28.0,"turns":7.0},{"damage":5.0,"enemies":"Gremlin Leader","floor":30.0,"turns":5.0},{"damage":12.0,"enemies":"Sentry and Sphere","floor":31.0,"turns":6.0},{"damage":29.0,"enemies":"Automaton","floor":33.0,"turns":11.0},{"damage":3.0,"enemies":"Orb Walker","floor":35.0,"turns":4.0},{"damage":0.0,"enemies":"3 Shapes","floor":36.0,"turns":5.0},{"damage":9.0,"enemies":"Spire Growth","floor":37.0,"turns":5.0},{"damage":0.0,"enemies":"Maw","floor":38.0,"turns":6.0},{"damage":0.0,"enemies":"Mind Bloom Boss Battle","floor":39.0,"turns":6.0},{"damage":0,"enemies":"Nemesis","floor":40,"turns":11},{"damage":0,"enemies":"Jaw Worm Horde","floor":42,"turns":5},{"damage":0,"enemies":"4 Shapes","floor":48,"turns":5},{"damage":58,"enemies":"Awakened One","floor":50,"turns":13}],"seed_played":"28487382133319047","potions_obtained":[{"floor":4.0,"key":"PowerPotion"},{"floor":13.0,"key":"Energy Potion"},{"floor":14.0,"key":"SkillPotion"},{"floor":19.0,"key":"AttackPotion"},{"floor":23.0,"key":"Energy Potion"},{"floor":24.0,"key":"GamblersBrew"},{"floor":30.0,"key":"Fire Potion"},{"floor":33.0,"key":"Ancient Potion"},{"floor":35.0,"key":"SmokeBomb"},{"floor":38.0,"key":"Fire Potion"},{"floor":42,"key":"GamblersBrew"}],"is_trial":false,"path_per_floor":["M","?","?","M","?","E","R","M","T","R","?","E","M","M","R","B",null,"M","M","M","$","?","E","M","R","T","R","E","$","E","M","R","B",null,"M","M","M","M","?","E","R","M","T","R","?","$","T","M","R","B",null],"character_chosen":"DEFECT","items_purchased":["Redo+1","Loop","Ancient Tea Set","Panacea+1"],"campfire_rested":2,"item_purchase_floors":[21,29,46,46],"current_hp_per_floor":[68,61,61,61,46,46,46,45,45,45,45,25,25,20,20,20,61,55,55,53,53,53,34,26,48,48,70,51,51,46,34,34,12,59,63,70,75,75,75,75,75,75,75,75,75,75,81,83,83,32],"gold":186,"neow_bonus":"THREE_ENEMY_KILL","is_prod":false,"is_daily":false,"chose_seed":false,"campfire_upgraded":7,"win_rate":0,"timestamp":1564894299,"path_taken":["M","?","?","M","?","E","R","M","T","R","?","E","?","M","R","BOSS","M","M","M","$","?","E","M","R","T","R","E","$","E","M","R","BOSS","M","M","M","M","?","E","R","M","T","R","?","$","?","?","R","BOSS"],"build_version":"2019-07-17","purchased_purges":3,"victory":true,"max_hp_per_floor":[75,75,75,75,75,75,75,75,75,75,75,75,75,75,75,75,75,75,75,75,75,75,75,75,75,75,75,75,75,75,75,75,75,75,75,75,75,75,75,75,75,75,75,75,75,75,81,83,83,83],"card_choices":[{"not_picked":["Beam Cell","Rebound"],"picked":"Ball Lightning","floor":1.0},{"not_picked":["Go for the Eyes","Barrage"],"picked":"Defragment","floor":4.0},{"not_picked":["Reboot+1","Sunder"],"picked":"BootSequence+1","floor":6.0},{"not_picked":["Go for the Eyes","Turbo+1"],"picked":"Hologram+1","floor":8.0},{"not_picked":["Hologram+1","Gash"],"picked":"Coolheaded+1","floor":12.0},{"not_picked":["Recycle+1","Static Discharge"],"picked":"Conserve Battery+1","floor":13.0},{"not_picked":["Cold Snap","Gash"],"picked":"Recycle+1","floor":14.0},{"not_picked":["Multi-Cast+1","Fission+1"],"picked":"Echo Form","floor":16.0},{"not_picked":["Leap+1","Redo+1"],"picked":"Hologram+1","floor":18.0},{"not_picked":["Steam+1","Heatsinks"],"picked":"Consume+1","floor":19.0},{"not_picked":["Rebound+1","Gash"],"picked":"Cold Snap","floor":20.0},{"not_picked":["Sweeping Beam+1","Hologram+1","Thunder Strike"],"picked":"SKIP","floor":23.0},{"not_picked":["Conserve Battery+1","Streamline+1","Turbo+1"],"picked":"SKIP","floor":24.0},{"not_picked":["Heatsinks","Barrage"],"picked":"Defragment","floor":28.0},{"not_picked":["Hyperbeam","BootSequence+1"],"picked":"Defragment","floor":30.0},{"not_picked":["Gash+1","Doom and Gloom"],"picked":"Self Repair","floor":31.0},{"not_picked":["Thunder Strike","Core Surge"],"picked":"Seek+1","floor":33.0},{"not_picked":["Rip and Tear","Redo+1","Static Discharge+1"],"picked":"SKIP","floor":35.0},{"not_picked":["Ball Lightning","Fusion+1"],"picked":"Coolheaded+1","floor":36.0},{"not_picked":["Beam Cell","Hologram+1","Go for the Eyes"],"picked":"SKIP","floor":37.0},{"not_picked":["Conserve Battery+1","Sweeping Beam"],"picked":"Glacier+1","floor":38.0},{"not_picked":["BootSequence+1","FTL+1"],"picked":"Coolheaded+1","floor":40},{"not_picked":["Streamline+1","Barrage+1","Leap+1"],"picked":"SKIP","floor":42},{"not_picked":["Glacier+1","Streamline","Hello World+1"],"picked":"Singing Bowl","floor":48}],"player_experience":255550,"relics_obtained":[{"floor":6.0,"key":"Dodecahedron"},{"floor":9.0,"key":"Tiny Chest"},{"floor":12.0,"key":"Centennial Puzzle"},{"floor":23.0,"key":"Omamori"},{"floor":26.0,"key":"Kunai"},{"floor":28.0,"key":"Darkstone Periapt"},{"floor":30.0,"key":"Pen Nib"},{"floor":39.0,"key":"FossilizedHelix"},{"floor":40,"key":"Frozen Egg 2"},{"floor":43,"key":"Art of War"},{"floor":47,"key":"Singing Bowl"}],"event_choices":[{"damage_healed":0.0,"max_hp_gain":0.0,"max_hp_loss":0.0,"gold_gain":0.0,"event_name":"Scrap Ooze","player_choice":"Success","floor":2.0,"gold_loss":0.0,"damage_taken":7.0,"relics_obtained":["Toxic Egg 2"]},{"damage_healed":0.0,"max_hp_gain":0.0,"max_hp_loss":0.0,"gold_gain":0.0,"event_name":"Liars Game","player_choice":"Ignored","floor":3.0,"gold_loss":0.0,"damage_taken":0.0},{"damage_healed":0.0,"max_hp_gain":0.0,"max_hp_loss":0.0,"gold_gain":0.0,"event_name":"Shining Light","player_choice":"Entered Light","floor":5.0,"gold_loss":0.0,"damage_taken":15.0,"cards_upgraded":["Defend_B","Dualcast"]},{"cards_removed":["Strike_B"],"damage_healed":0.0,"max_hp_gain":0.0,"max_hp_loss":0.0,"gold_gain":0.0,"event_name":"Living Wall","player_choice":"Forget","floor":11.0,"gold_loss":0.0,"damage_taken":0.0},{"damage_healed":0.0,"max_hp_gain":0.0,"max_hp_loss":0.0,"gold_gain":0.0,"event_name":"Cursed Tome","player_choice":"Ignored","floor":22.0,"gold_loss":0.0,"damage_taken":0.0},{"damage_healed":0.0,"max_hp_gain":0.0,"max_hp_loss":0.0,"gold_gain":0.0,"event_name":"MindBloom","player_choice":"Fight","floor":39.0,"gold_loss":0.0,"damage_taken":0.0},{"cards_removed":["Strike_B"],"damage_healed":0,"gold_gain":0,"player_choice":"Removed Attack","damage_taken":0,"max_hp_gain":0,"max_hp_loss":0,"event_name":"Falling","floor":45,"gold_loss":0}],"is_beta":false,"boss_relics":[{"not_picked":["Runic Dome","Tiny House"],"picked":"Cursed Key"},{"not_picked":["Philosopher\u0027s Stone","Black Star"],"picked":"Runic Pyramid"}],"items_purged_floors":[21,29,46],"is_endless":false,"potions_floor_spawned":[4,13,14,19,23,24,30,33,35,38,39,42],"ascension_level":9}