{"gold_per_floor":[110,121,52,62,75,75,106,106,106,118,131,131,206,220,220,317,317,328,253,178,178,78,78,112,130,153,153,165,165,198,214,214,317,317,335,347,169,169,182,182,212,225,249,249,282,92,92,110,110,110],"floor_reached":51,"playtime":2418,"items_purged":["Strike_R","Strike_R","Defend_R","Strike_R"],"score":1188,"play_id":"d2f66482-d371-4f97-a519-0a6069ba22b4","local_time":"20190804114139","is_ascension_mode":true,"campfire_choices":[{"data":"Metallicize","floor":6.0,"key":"SMITH"},{"data":"True Grit","floor":12.0,"key":"SMITH"},{"data":"Shockwave","floor":15.0,"key":"SMITH"},{"data":"Demon Form","floor":23.0,"key":"SMITH"},{"floor":27.0,"key":"REST"},{"floor":32.0,"key":"REST"},{"data":"Bludgeon","floor":40.0,"key":"SMITH"},{"floor":44.0,"key":"REST"},{"floor":49,"key":"REST"}],"neow_cost":"NONE","seed_source_timestamp":292504380127110,"circlet_count":0,"master_deck":["Strike_R","Defend_R","Defend_R","Bash","Feed","Pommel Strike","Flame Barrier","Metallicize+1","Iron Wave","True Grit+1","Pommel Strike","Shockwave+1","Demon Form+1","Bash","Barricade","Clothesline","Flame Barrier","True Grit+1","Bludgeon+1","Clothesline","Clothesline","Bludgeon","Uppercut"],"special_seed":0,"relics":["Burning Blood","Bag of Marbles","Potion Belt","Snecko Eye","Blue Candle","Dream Catcher","Bottled Flame","Lizard Tail","Nunchaku","Bronze Scales","Dodecahedron"],"potions_floor_usage":[47,50,50],"damage_taken":[{"damage":6.0,"enemies":"Cultist","floor":1.0,"turns":3.0},{"damage":1.0,"enemies":"2 Louse","floor":2.0,"turns":3.0},{"damage":0.0,"enemies":"Small Slimes","floor":4.0,"turns":4.0},{"damage":2.0,"enemies":"3 Louse","floor":5.0,"turns":5.0},{"damage":16.0,"enemies":"Gremlin Nob","floor":7.0,"turns":4.0},{"damage":4.0,"enemies":"Red Slaver","floor":10.0,"turns":6.0},{"damage":8.0,"enemies":"2 Fungi Beasts","floor":11.0,"turns":4.0},{"damage":4.0,"enemies":"Blue Slaver","floor":14.0,"turns":3.0},{"damage":60.0,"enemies":"Hexaghost","floor":16.0,"turns":11.0},{"damage":19.0,"enemies":"Spheric Guardian","floor":18.0,"turns":5.0},{"damage":13.0,"enemies":"Book of Stabbing","floor":24.0,"turns":4.0},{"damage":28.0,"enemies":"2 Thieves","floor":25.0,"turns":4.0},{"damage":0.0,"enemies":"3 Cultists","floor":28.0,"turns":4.0},{"damage":69.0,"enemies":"Slavers","floor":30.0,"turns":10.0},{"damage":0.0,"enemies":"Centurion and Healer","floor":31.0,"turns":6.0},{"damage":0.0,"enemies":"Collector","floor":33.0,"turns":9.0},{"damage":3.0,"enemies":"Orb Walker","floor":35.0,"turns":3.0},{"damage":5.0,"enemies":"3 Shapes","floor":36.0,"turns":6.0},{"damage":3.0,"enemies":"Sphere and 2 Shapes","floor":39.0,"turns":5.0},{"damage":37.0,"enemies":"Giant Head","floor":41.0,"turns":8.0},{"damage":7.0,"enemies":"Transient","floor":42.0,"turns":5.0},{"damage":32.0,"enemies":"Nemesis","floor":45.0,"turns":8.0},{"damage":0,"enemies":"Reptomancer","floor":47,"turns":1},{"damage":20,"enemies":"3 Darklings","floor":48,"turns":6},{"damage":138,"enemies":"Awakened One","floor":50,"turns":10}],"seed_played":"95352270000657290","potions_obtained":[{"floor":2.0,"key":"Poison Potion"},{"floor":4.0,"key":"Strength Potion"},{"floor":5.0,"key":"Ancient Potion"},{"floor":7.0,"key":"LiquidBronze"},{"floor":18.0,"key":"LiquidBronze"},{"floor":25.0,"key":"SmokeBomb"},{"floor":36.0,"key":"Swift Potion"},{"floor":41.0,"key":"PowerPotion"},{"floor":45.0,"key":"EssenceOfSteel"}],"is_trial":false,"path_per_floor":["M","M","$","M","M","R","E","?","T","M","M","R","?","M","R","B",null,"M","$","?","?","$","R","E","M","T","R","M","?","E","M","R","B",null,"M","M","$","?","M","R","E","M","T","R","E","$","E","M","R","B",null],"character_chosen":"IRONCLAD","items_purchased":["Metallicize","Clothesline","Uppercut"],"campfire_rested":4,"item_purchase_floors":[3,37,46],"current_hp_per_floor":[75,83,83,89,92,92,85,90,90,95,96,96,85,90,90,36,91,81,81,81,81,81,81,77,58,58,93,102,102,39,48,85,91,116,119,123,123,123,129,129,98,97,97,130,104,104,110,96,130,71],"gold":110,"neow_bonus":"ONE_RANDOM_RARE_CARD","is_prod":false,"is_daily":false,"chose_seed":false,"campfire_upgraded":5,"win_rate":0,"timestamp":1564886499,"path_taken":["M","M","$","M","M","R","E","?","T","M","M","R","?","M","R","BOSS","M","$","?","?","$","R","E","M","T","R","?","?","E","M","R","BOSS","M","M","$","?","M","R","E","M","T","R","E","$","E","M","R","BOSS"],"build_version":"2019-07-17","purchased_purges":4,"victory":true,"max_hp_per_floor":[83,86,86,89,92,92,95,100,100,103,106,106,106,109,109,109,109,112,112,112,112,112,112,115,118,118,118,121,121,121,124,124,124,124,124,127,127,127,130,130,130,130,130,130,130,130,130,130,130,130],"card_choices":[{"not_picked":["Pummel","Blood for Blood"],"picked":"Pommel Strike","floor":1.0},{"not_picked":["Armaments","Anger"],"picked":"Flame Barrier","floor":2.0},{"not_picked":["Wild Strike","Thunderclap","Dual Wield"],"picked":"SKIP","floor":4.0},{"not_picked":["Twin Strike","Sentinel"],"picked":"Iron Wave","floor":5.0},{"not_picked":["Pommel Strike","Searing Blow"],"picked":"True Grit","floor":7.0},{"not_picked":["Clothesline","Iron Wave","Rampage"],"picked":"SKIP","floor":10.0},{"not_picked":["Fire Breathing","Blood for Blood"],"picked":"Pommel Strike","floor":11.0},{"not_picked":["Pommel Strike","Thunderclap"],"picked":"Shockwave","floor":14.0},{"not_picked":["Juggernaut","Reaper"],"picked":"Demon Form","floor":16.0},{"not_picked":["Cleave","Havoc","Rupture+1"],"picked":"SKIP","floor":18.0},{"not_picked":["Headbutt+1","Clothesline"],"picked":"Barricade","floor":24.0},{"not_picked":["Shrug It Off","Evolve+1","Havoc"],"picked":"SKIP","floor":25.0},{"not_picked":["Pommel Strike","Hemokinesis"],"picked":"Clothesline","floor":27.0},{"not_picked":["Combust","Armaments","Searing Blow"],"picked":"SKIP","floor":28.0},{"not_picked":["Flame Barrier","Cleave+1","Shrug It Off"],"picked":"SKIP","floor":30.0},{"not_picked":["Cleave+1","Shrug It Off"],"picked":"Flame Barrier","floor":30.0},{"not_picked":["Disarm","Sword Boomerang"],"picked":"True Grit+1","floor":31.0},{"not_picked":["Limit Break","Immolate"],"picked":"Bludgeon","floor":33.0},{"not_picked":["True Grit","Combust","Warcry+1"],"picked":"SKIP","floor":35.0},{"not_picked":["Cleave","Shockwave+1"],"picked":"Clothesline","floor":36.0},{"not_picked":["Headbutt","Burning Pact+1","Reckless Charge+1"],"picked":"SKIP","floor":39.0},{"not_picked":["Headbutt","Corruption+1","Flex+1"],"picked":"SKIP","floor":41.0},{"not_picked":["Twin Strike+1","Shrug It Off+1","Wild Strike+1"],"picked":"SKIP","floor":42.0},{"not_picked":["Sword Boomerang","Barricade"],"picked":"Bludgeon","floor":45.0},{"not_picked":["Pommel Strike","Warcry+1","Headbutt"],"picked":"SKIP","floor":48}],"player_experience":249344,"relics_obtained":[{"floor":7.0,"key":"Bag of Marbles"},{"floor":9.0,"key":"Potion Belt"},{"floor":24.0,"key":"Blue Candle"},{"floor":26.0,"key":"Dream Catcher"},{"floor":30.0,"key":"Bottled Flame"},{"floor":41.0,"key":"Nunchaku"},{"floor":43.0,"key":"Bronze Scales"},{"floor":45.0,"key":"Dodecahedron"}],"event_choices":[{"damage_healed":0.0,"max_hp_gain":5.0,"max_hp_loss":0.0,"gold_gain":0.0,"event_name":"Big Fish","player_choice":"Donut","floor":8.0,"gold_loss":0.0,"damage_taken":0.0},{"damage_healed":0.0,"max_hp_gain":0.0,"max_hp_loss":0.0,"gold_gain":75.0,"event_name":"World of Goop","player_choice":"Gather Gold","floor":13.0,"gold_loss":0.0,"damage_taken":11.0},{"cards_removed":["Strike_R"],"damage_healed":0.0,"max_hp_gain":0.0,"max_hp_loss":0.0,"gold_gain":0.0,"event_name":"Beggar","player_choice":"Gave Gold","floor":20.0,"gold_loss":75.0,"damage_taken":0.0},{"damage_healed":0.0,"max_hp_gain":0.0,"max_hp_loss":0.0,"gold_gain":0.0,"event_name":"Match and Keep!","player_choice":"1 cards matched","floor":21.0,"gold_loss":0.0,"damage_taken":0.0,"cards_obtained":["Bash"]},{"damage_healed":0.0,"max_hp_gain":0.0,"max_hp_loss":0.0,"gold_gain":0.0,"event_name":"Vampires","player_choice":"Ignored","floor":29.0,"gold_loss":0.0,"damage_taken":0.0},{"cards_removed":["Defend_R"],"damage_healed":0.0,"max_hp_gain":0.0,"max_hp_loss":0.0,"gold_gain":0.0,"event_name":"Falling","player_choice":"Removed Skill","floor":38.0,"gold_loss":0.0,"damage_taken":0.0}],"is_beta":false,"boss_relics":[{"not_picked":["Mark of Pain","Runic Pyramid"],"picked":"Snecko Eye"},{"not_picked":["Eternal Feather","Empty Cage"],"picked":"Lizard Tail"}],"items_purged_floors":[19,22,37,46],"is_endless":false,"potions_floor_spawned":[2,4,5,7,18,25,36,41,45,47],"ascension_level":8}