{"gold_per_floor":[109,121,131,19,19,44,61,61,84,134,134,152,187,167,167,240,240,258,158,33,33,47,47,47,47,47,82,99,99,134,184,184,260,260,270,270,150,164,164,191,191,224,249,265,125,459,559,573,573,573,573,573,573,5,38,38],"floor_reached":57,"playtime":1993,"items_purged":["Strike_R","Strike_R","Strike_R","Strike_R","Bash","Immolate"],"score":3468,"play_id":"16fe575c-1879-4a6e-9ace-cae7832091df","local_time":"20190520181903","is_ascension_mode":true,"campfire_choices":[{"data":"Armaments","floor":8.0,"key":"SMITH"},{"floor":11.0,"key":"REST"},{"data":"Body Slam","floor":15.0,"key":"SMITH"},{"data":"Barricade","floor":23.0,"key":"SMITH"},{"data":"True Grit","floor":25.0,"key":"SMITH"},{"data":"Burning Pact","floor":29.0,"key":"SMITH"},{"data":"Battle Trance","floor":32.0,"key":"SMITH"},{"data":"Second Wind","floor":41.0,"key":"SMITH"},{"floor":49.0,"key":"RECALL"},{"data":"Strike_R","floor":53.0,"key":"PURGE"}],"neow_cost":"NONE","seed_source_timestamp":873524911466165,"circlet_count":0,"master_deck":["AscendersBane","Defend_R","Defend_R","Defend_R","Defend_R","Evolve","True Grit+1","Shrug It Off","Body Slam+1","Battle Trance+1","Burning Pact+1","Shockwave","Armaments+1","Barricade+1","Second Wind+1","Flame Barrier+1","Ghostly Armor","Shrug It Off","Shrug It Off","Shrug It Off","Entrench"],"special_seed":0,"relics":["Orrery","Oddly Smooth Stone","Bag of Preparation","Bag of Marbles","Runic Pyramid","Blue Candle","Gambling Chip","Mummified Hand","The Courier","Coffee Dripper","Blood Vial","StoneCalendar","Old Coin","Peace Pipe","Medical Kit","Pear"],"potions_floor_usage":[56,56],"damage_taken":[{"damage":0.0,"enemies":"Small Slimes","floor":1.0,"turns":2.0},{"damage":8.0,"enemies":"2 Louse","floor":2.0,"turns":3.0},{"damage":2.0,"enemies":"Cultist","floor":3.0,"turns":4.0},{"damage":45.0,"enemies":"Lagavulin","floor":6.0,"turns":8.0},{"damage":0.0,"enemies":"Looter","floor":7.0,"turns":5.0},{"damage":0.0,"enemies":"Lots of Slimes","floor":12.0,"turns":1.0},{"damage":15.0,"enemies":"Gremlin Nob","floor":13.0,"turns":4.0},{"damage":14.0,"enemies":"The Guardian","floor":16.0,"turns":12.0},{"damage":8.0,"enemies":"Shell Parasite","floor":18.0,"turns":5.0},{"damage":10.0,"enemies":"2 Thieves","floor":22.0,"turns":5.0},{"damage":0.0,"enemies":"Gremlin Leader","floor":27.0,"turns":5.0},{"damage":0.0,"enemies":"Snake Plant","floor":28.0,"turns":3.0},{"damage":14.0,"enemies":"Book of Stabbing","floor":30.0,"turns":6.0},{"damage":9.0,"enemies":"Champ","floor":33.0,"turns":6.0},{"damage":0.0,"enemies":"Orb Walker","floor":35.0,"turns":4.0},{"damage":0.0,"enemies":"3 Shapes","floor":38.0,"turns":3.0},{"damage":0.0,"enemies":"Reptomancer","floor":40.0,"turns":4.0},{"damage":0.0,"enemies":"Giant Head","floor":42.0,"turns":5.0},{"damage":8.0,"enemies":"Writhing Mass","floor":44.0,"turns":6.0},{"damage":0.0,"enemies":"Nemesis","floor":46.0,"turns":5.0},{"damage":0.0,"enemies":"Mind Bloom Boss Battle","floor":47.0,"turns":4.0},{"damage":0.0,"enemies":"Spire Growth","floor":48.0,"turns":4.0},{"damage":0.0,"enemies":"Time Eater","floor":50.0,"turns":5.0},{"damage":0.0,"enemies":"Awakened One","floor":51.0,"turns":7.0},{"damage":0,"enemies":"Shield and Spear","floor":55,"turns":6},{"damage":0,"enemies":"The Heart","floor":56,"turns":7}],"seed_played":"4963048190111051291","potions_obtained":[{"floor":2.0,"key":"SpeedPotion"},{"floor":12.0,"key":"SpeedPotion"},{"floor":14.0,"key":"Dexterity Potion"},{"floor":18.0,"key":"Weak Potion"},{"floor":38.0,"key":"Block Potion"},{"floor":46.0,"key":"SkillPotion"}],"is_trial":false,"path_per_floor":["M","M","M","$","?","E","M","R","T","?","R","M","E","?","R","B",null,"M","$","$","?","M","R","$","R","T","E","M","R","E","?","R","B",null,"M","?","$","M","?","E","R","E","T","M","$","E","?","M","R","B","B",null,"R","$","E","B",null],"character_chosen":"IRONCLAD","items_purchased":["Shockwave","Ghostly Armor","Shrug It Off","Shrug It Off","Shrug It Off","Entrench","Medical Kit"],"campfire_rested":1,"item_purchase_floors":[4,54,54,54,54,54,54],"current_hp_per_floor":[68,60,58,58,58,13,13,13,13,13,35,35,20,20,20,6,58,50,50,50,50,40,40,40,40,40,40,40,40,26,26,26,17,61,61,61,61,61,61,61,61,63,63,57,57,59,61,63,63,65,67,70,70,70,81,81],"gold":38,"neow_bonus":"BOSS_RELIC","is_prod":false,"is_daily":false,"chose_seed":false,"campfire_upgraded":7,"win_rate":0,"timestamp":1558347543,"path_taken":["M","M","M","$","?","E","M","R","T","?","R","?","E","?","R","BOSS","M","?","$","?","?","R","?","R","T","E","M","R","E","?","R","BOSS","M","?","$","M","?","E","R","E","T","M","$","E","?","M","R","BOSS","BOSS","R","$","E","BOSS"],"build_version":"2019-01-23","purchased_purges":6,"victory":true,"max_hp_per_floor":[75,75,75,75,75,75,75,75,75,75,75,75,75,75,75,75,75,75,75,75,75,75,75,75,75,75,75,75,75,75,75,75,75,75,75,75,75,75,71,71,71,71,71,71,71,71,71,71,71,71,71,71,71,71,81,81],"card_choices":[{"not_picked":["Anger","Thunderclap"],"picked":"Evolve","floor":0.0},{"not_picked":["Pommel Strike","Burning Pact"],"picked":"Immolate","floor":0.0},{"not_picked":["Evolve","Warcry"],"picked":"True Grit","floor":0.0},{"not_picked":["Clothesline","Thunderclap"],"picked":"Shrug It Off","floor":0.0},{"not_picked":["Uppercut","Clothesline"],"picked":"Body Slam","floor":1.0},{"not_picked":["Perfected Strike","Wild Strike"],"picked":"Battle Trance","floor":2.0},{"not_picked":["Shrug It Off","Reckless Charge"],"picked":"Burning Pact","floor":3.0},{"not_picked":["Wild Strike","Evolve"],"picked":"Armaments","floor":6.0},{"not_picked":["Intimidate","Iron Wave"],"picked":"Barricade","floor":7.0},{"not_picked":["Bloodletting","Entrench"],"picked":"Second Wind","floor":12.0},{"not_picked":["Dual Wield","Pommel Strike","Searing Blow"],"picked":"SKIP","floor":13.0},{"not_picked":["Carnage","Havoc","Anger"],"picked":"SKIP","floor":18.0},{"not_picked":["True Grit","Searing Blow","Pommel Strike"],"picked":"SKIP","floor":22.0},{"not_picked":["Sword Boomerang","Reckless Charge","Evolve"],"picked":"SKIP","floor":27.0},{"not_picked":["Anger","Burning Pact"],"picked":"Flame Barrier+1","floor":28.0},{"not_picked":["Dropkick","Perfected Strike","Cleave"],"picked":"SKIP","floor":30.0},{"not_picked":["Headbutt","Pummel","Burning Pact"],"picked":"SKIP","floor":35.0},{"not_picked":["Perfected Strike","Body Slam","Thunderclap"],"picked":"SKIP","floor":38.0},{"not_picked":["Second Wind","Clash","Brutality"],"picked":"SKIP","floor":40.0},{"not_picked":["Warcry","Heavy Blade","Headbutt"],"picked":"SKIP","floor":42.0},{"not_picked":["Hemokinesis+1","Flame Barrier","Cleave"],"picked":"SKIP","floor":44.0},{"not_picked":["Reaper","Shockwave","Armaments+1"],"picked":"SKIP","floor":46.0},{"not_picked":["True Grit","Searing Blow","Rampage+1"],"picked":"SKIP","floor":48.0},{"not_picked":["Flex+1","Hemokinesis","Twin Strike"],"picked":"SKIP","floor":55}],"player_experience":1727066,"relics_obtained":[{"floor":6.0,"key":"Oddly Smooth Stone"},{"floor":9.0,"key":"Bag of Preparation"},{"floor":13.0,"key":"Bag of Marbles"},{"floor":21.0,"key":"Blue Candle"},{"floor":26.0,"key":"Gambling Chip"},{"floor":27.0,"key":"Mummified Hand"},{"floor":30.0,"key":"The Courier"},{"floor":40.0,"key":"Blood Vial"},{"floor":42.0,"key":"StoneCalendar"},{"floor":46.0,"key":"Old Coin"},{"floor":47.0,"key":"Peace Pipe"},{"floor":55,"key":"Pear"}],"event_choices":[{"damage_healed":0.0,"max_hp_gain":0.0,"max_hp_loss":0.0,"gold_gain":0.0,"event_name":"Liars Game","player_choice":"Ignored","floor":5.0,"gold_loss":0.0,"damage_taken":0.0},{"damage_healed":0.0,"max_hp_gain":0.0,"max_hp_loss":0.0,"gold_gain":50.0,"event_name":"Golden Shrine","player_choice":"Pray","floor":10.0,"gold_loss":0.0,"damage_taken":0.0},{"damage_healed":0.0,"max_hp_gain":0.0,"max_hp_loss":0.0,"gold_gain":0.0,"event_name":"The Woman in Blue","player_choice":"Bought 1 Potion","floor":14.0,"gold_loss":0.0,"damage_taken":0.0},{"damage_healed":0.0,"max_hp_gain":0.0,"max_hp_loss":0.0,"gold_gain":0.0,"event_name":"Wheel of Change","player_choice":"Relic","floor":21.0,"gold_loss":0.0,"damage_taken":0.0},{"damage_healed":0.0,"max_hp_gain":0.0,"max_hp_loss":0.0,"gold_gain":50.0,"event_name":"Nest","player_choice":"Stole From Cult","floor":31.0,"gold_loss":0.0,"damage_taken":0.0},{"damage_healed":0.0,"max_hp_gain":0.0,"max_hp_loss":0.0,"gold_gain":0.0,"event_name":"SensoryStone","player_choice":"Memory 1","floor":36.0,"gold_loss":0.0,"damage_taken":0.0},{"damage_healed":0.0,"max_hp_gain":0.0,"max_hp_loss":4.0,"gold_gain":0.0,"event_name":"Winding Halls","player_choice":"Max HP","floor":39.0,"gold_loss":0.0,"damage_taken":0.0},{"damage_healed":0.0,"max_hp_gain":0.0,"max_hp_loss":0.0,"gold_gain":0.0,"event_name":"MindBloom","player_choice":"Fight","floor":47.0,"gold_loss":0.0,"damage_taken":0.0}],"is_beta":false,"boss_relics":[{"not_picked":["Ectoplasm","Mark of Pain"],"picked":"Runic Pyramid"},{"not_picked":["Runic Dome","Cursed Key"],"picked":"Coffee Dripper"}],"items_purged_floors":[4,19,20,37,45,54],"is_endless":false,"potions_floor_spawned":[2,12,13,18,22,28,38,42,46,47,55],"ascension_level":20}