{"gold_per_floor":[109,109,13,188,42,68,68,98,98,48,8,36,36,51,51,155,155,174,186,186,186,186,186,216,216,263,263,281,381,381,399,399,399],"floor_reached":33,"playtime":1220,"items_purged":[],"score":483,"play_id":"7488b389-61f7-456c-b734-5be67b69e793","local_time":"20190520222945","is_ascension_mode":true,"campfire_choices":[{"data":"Perfected Strike","floor":7,"key":"SMITH"},{"floor":15,"key":"REST"},{"data":"Panacea","floor":23,"key":"SMITH"},{"floor":27,"key":"REST"},{"data":"Inflame","floor":30,"key":"SMITH"},{"floor":32,"key":"REST"}],"neow_cost":"NONE","seed_source_timestamp":40356580587292,"circlet_count":0,"master_deck":["Strike_R","Strike_R","Strike_R","Strike_R","Strike_R","Defend_R+1","Defend_R+1","Defend_R","Defend_R","Bash","Perfected Strike+1","Panacea+1","Inflame","Wild Strike","Metallicize","Reaper","Inflame+1","Metallicize","Armaments+1","Shrug It Off+1","Twin Strike+1"],"relics":["Burning Blood","NeowsBlessing","Smiling Mask","Juzu Bracelet","Blue Candle","Ornamental Fan","Bottled Lightning","Happy Flower","Black Star","Pen Nib","Bag of Preparation","Strawberry","PreservedInsect","Nunchaku","Pear"],"potions_floor_usage":[12,16,24,28,29,33],"damage_taken":[{"damage":0,"enemies":"Cultist","floor":1,"turns":1},{"damage":0,"enemies":"Gremlin Nob","floor":6,"turns":1},{"damage":0,"enemies":"3 Sentries","floor":8,"turns":1},{"damage":36,"enemies":"Lagavulin","floor":12,"turns":4},{"damage":15,"enemies":"Small Slimes","floor":14,"turns":3},{"damage":27,"enemies":"The Guardian","floor":16,"turns":11},{"damage":21,"enemies":"Chosen","floor":18,"turns":5},{"damage":17,"enemies":"Shell Parasite","floor":19,"turns":6},{"damage":69,"enemies":"Slavers","floor":24,"turns":7},{"damage":24,"enemies":"Chosen and Byrds","floor":28,"turns":5},{"damage":26,"enemies":"Colosseum Slavers","floor":29,"turns":6},{"damage":23,"enemies":"Colosseum Nobs","floor":29,"turns":5},{"damage":26,"enemies":"Centurion and Healer","floor":31,"turns":8},{"damage":96,"enemies":"Champ","floor":33,"turns":9}],"seed_played":"-8026332984324696682","potions_obtained":[{"floor":6,"key":"LiquidBronze"},{"floor":8,"key":"FearPotion"},{"floor":14,"key":"Fire Potion"},{"floor":18,"key":"Explosive Potion"},{"floor":28,"key":"Energy Potion"},{"floor":31,"key":"Energy Potion"}],"is_trial":false,"path_per_floor":["M","T","$","?","$","E","R","E","T","?","$","E","?","M","R","B",null,"M","M","?","?","?","R","E","?","T","R","M","?","R","M","R","B"],"character_chosen":"IRONCLAD","items_purchased":["Panacea","Juzu Bracelet","Inflame"],"campfire_rested":3,"item_purchase_floors":[3,5,11],"current_hp_per_floor":[78,78,78,78,78,80,80,80,80,80,80,50,34,25,49,28,67,58,47,47,73,73,73,29,29,29,55,43,52,52,41,70,0],"gold":399,"neow_bonus":"THREE_ENEMY_KILL","is_prod":false,"is_daily":false,"chose_seed":false,"campfire_upgraded":3,"win_rate":0,"timestamp":1558405785,"path_taken":["M","?","?","?","$","E","R","E","T","?","$","E","?","M","R","BOSS","M","M","?","?","?","R","E","?","T","R","M","?","R","M","R","BOSS"],"build_version":"2019-01-23","purchased_purges":0,"victory":false,"max_hp_per_floor":[80,80,80,80,80,80,80,80,80,80,80,80,80,80,80,80,80,80,80,80,80,80,80,87,87,87,87,87,97,97,97,97,97],"card_choices":[{"not_picked":["Iron Wave","Cleave"],"picked":"Perfected Strike","floor":1},{"not_picked":["True Grit","Combust","Brutality"],"picked":"SKIP","floor":6},{"not_picked":["Fiend Fire","Combust","Clash"],"picked":"SKIP","floor":8},{"not_picked":["True Grit","Thunderclap"],"picked":"Wild Strike","floor":12},{"not_picked":["Reckless Charge","True Grit"],"picked":"Metallicize","floor":14},{"not_picked":["Limit Break","Feed"],"picked":"Reaper","floor":16},{"not_picked":["Anger","Havoc+1","Feel No Pain"],"picked":"SKIP","floor":18},{"not_picked":["Pummel+1","Infernal Blade+1"],"picked":"Inflame","floor":19},{"not_picked":["Heavy Blade+1","True Grit+1"],"picked":"Metallicize","floor":24},{"not_picked":["Cleave","Fire Breathing"],"picked":"Armaments+1","floor":28},{"not_picked":["Rupture","Burning Pact"],"picked":"Shrug It Off+1","floor":29},{"not_picked":["Shrug It Off+1","Limit Break"],"picked":"Twin Strike+1","floor":31}],"player_experience":1012838,"relics_obtained":[{"floor":2,"key":"Smiling Mask"},{"floor":6,"key":"Blue Candle"},{"floor":8,"key":"Ornamental Fan"},{"floor":9,"key":"Bottled Lightning"},{"floor":12,"key":"Happy Flower"},{"floor":24,"key":"Bag of Preparation"},{"floor":24,"key":"Strawberry"},{"floor":26,"key":"PreservedInsect"},{"floor":29,"key":"Nunchaku"},{"floor":29,"key":"Pear"}],"event_choices":[{"damage_healed":0,"gold_gain":175,"player_choice":"AGREE","damage_taken":0,"max_hp_gain":0,"max_hp_loss":0,"event_name":"Liars Game","floor":4,"gold_loss":0,"cards_obtained":["Doubt"]},{"cards_removed":["Doubt"],"damage_healed":0,"gold_gain":0,"player_choice":"Card Removal","damage_taken":0,"max_hp_gain":0,"max_hp_loss":0,"event_name":"The Cleric","floor":10,"gold_loss":50},{"damage_healed":0,"gold_gain":0,"player_choice":"Entered Light","damage_taken":16,"max_hp_gain":0,"max_hp_loss":0,"event_name":"Shining Light","floor":13,"gold_loss":0,"cards_upgraded":["Defend_R","Defend_R"]},{"damage_healed":0,"gold_gain":0,"player_choice":"Ignored","damage_taken":0,"max_hp_gain":0,"max_hp_loss":0,"event_name":"Beggar","floor":20,"gold_loss":0},{"damage_healed":26,"gold_gain":0,"player_choice":"Heal","damage_taken":0,"max_hp_gain":0,"max_hp_loss":0,"event_name":"The Library","floor":21,"gold_loss":0},{"damage_healed":0,"gold_gain":0,"player_choice":"Opened","damage_taken":0,"relics_obtained":["Pen Nib"],"max_hp_gain":0,"max_hp_loss":0,"event_name":"The Mausoleum","floor":22,"gold_loss":0},{"damage_healed":0,"gold_gain":0,"player_choice":"Ignored","damage_taken":0,"max_hp_gain":0,"max_hp_loss":0,"event_name":"Vampires","floor":25,"gold_loss":0},{"damage_healed":0,"gold_gain":0,"player_choice":"Fight","damage_taken":0,"max_hp_gain":0,"max_hp_loss":0,"event_name":"Colosseum","floor":29,"gold_loss":0},{"damage_healed":0,"gold_gain":0,"player_choice":"Fought Nobs","damage_taken":0,"max_hp_gain":0,"max_hp_loss":0,"event_name":"Colosseum","floor":29,"gold_loss":0}],"is_beta":false,"boss_relics":[{"not_picked":["Pandora\u0027s Box","Snecko Eye"],"picked":"Black Star"}],"items_purged_floors":[],"is_endless":false,"potions_floor_spawned":[6,8,14,18,28,29,31],"killed_by":"Champ","ascension_level":6}