{"gold_per_floor":[113,38,38,56,75,75,106,106,106,106,141,66,66,66],"floor_reached":14,"playtime":279,"items_purged":["Pain"],"score":168,"play_id":"65ad39dc-c9b8-4598-b7f5-8c878658d6c7","local_time":"20190731022325","is_ascension_mode":true,"campfire_choices":[{"data":"Zap","floor":6,"key":"SMITH"},{"data":"Coolheaded","floor":8,"key":"SMITH"}],"neow_cost":"NONE","seed_source_timestamp":353426944982557,"circlet_count":0,"master_deck":["AscendersBane","Strike_B","Strike_B","Strike_B","Defend_B","Defend_B","Defend_B","Defend_B","Zap+1","Dualcast","Loop","Coolheaded+1","Gash","Loop","Defragment"],"relics":["Cracked Core","NeowsBlessing","WarpedTongs","Bag of Preparation","Regal Pillow"],"potions_floor_usage":[7],"damage_taken":[{"damage":0,"enemies":"2 Louse","floor":1,"turns":1},{"damage":0,"enemies":"Cultist","floor":4,"turns":1},{"damage":0,"enemies":"Jaw Worm","floor":5,"turns":1},{"damage":18,"enemies":"Lagavulin","floor":7,"turns":9},{"damage":42,"enemies":"3 Sentries","floor":11,"turns":9},{"damage":13,"enemies":"Large Slime","floor":14,"turns":1}],"seed_played":"-2011538234918733405","potions_obtained":[{"floor":1,"key":"Block Potion"}],"is_trial":false,"path_per_floor":["M","?","?","M","M","R","E","R","T","?","E","$","?","M"],"character_chosen":"DEFECT","items_purchased":[],"campfire_rested":0,"item_purchase_floors":[],"current_hp_per_floor":[64,64,64,64,64,64,46,46,46,51,9,9,4,0],"gold":66,"neow_bonus":"THREE_ENEMY_KILL","is_prod":false,"is_daily":false,"chose_seed":false,"campfire_upgraded":2,"win_rate":0,"timestamp":1564554205,"path_taken":["M","?","?","?","M","R","E","R","T","?","E","$","?","M"],"build_version":"2019-07-17","purchased_purges":1,"victory":false,"max_hp_per_floor":[71,71,71,71,71,71,71,71,71,76,76,76,76,76],"card_choices":[{"not_picked":["Go for the Eyes","Force Field"],"picked":"Loop","floor":1},{"not_picked":["Genetic Algorithm","BootSequence"],"picked":"Coolheaded","floor":4},{"not_picked":["Fusion","Leap"],"picked":"Gash","floor":5},{"not_picked":["Steam","Meteor Strike"],"picked":"Loop","floor":7},{"not_picked":["Hello World","Compile Driver"],"picked":"Defragment","floor":11}],"player_experience":1621663,"relics_obtained":[{"floor":9,"key":"Bag of Preparation"},{"floor":11,"key":"Regal Pillow"}],"event_choices":[{"cards_removed":["Strike_B"],"damage_healed":0,"gold_gain":0,"player_choice":"Card Removal","damage_taken":0,"max_hp_gain":0,"max_hp_loss":0,"event_name":"The Cleric","floor":2,"gold_loss":75},{"damage_healed":0,"gold_gain":0,"player_choice":"Rummage","damage_taken":0,"relics_obtained":["WarpedTongs"],"max_hp_gain":0,"max_hp_loss":0,"event_name":"Accursed Blacksmith","floor":3,"gold_loss":0,"cards_obtained":["Pain"]},{"damage_healed":0,"gold_gain":0,"player_choice":"Donut","damage_taken":0,"max_hp_gain":5,"max_hp_loss":0,"event_name":"Big Fish","floor":10,"gold_loss":0},{"damage_healed":0,"gold_gain":0,"player_choice":"Fled","damage_taken":5,"max_hp_gain":0,"max_hp_loss":0,"event_name":"Scrap Ooze","floor":13,"gold_loss":0}],"is_beta":false,"boss_relics":[],"items_purged_floors":[12],"is_endless":false,"potions_floor_spawned":[1],"killed_by":"Large Slime","ascension_level":15}