{"gold_per_floor":[109,129,184,8,24,55,69,87,87,100,100,119,143,318,318,414,414,434,447,447,447,447,447,7,34,82,93,93,43,58,58,58,155,155,172,172,172,172,27,27,42,42,42,42,76,76,109,109,109,109],"floor_reached":50,"playtime":2668,"items_purged":["Decay","Regret"],"score":816,"play_id":"1fe4af07-4159-4741-a544-b6530f3891b4","local_time":"20190727202621","is_ascension_mode":false,"campfire_choices":[{"floor":11,"key":"DIG"},{"floor":15,"key":"DIG"},{"floor":23,"key":"DIG"},{"floor":28,"key":"DIG"},{"floor":32,"key":"REST"},{"floor":40,"key":"DIG"},{"floor":42,"key":"DIG"},{"floor":46,"key":"DIG"},{"floor":49,"key":"DIG"}],"neow_cost":"CURSE","seed_source_timestamp":158081779482300,"circlet_count":0,"master_deck":["Strike_G","Strike_G","Strike_G","Strike_G","Strike_G","Defend_G","Defend_G","Defend_G","Defend_G","Defend_G","Survivor","Neutralize","Deadly Poison","Deadly Poison","Dramatic Entrance","Flying Knee","Flying Knee","Storm of Steel+1","Backstab","Crippling Poison","Noxious Fumes","Bane","Doubt","Die Die Die","Clumsy","Injury","Parasite","Deflect+1","Catalyst+1","Storm of Steel+1","Storm of Steel+1","Metamorphosis+1","Blur+1","Finisher","Outmaneuver+1","Writhe","Distraction+1","Night Terror+1","Deadly Poison+1","Pain","Purity+1","The Bomb+1","Storm of Steel+1","Outmaneuver+1","Caltrops+1","Infinite Blades+1"],"relics":["Ring of the Snake","Du-Vu Doll","Orichalcum","Bottled Flame","Shovel","Darkstone Periapt","Juzu Bracelet","Toxic Egg 2","Calling Bell","Potion Belt","Frozen Egg 2","Bird Faced Urn","Boot","Ginger","Smiling Mask","Gremlin Horn","Dream Catcher","WristBlade","WarpedTongs","Lantern","Pocketwatch","Bag of Marbles","Ancient Tea Set","Snake Skull","Molten Egg 2","Omamori","Thread and Needle"],"potions_floor_usage":[6,6,16,16,16,16,16,19,25,27,33,33,50],"damage_taken":[{"damage":3,"enemies":"Cultist","floor":1,"turns":3},{"damage":3,"enemies":"Jaw Worm","floor":2,"turns":3},{"damage":2,"enemies":"Small Slimes","floor":5,"turns":2},{"damage":8,"enemies":"Gremlin Nob","floor":6,"turns":3},{"damage":5,"enemies":"Exordium Wildlife","floor":7,"turns":2},{"damage":6,"enemies":"Looter","floor":8,"turns":3},{"damage":2,"enemies":"Large Slime","floor":10,"turns":5},{"damage":4,"enemies":"Exordium Thugs","floor":12,"turns":2},{"damage":1,"enemies":"Hexaghost","floor":16,"turns":6},{"damage":6,"enemies":"Shell Parasite","floor":18,"turns":3},{"damage":0,"enemies":"Spheric Guardian","floor":19,"turns":1},{"damage":20,"enemies":"Slavers","floor":25,"turns":2},{"damage":16,"enemies":"Centurion and Healer","floor":27,"turns":3},{"damage":0,"enemies":"Sentry and Sphere","floor":30,"turns":1},{"damage":90,"enemies":"Champ","floor":33,"turns":9},{"damage":23,"enemies":"3 Shapes","floor":35,"turns":2},{"damage":4,"enemies":"Orb Walker","floor":41,"turns":2},{"damage":22,"enemies":"Reptomancer","floor":45,"turns":3},{"damage":31,"enemies":"Giant Head","floor":47,"turns":6},{"damage":138,"enemies":"Time Eater","floor":50,"turns":8}],"seed_played":"215466922865362908","potions_obtained":[{"floor":1,"key":"LiquidBronze"},{"floor":2,"key":"Fire Potion"},{"floor":7,"key":"Poison Potion"},{"floor":8,"key":"GhostInAJar"},{"floor":12,"key":"EntropicBrew"},{"floor":18,"key":"SneckoOil"},{"floor":27,"key":"Ancient Potion"},{"floor":30,"key":"Explosive Potion"},{"floor":47,"key":"SteroidPotion"}],"is_trial":false,"path_per_floor":["M","M","T","$","M","E","M","M","T","M","R","M","T","?","R","B",null,"M","M","?","?","?","R","$","E","T","M","R","$","M","?","R","B",null,"M","?","?","?","$","R","M","R","T","?","E","R","E","?","R","B"],"character_chosen":"THE_SILENT","items_purchased":["Dramatic Entrance","Deadly Poison","Flying Knee","Storm of Steel+1","Metamorphosis+1","FearPotion","Lantern"],"campfire_rested":1,"item_purchase_floors":[4,4,4,24,24,24,39],"current_hp_per_floor":[67,64,64,64,62,54,49,43,43,41,41,37,37,43,43,42,94,88,88,94,94,94,94,94,74,74,60,60,60,60,66,97,9,106,83,89,84,84,84,84,80,80,80,80,58,58,29,112,112,0],"gold":109,"neow_bonus":"ONE_RARE_RELIC","is_prod":false,"is_daily":false,"chose_seed":false,"campfire_upgraded":0,"win_rate":0.0,"timestamp":1564277181,"path_taken":["M","?","?","$","M","E","?","M","T","M","R","M","?","?","R","BOSS","M","M","?","?","?","R","$","E","T","M","R","$","M","?","R","BOSS","M","?","?","?","$","R","M","R","T","?","E","R","E","?","R","BOSS"],"build_version":"2019-07-17","purchased_purges":2,"victory":false,"max_hp_per_floor":[70,70,70,70,70,70,70,70,70,70,70,70,70,76,76,76,94,94,94,100,100,100,100,100,100,100,100,100,100,100,106,106,106,106,106,112,112,112,112,112,112,112,112,112,112,112,112,112,112,112],"card_choices":[{"not_picked":["Slice","Tactician"],"picked":"Deadly Poison","floor":1},{"not_picked":["Dagger Spray","Terror"],"picked":"Deadly Poison","floor":2},{"not_picked":["Choke","Outmaneuver"],"picked":"Flying Knee","floor":5},{"not_picked":["Dash","Acrobatics"],"picked":"Storm of Steel","floor":6},{"not_picked":["Deadly Poison","Outmaneuver"],"picked":"Backstab","floor":7},{"not_picked":["Cloak And Dagger","Deflect"],"picked":"Crippling Poison","floor":8},{"not_picked":["Cloak And Dagger","Dagger Spray"],"picked":"Noxious Fumes","floor":10},{"not_picked":["Dagger Throw","Outmaneuver"],"picked":"Bane","floor":12},{"not_picked":["Doppelganger+1","Night Terror+1"],"picked":"Die Die Die","floor":16},{"not_picked":["Well Laid Plans+1","Cloak And Dagger+1"],"picked":"Deflect+1","floor":18},{"not_picked":["Dagger Throw","Underhanded Strike"],"picked":"Catalyst+1","floor":19},{"not_picked":["Bane","Choke"],"picked":"Blur+1","floor":25},{"not_picked":["Outmaneuver+1","Blade Dance+1"],"picked":"Finisher","floor":27},{"not_picked":["Tools of the Trade+1","Blade Dance+1"],"picked":"Outmaneuver+1","floor":30},{"not_picked":["Blur+1","Acrobatics+1"],"picked":"Distraction+1","floor":32},{"not_picked":["Tools of the Trade+1","Bullet Time+1"],"picked":"Night Terror+1","floor":33},{"not_picked":["Leg Sweep+1","Bane"],"picked":"Deadly Poison+1","floor":35},{"not_picked":["Mayhem+1","Dramatic Entrance"],"picked":"Purity+1","floor":37},{"not_picked":["Panacea+1","Mind Blast"],"picked":"The Bomb+1","floor":37},{"not_picked":["Heel Hook+1","Bane+1"],"picked":"Outmaneuver+1","floor":41},{"not_picked":["Sucker Punch+1","Dagger Spray"],"picked":"Caltrops+1","floor":45},{"not_picked":["PiercingWail+1","Prepared+1"],"picked":"Infinite Blades+1","floor":47}],"player_experience":162354,"relics_obtained":[{"floor":3,"key":"Orichalcum"},{"floor":6,"key":"Bottled Flame"},{"floor":9,"key":"Shovel"},{"floor":11,"key":"Darkstone Periapt"},{"floor":13,"key":"Juzu Bracelet"},{"floor":15,"key":"Toxic Egg 2"},{"floor":17,"key":"Potion Belt"},{"floor":17,"key":"Frozen Egg 2"},{"floor":17,"key":"Bird Faced Urn"},{"floor":23,"key":"Boot"},{"floor":25,"key":"Ginger"},{"floor":26,"key":"Smiling Mask"},{"floor":28,"key":"Gremlin Horn"},{"floor":40,"key":"Pocketwatch"},{"floor":42,"key":"Bag of Marbles"},{"floor":43,"key":"Ancient Tea Set"},{"floor":45,"key":"Snake Skull"},{"floor":46,"key":"Molten Egg 2"},{"floor":47,"key":"Omamori"},{"floor":49,"key":"Thread and Needle"}],"event_choices":[{"damage_healed":0,"gold_gain":175,"player_choice":"AGREE","damage_taken":0,"max_hp_gain":0,"max_hp_loss":0,"event_name":"Liars Game","floor":14,"gold_loss":0,"cards_obtained":["Doubt"]},{"damage_healed":0,"gold_gain":0,"player_choice":"Smashed Altar","damage_taken":0,"max_hp_gain":0,"max_hp_loss":0,"event_name":"Forgotten Altar","floor":20,"gold_loss":0,"cards_obtained":["Decay"]},{"damage_healed":0,"gold_gain":0,"player_choice":"Read","damage_taken":0,"max_hp_gain":0,"max_hp_loss":0,"event_name":"The Library","floor":21,"gold_loss":0,"cards_obtained":["Storm of Steel"]},{"damage_healed":0,"gold_gain":0,"player_choice":"Upgraded","damage_taken":0,"max_hp_gain":0,"max_hp_loss":0,"event_name":"Upgrade Shrine","floor":22,"gold_loss":0,"cards_upgraded":["Storm of Steel"]},{"damage_healed":0,"gold_gain":0,"player_choice":"Opened","damage_taken":0,"relics_obtained":["Dream Catcher"],"max_hp_gain":0,"max_hp_loss":0,"event_name":"The Mausoleum","floor":31,"gold_loss":0,"cards_obtained":["Writhe"]},{"damage_healed":0,"gold_gain":0,"player_choice":"Rummage","damage_taken":0,"relics_obtained":["WarpedTongs"],"max_hp_gain":0,"max_hp_loss":0,"event_name":"Accursed Blacksmith","floor":36,"gold_loss":0,"cards_obtained":["Pain"]},{"damage_healed":0,"gold_gain":0,"player_choice":"Memory 2","damage_taken":5,"max_hp_gain":0,"max_hp_loss":0,"event_name":"SensoryStone","floor":37,"gold_loss":0},{"damage_healed":0,"gold_gain":0,"player_choice":"Copied","damage_taken":0,"max_hp_gain":0,"max_hp_loss":0,"event_name":"Duplicator","floor":38,"gold_loss":0,"cards_obtained":["Storm of Steel"]},{"cards_removed":["Deadly Poison"],"damage_healed":0,"gold_gain":0,"player_choice":"Removed Skill","damage_taken":0,"max_hp_gain":0,"max_hp_loss":0,"event_name":"Falling","floor":44,"gold_loss":0},{"damage_healed":83,"gold_gain":0,"player_choice":"Heal","damage_taken":0,"max_hp_gain":0,"max_hp_loss":0,"event_name":"MindBloom","floor":48,"gold_loss":0,"cards_obtained":["Doubt"]}],"is_beta":false,"boss_relics":[{"not_picked":["Ectoplasm","Ring of the Serpent"],"picked":"Calling Bell"},{"not_picked":["Runic Pyramid","Busted Crown"],"picked":"WristBlade"}],"items_purged_floors":[24,29],"is_endless":false,"potions_floor_spawned":[1,2,7,8,12,18,27,30,47],"killed_by":"Time Eater","ascension_level":0}