{"gold_per_floor":[109,109,126,126,138,138,213,240,240,240,253,253,58,58,58,163,163,181,181,181,36,48,48,48],"floor_reached":24,"playtime":1122,"items_purged":[],"score":250,"play_id":"db2d5340-02b5-4951-89b2-72dff14a6591","local_time":"20190525143324","is_ascension_mode":true,"campfire_choices":[{"data":"Body Slam","floor":6,"key":"SMITH"},{"floor":10,"key":"REST"},{"data":"Armaments","floor":12,"key":"SMITH"},{"floor":15,"key":"REST"},{"floor":23,"key":"REST"}],"neow_cost":"NONE","seed_source_timestamp":74563770045016,"circlet_count":0,"master_deck":["Strike_R","Strike_R","Strike_R","Strike_R","Strike_R","Defend_R+1","Defend_R","Defend_R+1","Bash","Inflame","Body Slam+1","Body Slam","Flex","Armaments+1","Berserk+1","Decay"],"relics":["Burning Blood","Pen Nib","Frozen Egg 2","Singing Bowl","ClockworkSouvenir","Philosopher\u0027s Stone","MawBank","PreservedInsect"],"potions_floor_usage":[3,16],"damage_taken":[{"damage":3,"enemies":"2 Louse","floor":1,"turns":2},{"damage":7,"enemies":"Jaw Worm","floor":3,"turns":2},{"damage":2,"enemies":"Small Slimes","floor":5,"turns":3},{"damage":34,"enemies":"Gremlin Nob","floor":8,"turns":5},{"damage":8,"enemies":"Blue Slaver","floor":11,"turns":3},{"damage":33,"enemies":"Hexaghost","floor":16,"turns":7},{"damage":24,"enemies":"Shell Parasite","floor":18,"turns":5},{"damage":33,"enemies":"Chosen","floor":22,"turns":5},{"damage":53,"enemies":"Gremlin Leader","floor":24,"turns":8}],"seed_played":"-2064092147910217336","potions_obtained":[{"floor":1,"key":"AttackPotion"},{"floor":3,"key":"GamblersBrew"},{"floor":8,"key":"Ancient Potion"}],"is_trial":false,"path_per_floor":["M","?","M","?","M","R","?","E","T","R","M","R","$","$","R","B",null,"M","?","?","$","M","R","E"],"character_chosen":"IRONCLAD","items_purchased":["ClockworkSouvenir","PreservedInsect"],"campfire_rested":3,"item_purchase_floors":[13,21],"current_hp_per_floor":[75,68,67,51,55,55,44,16,16,40,38,38,38,38,62,35,69,53,53,53,53,28,53,0],"gold":48,"neow_bonus":"RANDOM_COMMON_RELIC","is_prod":false,"is_daily":false,"chose_seed":false,"campfire_upgraded":2,"win_rate":0,"timestamp":1558809204,"path_taken":["M","?","M","?","M","R","?","E","T","R","M","R","?","$","R","BOSS","M","?","?","$","M","R","E"],"build_version":"2019-01-23","purchased_purges":0,"victory":false,"max_hp_per_floor":[80,80,80,80,80,80,80,80,80,80,80,80,80,80,80,80,80,82,82,82,82,84,84,84],"card_choices":[{"not_picked":["Second Wind","Headbutt"],"picked":"Inflame","floor":1},{"not_picked":["Thunderclap","True Grit"],"picked":"Body Slam","floor":3},{"not_picked":["Twin Strike","Pommel Strike"],"picked":"Body Slam","floor":5},{"not_picked":["Wild Strike","Blood for Blood"],"picked":"Flex","floor":8},{"not_picked":["Seeing Red","Twin Strike"],"picked":"Armaments","floor":11},{"not_picked":["Bludgeon","Offering"],"picked":"Berserk+1","floor":16},{"not_picked":["Headbutt+1","Anger+1","True Grit"],"picked":"Singing Bowl","floor":18},{"not_picked":["Headbutt","Body Slam","Burning Pact"],"picked":"Singing Bowl","floor":22}],"player_experience":1028341,"relics_obtained":[{"floor":8,"key":"Frozen Egg 2"},{"floor":9,"key":"Singing Bowl"}],"event_choices":[{"cards_removed":["Defend_R"],"damage_healed":0,"gold_gain":0,"player_choice":"Card Removal","damage_taken":7,"max_hp_gain":0,"max_hp_loss":0,"event_name":"Golden Wing","floor":2,"gold_loss":0},{"damage_healed":0,"gold_gain":0,"player_choice":"Entered Light","damage_taken":16,"max_hp_gain":0,"max_hp_loss":0,"event_name":"Shining Light","floor":4,"gold_loss":0,"cards_upgraded":["Defend_R","Defend_R"]},{"damage_healed":0,"gold_gain":75,"player_choice":"Gather Gold","damage_taken":11,"max_hp_gain":0,"max_hp_loss":0,"event_name":"World of Goop","floor":7,"gold_loss":0},{"damage_healed":0,"gold_gain":0,"player_choice":"Smashed Altar","damage_taken":0,"max_hp_gain":0,"max_hp_loss":0,"event_name":"Forgotten Altar","floor":19,"gold_loss":0,"cards_obtained":["Decay"]},{"damage_healed":0,"gold_gain":0,"player_choice":"Gave Potion","damage_taken":0,"relics_obtained":["MawBank"],"max_hp_gain":0,"max_hp_loss":0,"event_name":"WeMeetAgain","floor":20,"gold_loss":0}],"is_beta":false,"boss_relics":[{"not_picked":["Calling Bell","Runic Cube"],"picked":"Philosopher\u0027s Stone"}],"items_purged_floors":[],"is_endless":false,"potions_floor_spawned":[1,3,8],"killed_by":"Gremlin Leader","ascension_level":6}