{"gold_per_floor":[117,136,211,291,31,61,61,90,114,147,147,95,126,156,156,256,256,268,468,484,173,248,163,163,188,213,213,213,213,244,255,255,353,353,363,363,414,434,115,115,140,154,179,179,203,48,72,85,85,85],"floor_reached":50,"playtime":3379,"items_purged":[],"score":677,"play_id":"dca70d13-35b7-4740-88b5-8ad9688e3899","local_time":"20181220015248","is_ascension_mode":true,"campfire_choices":[{"data":"Seeing Red","floor":7,"key":"SMITH"},{"data":"Apotheosis","floor":11,"key":"SMITH"},{"floor":15,"key":"REST"},{"data":"Whirlwind","floor":27,"key":"SMITH"},{"floor":29,"key":"REST"},{"floor":32,"key":"REST"},{"floor":40,"key":"REST"},{"data":"Limit Break","floor":44,"key":"SMITH"},{"floor":49,"key":"REST"}],"neow_cost":"NONE","seed_source_timestamp":234012850491442,"circlet_count":0,"master_deck":["Bash","Shrug It Off","Apotheosis+1","Spot Weakness","Seeing Red+1","Cleave","Flex","Impervious","Limit Break+1","Double Tap+1","Rage","Dual Wield+1","Reaper","Twin Strike","Reaper","Flex","Burning Pact","Pommel Strike","Whirlwind+1","Disarm","Pummel","Cleave","Feed","Uppercut+1","Cleave","Spot Weakness","Inflame+1","Limit Break"],"relics":["Burning Blood","NeowsBlessing","Pantograph","Odd Mushroom","Happy Flower","Smiling Mask","PreservedInsect","Tiny Chest","Pandora\u0027s Box","StoneCalendar","Frozen Egg 2","Juzu Bracelet","Charon\u0027s Ashes","War Paint","Blood Vial","Anchor","Lizard Tail","Ice Cream","Meat on the Bone","Oddly Smooth Stone","Regal Pillow","Ancient Tea Set","Red Skull","Pen Nib"],"potions_floor_usage":[10,10,16,25,25,25,25,31,33,38,50,50],"damage_taken":[{"damage":0,"enemies":"Small Slimes","floor":1,"turns":1},{"damage":0,"enemies":"Jaw Worm","floor":2,"turns":1},{"damage":0,"enemies":"Lagavulin","floor":6,"turns":1},{"damage":14,"enemies":"The Mushroom Lair","floor":8,"turns":4},{"damage":15,"enemies":"3 Sentries","floor":10,"turns":4},{"damage":13,"enemies":"Gremlin Nob","floor":13,"turns":3},{"damage":65,"enemies":"Hexaghost","floor":16,"turns":12},{"damage":33,"enemies":"Shell Parasite","floor":18,"turns":5},{"damage":44,"enemies":"2 Thieves","floor":20,"turns":4},{"damage":24,"enemies":"Gremlin Leader","floor":25,"turns":3},{"damage":20,"enemies":"Book of Stabbing","floor":30,"turns":3},{"damage":20,"enemies":"Snake Plant","floor":31,"turns":4},{"damage":59,"enemies":"Collector","floor":33,"turns":8},{"damage":15,"enemies":"Orb Walker","floor":35,"turns":4},{"damage":30,"enemies":"2 Orb Walkers","floor":37,"turns":4},{"damage":34,"enemies":"3 Darklings","floor":38,"turns":6},{"damage":58,"enemies":"Giant Head","floor":41,"turns":7},{"damage":33,"enemies":"Spire Growth","floor":42,"turns":4},{"damage":29,"enemies":"Jaw Worm Horde","floor":48,"turns":3},{"damage":92,"enemies":"Donu and Deca","floor":50,"turns":4}],"seed_played":"-2896583306026257548","potions_obtained":[{"floor":1,"key":"Energy Potion"},{"floor":2,"key":"Poison Potion"},{"floor":8,"key":"AttackPotion"},{"floor":18,"key":"EntropicBrew"},{"floor":30,"key":"Block Potion"},{"floor":31,"key":"Block Potion"},{"floor":35,"key":"Regen Potion"},{"floor":38,"key":"Strength Potion"},{"floor":48,"key":"Weak Potion"}],"is_trial":false,"path_per_floor":["M","M","?","?","$","E","R","?","T","E","R","$","E","?","R","B",null,"M","?","M","$","T","?","?","E","T","R","?","R","E","M","R","B",null,"M","?","?","M","$","R","E","M","T","R","T","$","T","M","R","B"],"character_chosen":"IRONCLAD","items_purchased":["Apotheosis","Spot Weakness","Flex","StoneCalendar","Inflame+1","Meat on the Bone","Red Skull"],"campfire_rested":5,"item_purchase_floors":[5,5,12,21,39,39,46],"current_hp_per_floor":[80,80,69,69,69,75,75,67,67,58,58,58,51,44,68,21,80,53,53,43,43,43,43,43,45,45,45,45,69,71,59,80,49,80,80,80,56,44,44,68,30,58,58,58,58,58,58,49,80,0],"gold":85,"neow_bonus":"THREE_ENEMY_KILL","is_prod":false,"is_daily":false,"chose_seed":false,"campfire_upgraded":4,"win_rate":0,"timestamp":1545288768,"path_taken":["M","M","?","?","$","E","R","?","T","E","R","$","E","?","R","BOSS","M","?","M","$","?","?","?","E","T","R","?","R","E","M","R","BOSS","M","?","?","M","$","R","E","M","T","R","?","?","?","M","R","BOSS"],"build_version":"2018-12-13","purchased_purges":0,"victory":false,"max_hp_per_floor":[80,80,80,80,80,80,80,80,80,80,80,80,80,80,80,80,80,80,80,80,80,80,80,80,80,80,80,80,80,80,80,80,80,80,80,80,80,80,80,80,80,80,80,80,80,80,80,80,80,80],"card_choices":[{"not_picked":["Rage","Pummel"],"picked":"Shrug It Off","floor":1},{"not_picked":["Perfected Strike","Hemokinesis"],"picked":"Uppercut","floor":2},{"not_picked":["Combust","Offering"],"picked":"Seeing Red","floor":6},{"not_picked":["True Grit","Armaments"],"picked":"Cleave","floor":10},{"not_picked":["Warcry","Shrug It Off"],"picked":"Impervious","floor":13},{"not_picked":["Reaper","Berserk"],"picked":"Limit Break","floor":16},{"not_picked":["Wild Strike","Clash+1"],"picked":"Pommel Strike","floor":18},{"not_picked":["Armaments+1","Bludgeon"],"picked":"Whirlwind","floor":20},{"not_picked":["Dual Wield+1","Reckless Charge"],"picked":"Disarm","floor":25},{"not_picked":["Power Through","Warcry"],"picked":"Pummel","floor":30},{"not_picked":["Shrug It Off","Headbutt"],"picked":"Cleave","floor":31},{"not_picked":["Barricade+1","Juggernaut+1"],"picked":"Feed","floor":33},{"not_picked":["Clash+1","Wild Strike+1"],"picked":"Uppercut+1","floor":35},{"not_picked":["Headbutt","Body Slam"],"picked":"Cleave","floor":37},{"not_picked":["Carnage","Intimidate+1"],"picked":"Spot Weakness","floor":38},{"not_picked":["Bloodletting+1","Shockwave","Sword Boomerang"],"picked":"SKIP","floor":41},{"not_picked":["Perfected Strike","Armaments"],"picked":"Limit Break","floor":42},{"not_picked":["Dual Wield","Power Through","Hemokinesis+1"],"picked":"SKIP","floor":48}],"player_experience":459118,"relics_obtained":[{"floor":6,"key":"Pantograph"},{"floor":8,"key":"Odd Mushroom"},{"floor":9,"key":"Happy Flower"},{"floor":10,"key":"Smiling Mask"},{"floor":13,"key":"PreservedInsect"},{"floor":22,"key":"Frozen Egg 2"},{"floor":25,"key":"Charon\u0027s Ashes"},{"floor":26,"key":"War Paint"},{"floor":30,"key":"Anchor"},{"floor":37,"key":"Ice Cream"},{"floor":41,"key":"Oddly Smooth Stone"},{"floor":43,"key":"Regal Pillow"},{"floor":45,"key":"Ancient Tea Set"},{"floor":47,"key":"Pen Nib"}],"event_choices":[{"damage_healed":0,"gold_gain":75,"player_choice":"Gather Gold","damage_taken":11,"max_hp_gain":0,"max_hp_loss":0,"event_name":"World of Goop","floor":3,"gold_loss":0},{"damage_healed":0,"gold_gain":80,"player_choice":"Gained Gold","damage_taken":0,"max_hp_gain":0,"max_hp_loss":0,"event_name":"Golden Wing","floor":4,"gold_loss":0},{"damage_healed":0,"gold_gain":0,"player_choice":"Fought Mushrooms","damage_taken":0,"max_hp_gain":0,"max_hp_loss":0,"event_name":"Mushrooms","floor":8,"gold_loss":0},{"damage_healed":0,"gold_gain":0,"player_choice":"Success","damage_taken":7,"relics_obtained":["Tiny Chest"],"max_hp_gain":0,"max_hp_loss":0,"event_name":"Scrap Ooze","floor":14,"gold_loss":0},{"damage_healed":0,"gold_gain":250,"player_choice":"Bet on Owner","damage_taken":0,"max_hp_gain":0,"max_hp_loss":0,"event_name":"The Joust","floor":19,"gold_loss":50},{"damage_healed":0,"gold_gain":0,"player_choice":"Obtained Relic","damage_taken":0,"relics_obtained":["Juzu Bracelet"],"max_hp_gain":0,"max_hp_loss":0,"event_name":"Addict","floor":23,"gold_loss":85},{"cards_removed":["Rupture"],"damage_healed":0,"gold_gain":0,"player_choice":"Purged","damage_taken":0,"max_hp_gain":0,"max_hp_loss":0,"event_name":"Purifier","floor":24,"gold_loss":0},{"damage_healed":0,"gold_gain":0,"player_choice":"Opened","damage_taken":0,"relics_obtained":["Blood Vial"],"max_hp_gain":0,"max_hp_loss":0,"event_name":"The Mausoleum","floor":28,"gold_loss":0},{"cards_removed":["Uppercut"],"damage_healed":0,"gold_gain":0,"player_choice":"Removed Attack","damage_taken":0,"max_hp_gain":0,"max_hp_loss":0,"event_name":"Falling","floor":36,"gold_loss":0},{"damage_healed":0,"gold_gain":0,"player_choice":"Fight","damage_taken":0,"max_hp_gain":0,"max_hp_loss":0,"event_name":"Mysterious Sphere","floor":37,"gold_loss":0}],"is_beta":false,"boss_relics":[{"not_picked":["Astrolabe","Empty Cage"],"picked":"Pandora\u0027s Box"},{"not_picked":["Snecko Eye","Velvet Choker"],"picked":"Lizard Tail"}],"items_purged_floors":[],"is_endless":false,"potions_floor_spawned":[1,2,8,18,30,31,35,38,48],"killed_by":"Donu and Deca","ascension_level":4}