{"gold_per_floor":[359,373,42,42,52,52,83,15,68,68,82,102,133,150,150,253,253,269,35,52,52,52],"floor_reached":22,"playtime":1067,"items_purged":[],"score":196,"play_id":"38a2dcc6-de41-4851-8ac9-56e20c1e483e","local_time":"20190309124924","is_ascension_mode":false,"campfire_choices":[{"data":"Terror","floor":6,"key":"SMITH"},{"floor":10,"key":"REST"},{"data":"A Thousand Cuts","floor":15,"key":"SMITH"}],"neow_cost":"TEN_PERCENT_HP_LOSS","seed_source_timestamp":675132483426077,"circlet_count":0,"master_deck":["Survivor","Neutralize","Dodge and Roll","Blade Dance","Accuracy","Blur+1","Terror+1","Dodge and Roll","A Thousand Cuts+1","Caltrops","Skewer","Dagger Spray","Infinite Blades","A Thousand Cuts","Envenom","Unload","Tactician","Blur","Skewer","Expertise","Deflect","All Out Attack","Calculated Gamble","Dagger Spray","Deadly Poison+1","Accuracy","Cloak And Dagger"],"relics":["Ring of the Snake","Regal Pillow","Strawberry","Tiny Chest","Bronze Scales","Pandora\u0027s Box","Anchor"],"potions_floor_usage":[7,11,16,22],"damage_taken":[{"damage":9,"enemies":"Cultist","floor":1,"turns":4},{"damage":9,"enemies":"Jaw Worm","floor":2,"turns":6},{"damage":0,"enemies":"2 Louse","floor":5,"turns":3},{"damage":9,"enemies":"Lagavulin","floor":7,"turns":9},{"damage":0,"enemies":"Lots of Slimes","floor":11,"turns":2},{"damage":0,"enemies":"2 Fungi Beasts","floor":12,"turns":5},{"damage":13,"enemies":"3 Sentries","floor":13,"turns":9},{"damage":4,"enemies":"Red Slaver","floor":14,"turns":4},{"damage":46,"enemies":"Slime Boss","floor":16,"turns":7},{"damage":30,"enemies":"Spheric Guardian","floor":18,"turns":4},{"damage":17,"enemies":"2 Thieves","floor":20,"turns":4},{"damage":25,"enemies":"Snake Plant","floor":22,"turns":4}],"seed_played":"-1422307165277932155","potions_obtained":[{"floor":1,"key":"Explosive Potion"},{"floor":5,"key":"Block Potion"},{"floor":11,"key":"GamblersBrew"},{"floor":13,"key":"PowerPotion"},{"floor":20,"key":"PowerPotion"}],"is_trial":false,"path_per_floor":["M","M","$","?","M","R","E","$","T","R","M","M","E","M","R","B",null,"M","$","M","?","M"],"character_chosen":"THE_SILENT","items_purchased":["Accuracy","Blur","Regal Pillow","Terror","Caltrops","Accuracy","Anchor"],"campfire_rested":1,"item_purchase_floors":[3,3,3,3,8,19,19],"current_hp_per_floor":[54,45,45,45,45,45,43,43,43,70,70,70,57,53,53,7,70,40,40,23,23,0],"gold":52,"neow_bonus":"TWO_FIFTY_GOLD","is_prod":false,"is_daily":false,"chose_seed":false,"campfire_upgraded":2,"win_rate":0,"timestamp":1552153764,"path_taken":["M","M","$","?","?","R","E","$","T","R","M","M","E","M","R","BOSS","M","$","M","?","M"],"build_version":"2019-01-23","purchased_purges":0,"victory":false,"max_hp_per_floor":[63,63,63,63,63,63,70,70,70,70,70,70,70,70,70,70,70,70,70,70,70,70],"card_choices":[{"not_picked":["Expertise","Escape Plan"],"picked":"Dodge and Roll","floor":1},{"not_picked":["Outmaneuver","Calculated Gamble"],"picked":"Blade Dance","floor":2},{"not_picked":["PiercingWail","Setup"],"picked":"Dodge and Roll","floor":5},{"not_picked":["Flying Knee","Choke"],"picked":"A Thousand Cuts","floor":7},{"not_picked":["Bane","Prepared"],"picked":"Skewer","floor":11},{"not_picked":["Endless Agony","Flechettes"],"picked":"Dagger Spray","floor":12},{"not_picked":["Prepared","Flying Knee"],"picked":"Infinite Blades","floor":13},{"not_picked":["Quick Slash","Flying Knee"],"picked":"A Thousand Cuts","floor":14},{"not_picked":["Venomology","Malaise"],"picked":"Envenom","floor":16},{"not_picked":["Quick Slash","Acrobatics"],"picked":"Deadly Poison+1","floor":18},{"not_picked":["Venomology","Outmaneuver"],"picked":"Cloak And Dagger","floor":20}],"player_experience":648651,"relics_obtained":[{"floor":7,"key":"Strawberry"},{"floor":9,"key":"Tiny Chest"},{"floor":13,"key":"Bronze Scales"}],"event_choices":[{"damage_healed":0,"gold_gain":0,"player_choice":"Upgraded","damage_taken":0,"max_hp_gain":0,"max_hp_loss":0,"event_name":"Upgrade Shrine","floor":4,"gold_loss":0,"cards_upgraded":["Blur"]},{"cards_removed":["Reflex"],"damage_healed":0,"gold_gain":0,"player_choice":"Card Removal","damage_taken":0,"max_hp_gain":0,"max_hp_loss":0,"event_name":"Wheel of Change","floor":21,"gold_loss":0}],"is_beta":false,"boss_relics":[{"not_picked":["Fusion Hammer","Velvet Choker"],"picked":"Pandora\u0027s Box"}],"items_purged_floors":[],"is_endless":false,"potions_floor_spawned":[1,5,11,13,20],"killed_by":"Snake Plant","ascension_level":0}