{"gold_per_floor":[116,132,132,18,18,18,32,62,62,62,95,115,115,141,141,218,218,236,251,301,324,424,424,459,12,12,12,12,44,44,76,76,155,155,155],"floor_reached":35,"playtime":1458,"items_purged":["Parasite","Strike_B"],"score":958,"play_id":"48b73f79-05cd-4988-a09d-fe7e19665dd8","local_time":"20190525231942","is_ascension_mode":true,"campfire_choices":[{"data":"Zap","floor":6.0,"key":"SMITH"},{"floor":10.0,"key":"REST"},{"data":"Defragment","floor":13.0,"key":"SMITH"},{"floor":15.0,"key":"REST"},{"floor":23.0,"key":"REST"},{"data":"Defragment","floor":27.0,"key":"SMITH"},{"data":"Go for the Eyes","floor":30.0,"key":"SMITH"},{"data":"Coolheaded","floor":32.0,"key":"SMITH"}],"neow_cost":"CURSE","seed_source_timestamp":0,"circlet_count":0,"master_deck":["AscendersBane","Strike_B","Strike_B","Strike_B","Defend_B","Defend_B","Defend_B","Defend_B","Zap+1","Dualcast","Streamline","Defragment+1","Reinforced Body","Defragment+1","Cold Snap","Melter","Glacier","Static Discharge","All For One","Hologram+1","Capacitor","Gash","Go for the Eyes+1","Coolheaded+1","Gash","Electrodynamics"],"special_seed":0,"relics":["Cracked Core","Nunchaku","Mummified Hand","Bag of Marbles","Shuriken","Bag of Preparation","Lantern","Runic Pyramid","Blood Vial","FossilizedHelix","Mercury Hourglass","Ornamental Fan","Incense Burner","Matryoshka","Question Card","Strawberry","Fusion Hammer"],"potions_floor_usage":[],"damage_taken":[{"damage":10.0,"enemies":"Small Slimes","floor":1.0,"turns":3.0},{"damage":0.0,"enemies":"2 Louse","floor":2.0,"turns":2.0},{"damage":12.0,"enemies":"Jaw Worm","floor":7.0,"turns":3.0},{"damage":30.0,"enemies":"3 Sentries","floor":8.0,"turns":6.0},{"damage":5.0,"enemies":"Gremlin Nob","floor":11.0,"turns":3.0},{"damage":20.0,"enemies":"Exordium Thugs","floor":12.0,"turns":4.0},{"damage":7.0,"enemies":"3 Sentries","floor":14.0,"turns":6.0},{"damage":14.0,"enemies":"Slime Boss","floor":16.0,"turns":7.0},{"damage":22.0,"enemies":"2 Thieves","floor":18.0,"turns":4.0},{"damage":0.0,"enemies":"Spheric Guardian","floor":19.0,"turns":3.0},{"damage":13.0,"enemies":"Colosseum Slavers","floor":22.0,"turns":7.0},{"damage":15.0,"enemies":"Colosseum Nobs","floor":22.0,"turns":5.0},{"damage":1.0,"enemies":"Slavers","floor":24.0,"turns":4.0},{"damage":0.0,"enemies":"Gremlin Leader","floor":29.0,"turns":7.0},{"damage":0.0,"enemies":"Slavers","floor":31.0,"turns":4.0},{"damage":2.0,"enemies":"Automaton","floor":33.0,"turns":9.0},{"damage":0.0,"enemies":"3 Shapes","floor":35.0,"turns":5.0}],"seed_played":"-386112237120696957","potions_obtained":[{"floor":2.0,"key":"SteroidPotion"},{"floor":7.0,"key":"LiquidBronze"},{"floor":8.0,"key":"Regen Potion"},{"floor":12.0,"key":"Fire Potion"},{"floor":16.0,"key":"FocusPotion"},{"floor":18.0,"key":"SpeedPotion"},{"floor":22.0,"key":"AttackPotion"},{"floor":29.0,"key":"PowerPotion"}],"is_trial":false,"path_per_floor":["M","M","?","$","?","R","M","E","T","R","E","M","R","E","R","B",null,"M","M","?","T","?","R","E","$","T","R","$","E","R","E","R","B",null,"M"],"character_chosen":"DEFECT","items_purchased":["Reinforced Body","Incense Burner"],"campfire_rested":3,"item_purchase_floors":[4,25],"current_hp_per_floor":[54,54,59,59,54,54,42,12,12,33,37,17,17,10,31,17,59,37,37,37,37,13,34,35,35,35,35,35,37,37,46,46,46,72,74],"gold":155,"neow_bonus":"ONE_RARE_RELIC","is_prod":false,"is_daily":false,"chose_seed":false,"campfire_upgraded":5,"win_rate":0,"timestamp":1558840782,"path_taken":["M","M","?","$","?","R","M","E","T","R","E","M","R","E","R","BOSS","M","M","?","?","?","R","E","$","T","R","$","E","R","E","R","BOSS","M"],"build_version":"2019-01-23","purchased_purges":2,"victory":false,"max_hp_per_floor":[71,71,76,73,73,73,73,73,73,73,73,73,73,73,73,73,73,73,73,73,73,73,73,73,73,73,73,73,73,73,80,80,80,80,80],"card_choices":[{"not_picked":["Tempest","Redo"],"picked":"Streamline","floor":1.0},{"not_picked":["Hologram","Turbo"],"picked":"Defragment","floor":2.0},{"not_picked":["BootSequence","Auto Shields"],"picked":"Defragment","floor":7.0},{"not_picked":["Fusion","Genetic Algorithm"],"picked":"Cold Snap","floor":8.0},{"not_picked":["Fusion","Force Field"],"picked":"Melter","floor":11.0},{"not_picked":["Reinforced Body","Hologram"],"picked":"Glacier","floor":12.0},{"not_picked":["Gash","Hello World"],"picked":"Static Discharge","floor":14.0},{"not_picked":["Hyperbeam","Amplify"],"picked":"All For One","floor":16.0},{"not_picked":["Sunder","Go for the Eyes"],"picked":"Hologram+1","floor":18.0},{"not_picked":["Gash","Barrage"],"picked":"Capacitor","floor":19.0},{"not_picked":["Redo","Barrage"],"picked":"Gash","floor":22.0},{"not_picked":["Sweeping Beam","Melter"],"picked":"Go for the Eyes","floor":24.0},{"not_picked":["Redo","Sweeping Beam"],"picked":"Coolheaded","floor":29.0},{"not_picked":["Machine Learning","Fission","Stack"],"picked":"Gash","floor":31.0},{"not_picked":["Thunder Strike","Core Surge","Biased Cognition"],"picked":"Electrodynamics","floor":33.0}],"player_experience":1007750,"relics_obtained":[{"floor":8.0,"key":"Bag of Marbles"},{"floor":9.0,"key":"Shuriken"},{"floor":11.0,"key":"Bag of Preparation"},{"floor":14.0,"key":"Lantern"},{"floor":21.0,"key":"Blood Vial"},{"floor":22.0,"key":"FossilizedHelix"},{"floor":22.0,"key":"Mercury Hourglass"},{"floor":24.0,"key":"Ornamental Fan"},{"floor":26.0,"key":"Matryoshka"},{"floor":29.0,"key":"Question Card"},{"floor":31.0,"key":"Strawberry"}],"event_choices":[{"damage_healed":0.0,"max_hp_gain":5.0,"max_hp_loss":0.0,"gold_gain":0.0,"event_name":"Big Fish","player_choice":"Donut","floor":3.0,"gold_loss":0.0,"damage_taken":0.0},{"damage_healed":0.0,"max_hp_gain":0.0,"max_hp_loss":0.0,"gold_gain":0.0,"event_name":"Scrap Ooze","player_choice":"Success","floor":5.0,"gold_loss":0.0,"damage_taken":5.0,"relics_obtained":["Mummified Hand"]},{"damage_healed":0.0,"max_hp_gain":0.0,"max_hp_loss":0.0,"gold_gain":50.0,"event_name":"Nest","player_choice":"Stole From Cult","floor":20.0,"gold_loss":0.0,"damage_taken":0.0},{"damage_healed":0.0,"max_hp_gain":0.0,"max_hp_loss":0.0,"gold_gain":0.0,"event_name":"Colosseum","player_choice":"Fight","floor":22.0,"gold_loss":0.0,"damage_taken":0.0},{"damage_healed":0.0,"max_hp_gain":0.0,"max_hp_loss":0.0,"gold_gain":0.0,"event_name":"Colosseum","player_choice":"Fought Nobs","floor":22.0,"gold_loss":0.0,"damage_taken":0.0}],"is_beta":false,"boss_relics":[{"not_picked":["Cursed Key","Coffee Dripper"],"picked":"Runic Pyramid"},{"not_picked":["Tiny House","Orrery"],"picked":"Fusion Hammer"}],"items_purged_floors":[4,25],"is_endless":false,"potions_floor_spawned":[2,7,8,12,16,18,22,29,35],"killed_by":"3 Shapes","ascension_level":20}