{"gold_per_floor":[117,117,17,31,41,73,73,39,62,62,80,114,114,147,147,243,243,254,273,66,80,94,128,140,186,223,250,288,318,348,360,372,479,491,517,107,107,123,123,151,26,26,26,39,54,73,92,102,102,102],"floor_reached":51,"playtime":4743,"items_purged":["Normality","Rip and Tear"],"score":1104,"play_id":"d458355b-b122-49ab-888b-e4f17c06223c","local_time":"20180724132549","is_ascension_mode":true,"campfire_choices":[{"data":"Zap","floor":7,"key":"SMITH"},{"data":"Dualcast","floor":10,"key":"SMITH"},{"data":"Genetic Algorithm","floor":13,"key":"SMITH"},{"data":"Buffer","floor":15,"key":"SMITH"},{"floor":24,"key":"REST"},{"floor":32,"key":"REST"},{"data":"Mind Blast","floor":42,"key":"SMITH"},{"data":"Defragment","floor":49,"key":"SMITH"}],"neow_cost":"CURSE","seed_source_timestamp":250583184489538,"circlet_count":0,"master_deck":["Defend_B","Defend_B","Zap+1","Dualcast+1","White Noise","Skim","Glacier","Leap","Turbo","Cold Snap","FTL","Genetic Algorithm+1","Coolheaded","Streamline","Buffer+1","All For One","Recycle+1","Leap+1","Reboot+1","Defragment+1","Hologram","Zap+1","Ball Lightning+1","Ball Lightning","Hologram","Rebound+1","Go for the Eyes","Hologram","All For One","Glacier+1","Meteor Strike","Turbo","Mind Blast+1","Skim","Capacitor","Hologram","Ball Lightning+1","Hologram","Go for the Eyes+1","Machine Learning","Streamline","Coolheaded+1","Defragment+1"],"relics":["Cracked Core","DataDisk","Ancient Tea Set","Orichalcum","Omamori","Astrolabe","DollysMirror","MawBank","Blue Candle","Strawberry","Art of War","Coffee Dripper","ClockworkSouvenir","Cables","Vajra","Bird Faced Urn"],"potions_floor_usage":[12,16,23,23,23,33,35,48,50,50,50,50],"damage_taken":[{"damage":0,"enemies":"Cultist","floor":1,"turns":3},{"damage":7,"enemies":"Small Slimes","floor":4,"turns":4},{"damage":0,"enemies":"2 Louse","floor":5,"turns":3},{"damage":15,"enemies":"Lagavulin","floor":6,"turns":7},{"damage":0,"enemies":"Red Slaver","floor":11,"turns":3},{"damage":9,"enemies":"Gremlin Nob","floor":12,"turns":4},{"damage":4,"enemies":"Lagavulin","floor":14,"turns":7},{"damage":0,"enemies":"The Guardian","floor":16,"turns":12},{"damage":0,"enemies":"Shell Parasite","floor":18,"turns":4},{"damage":0,"enemies":"2 Thieves","floor":19,"turns":4},{"damage":1,"enemies":"Centurion and Healer","floor":21,"turns":5},{"damage":4,"enemies":"Snake Plant","floor":22,"turns":4},{"damage":44,"enemies":"Slavers","floor":23,"turns":5},{"damage":21,"enemies":"Book of Stabbing","floor":25,"turns":7},{"damage":0,"enemies":"Cultist and Chosen","floor":27,"turns":3},{"damage":0,"enemies":"Gremlin Leader","floor":28,"turns":7},{"damage":1,"enemies":"Snecko","floor":29,"turns":5},{"damage":6,"enemies":"Chosen and Byrds","floor":30,"turns":5},{"damage":22,"enemies":"Automaton","floor":33,"turns":9},{"damage":31,"enemies":"3 Darklings","floor":35,"turns":5},{"damage":3,"enemies":"Flame Bruiser 1 Orb","floor":38,"turns":5},{"damage":0,"enemies":"Nemesis","floor":40,"turns":7},{"damage":0,"enemies":"Maw","floor":44,"turns":5},{"damage":0,"enemies":"Flame Bruiser 2 Orb","floor":45,"turns":5},{"damage":0,"enemies":"Spire Growth","floor":46,"turns":3},{"damage":17,"enemies":"4 Shapes","floor":47,"turns":4},{"damage":0,"enemies":"3 Darklings","floor":48,"turns":4},{"damage":34,"enemies":"Time Eater","floor":50,"turns":11}],"seed_played":"-8553776278284990417","potions_obtained":[{"floor":5,"key":"SteroidPotion"},{"floor":11,"key":"Weak Potion"},{"floor":16,"key":"FearPotion"},{"floor":18,"key":"SkillPotion"},{"floor":19,"key":"PowerPotion"},{"floor":27,"key":"Explosive Potion"},{"floor":29,"key":"PowerPotion"},{"floor":35,"key":"GamblersBrew"},{"floor":40,"key":"Energy Potion"},{"floor":44,"key":"EntropicBrew"}],"is_trial":false,"path_per_floor":["M","?","$","M","M","E","R","$","T","R","M","E","R","E","R","B",null,"M","M","$","M","M","E","R","E","T","M","E","M","M","?","R","B",null,"M","$","?","M","T","E","$","R","T","M","M","M","M","M","R","B"],"character_chosen":"DEFECT","items_purchased":["Leap","Genetic Algorithm","DollysMirror","ClockworkSouvenir","Mind Blast","Skim","Capacitor","Hologram"],"campfire_rested":2,"item_purchase_floors":[3,8,20,36,36,36,36,41],"current_hp_per_floor":[68,68,68,61,61,46,46,46,46,46,46,37,37,33,33,33,65,65,65,65,64,60,16,38,17,24,24,24,23,17,17,41,19,66,35,35,56,53,53,53,53,53,53,63,74,82,69,73,73,66],"gold":102,"neow_bonus":"TRANSFORM_TWO_CARDS","is_prod":false,"is_daily":false,"chose_seed":false,"campfire_upgraded":6,"win_rate":0,"timestamp":1532453149,"path_taken":["M","?","$","M","?","E","R","$","T","R","M","E","R","E","R","BOSS","M","?","$","M","?","E","R","E","T","M","E","M","?","?","R","BOSS","M","$","?","M","?","E","$","R","T","M","M","?","M","M","R","BOSS"],"build_version":"2018-07-19v2","purchased_purges":2,"victory":true,"max_hp_per_floor":[75,75,75,75,75,75,75,75,75,75,75,75,75,75,75,75,75,75,75,75,75,75,75,75,75,82,82,82,82,82,82,82,82,82,82,82,82,82,82,82,82,82,82,82,82,82,82,82,82,82],"card_choices":[{"not_picked":["Beam Cell","Tempest"],"picked":"Skim","floor":1},{"not_picked":["Hello World","Scrape"],"picked":"Turbo","floor":4},{"not_picked":["Skim","Hello World"],"picked":"Cold Snap","floor":5},{"not_picked":["Leap","Hello World"],"picked":"FTL","floor":6},{"not_picked":["Doom and Gloom","Undo"],"picked":"Coolheaded","floor":11},{"not_picked":["Turbo","Gash"],"picked":"Streamline","floor":12},{"not_picked":["Sunder","Coolheaded"],"picked":"Buffer","floor":14},{"not_picked":["Amplify","Core Surge"],"picked":"All For One","floor":16},{"not_picked":["Leap","Auto Shields"],"picked":"Defragment","floor":18},{"not_picked":["Hello World","Steam"],"picked":"Hologram","floor":19},{"not_picked":["Coolheaded","Conserve Battery"],"picked":"Ball Lightning+1","floor":21},{"not_picked":["Beam Cell","Turbo"],"picked":"Ball Lightning","floor":22},{"not_picked":["Heatsinks","White Noise"],"picked":"Hologram","floor":23},{"not_picked":["Compile Driver","Steam"],"picked":"Rebound+1","floor":25},{"not_picked":["Rebound","Redo"],"picked":"Go for the Eyes","floor":27},{"not_picked":["Turbo","Darkness"],"picked":"Hologram","floor":28},{"not_picked":["Scrape","Compile Driver"],"picked":"All For One","floor":29},{"not_picked":["Hologram+1","Tempest+1"],"picked":"Glacier+1","floor":30},{"not_picked":["Fission","Amplify"],"picked":"Meteor Strike","floor":33},{"not_picked":["Coolheaded","Hologram"],"picked":"Turbo","floor":35},{"not_picked":["Barrage","Glacier"],"picked":"Hologram","floor":38},{"not_picked":["Hyperbeam","Chaos"],"picked":"Ball Lightning+1","floor":40},{"not_picked":["Hologram","Conserve Battery"],"picked":"Go for the Eyes+1","floor":44},{"not_picked":["Leap","Compile Driver"],"picked":"Machine Learning","floor":45},{"not_picked":["Glacier","Go for the Eyes+1"],"picked":"Streamline","floor":46},{"not_picked":["Chaos","Leap"],"picked":"Coolheaded+1","floor":47},{"not_picked":["Rip and Tear+1","Cold Snap+1"],"picked":"Defragment","floor":48}],"player_experience":283401,"relics_obtained":[{"floor":6,"key":"DataDisk"},{"floor":9,"key":"Ancient Tea Set"},{"floor":12,"key":"Orichalcum"},{"floor":14,"key":"Omamori"},{"floor":23,"key":"MawBank"},{"floor":25,"key":"Blue Candle"},{"floor":26,"key":"Strawberry"},{"floor":28,"key":"Art of War"},{"floor":39,"key":"Cables"},{"floor":40,"key":"Vajra"},{"floor":43,"key":"Bird Faced Urn"}],"event_choices":[{"event_name":"Living Wall","player_choice":"Change","floor":2,"damage_taken":0},{"event_name":"Upgrade Shrine","player_choice":"Upgraded","floor":31,"damage_taken":0},{"event_name":"Winding Halls","player_choice":"Writhe","floor":37,"damage_taken":0}],"is_beta":false,"boss_relics":[{"not_picked":["Empty Cage","Busted Crown"],"picked":"Astrolabe"},{"not_picked":["Philosopher\u0027s Stone","Orrery"],"picked":"Coffee Dripper"}],"items_purged_floors":[3,41],"is_endless":false,"potions_floor_spawned":[5,11,16,18,19,27,29,35,40,44,46],"ascension_level":6}