{"gold_per_floor":[118,132,132,148,166,200,165,165,238,258,270,284,284,295,295,295],"floor_reached":16,"playtime":1046,"items_purged":[],"score":106,"play_id":"73720856-6ca7-4fd6-90cc-9950aba6ec8c","local_time":"20190214203754","is_ascension_mode":false,"campfire_choices":[{"data":"Predator","floor":8,"key":"SMITH"},{"data":"Dash","floor":13,"key":"SMITH"},{"floor":15,"key":"REST"}],"neow_cost":"NONE","seed_source_timestamp":787868459915448,"circlet_count":0,"master_deck":["Defend_G","Defend_G","Defend_G","Defend_G","Strike_G","Strike_G","Strike_G","Strike_G","Survivor","Neutralize","Well Laid Plans","Dash+1","Predator+1","Sucker Punch"],"relics":["Ring of the Snake","Peace Pipe"],"potions_floor_usage":[6,14,16,16],"damage_taken":[{"damage":1,"enemies":"Cultist","floor":1,"turns":4},{"damage":2,"enemies":"2 Louse","floor":2,"turns":2},{"damage":3,"enemies":"Jaw Worm","floor":4,"turns":4},{"damage":0,"enemies":"2 Fungi Beasts","floor":5,"turns":3},{"damage":17,"enemies":"Lagavulin","floor":6,"turns":6},{"damage":6,"enemies":"Lots of Slimes","floor":10,"turns":5},{"damage":0,"enemies":"Exordium Wildlife","floor":11,"turns":5},{"damage":5,"enemies":"2 Fungi Beasts","floor":12,"turns":4},{"damage":7,"enemies":"Large Slime","floor":14,"turns":6},{"damage":72,"enemies":"Slime Boss","floor":16,"turns":12}],"seed_played":"-8836111195951155806","potions_obtained":[{"floor":1,"key":"Weak Potion"},{"floor":5,"key":"Poison Potion"},{"floor":6,"key":"SneckoOil"},{"floor":14,"key":"GamblersBrew"}],"is_trial":false,"path_per_floor":["M","M","?","M","M","E","?","R","T","M","M","M","R","M","R","B"],"character_chosen":"THE_SILENT","items_purchased":[],"campfire_rested":1,"item_purchase_floors":[],"current_hp_per_floor":[69,67,67,64,64,47,64,64,64,58,58,53,53,46,67,0],"gold":295,"neow_bonus":"REMOVE_CARD","is_prod":false,"is_daily":false,"chose_seed":false,"campfire_upgraded":2,"win_rate":0,"timestamp":1550194674,"path_taken":["M","M","?","M","M","E","?","R","T","M","M","M","R","M","R","BOSS"],"build_version":"2019-01-23","purchased_purges":0,"victory":false,"max_hp_per_floor":[70,70,70,70,70,70,70,70,70,70,70,70,70,70,70,70],"card_choices":[{"not_picked":["Quick Slash","Riddle With Holes"],"picked":"Well Laid Plans","floor":1},{"not_picked":["Blade Dance","Flying Knee"],"picked":"Dash","floor":2},{"not_picked":["Bane","Outmaneuver"],"picked":"Sucker Punch","floor":4},{"not_picked":["Backflip","Concentrate","Dodge and Roll"],"picked":"SKIP","floor":5},{"not_picked":["Sucker Punch","Accuracy","Blade Dance"],"picked":"SKIP","floor":6},{"not_picked":["Bane","Prepared","Footwork"],"picked":"SKIP","floor":10},{"not_picked":["Cloak And Dagger","Endless Agony","Calculated Gamble"],"picked":"SKIP","floor":11},{"not_picked":["Acrobatics","Deflect","Flechettes"],"picked":"SKIP","floor":12},{"not_picked":["Deadly Poison","Tactician","Dagger Spray"],"picked":"SKIP","floor":14}],"player_experience":577359,"relics_obtained":[{"floor":6,"key":"Peace Pipe"}],"event_choices":[{"damage_healed":0,"gold_gain":0,"cards_transformed":["Strike_G"],"player_choice":"Change","damage_taken":0,"max_hp_gain":0,"max_hp_loss":0,"event_name":"Living Wall","floor":3,"gold_loss":0,"cards_obtained":["Predator"]},{"damage_healed":17,"gold_gain":0,"player_choice":"Healed","damage_taken":0,"max_hp_gain":0,"max_hp_loss":0,"event_name":"The Cleric","floor":7,"gold_loss":35}],"is_beta":false,"boss_relics":[],"items_purged_floors":[],"is_endless":false,"potions_floor_spawned":[1,5,6,14],"killed_by":"Slime Boss","ascension_level":0}