{"gold_per_floor":[116,133,144,144,159,159,186,237,249,292,269,302,337,374,386,524,536,562,424,424,440,455,455,470,191,191,290,290],"floor_reached":28,"playtime":910,"items_purged":["Carnage"],"score":360,"play_id":"f8fae6d7-0e40-4901-8eea-7eab3cff1fa9","local_time":"20190806061737","is_ascension_mode":true,"campfire_choices":[{"data":"Perfected Strike","floor":6.0,"key":"SMITH"},{"floor":15.0,"key":"REST"},{"data":"Evolve","floor":23.0,"key":"SMITH"}],"neow_cost":"NONE","seed_source_timestamp":99436001860926,"circlet_count":0,"master_deck":["AscendersBane","Strike_R","Strike_R","Strike_R","Strike_R","Strike_R","Defend_R","Defend_R","Defend_R","Defend_R","Bash","Forethought","Ghostly Armor","Pommel Strike","Perfected Strike+1","Intimidate","Perfected Strike","Perfected Strike","Pommel Strike","Dark Embrace","Second Wind","Evolve+1","Feel No Pain+1","Shrug It Off"],"special_seed":0,"relics":["Burning Blood","Golden Idol","MawBank","Bronze Scales","Matryoshka","Dead Branch","White Beast Statue","FaceOfCleric","Omamori","Paper Frog","Gremlin Horn"],"potions_floor_usage":[28],"damage_taken":[{"damage":6.0,"enemies":"Cultist","floor":1.0,"turns":4.0},{"damage":8.0,"enemies":"2 Louse","floor":2.0,"turns":4.0},{"damage":2.0,"enemies":"Jaw Worm","floor":3.0,"turns":3.0},{"damage":5.0,"enemies":"Large Slime","floor":5.0,"turns":6.0},{"damage":20.0,"enemies":"Lagavulin","floor":8.0,"turns":5.0},{"damage":30.0,"enemies":"Gremlin Nob","floor":10.0,"turns":5.0},{"damage":10.0,"enemies":"Exordium Wildlife","floor":12.0,"turns":3.0},{"damage":10.0,"enemies":"Exordium Thugs","floor":13.0,"turns":3.0},{"damage":9.0,"enemies":"2 Fungi Beasts","floor":14.0,"turns":2.0},{"damage":48.0,"enemies":"The Guardian","floor":16.0,"turns":8.0},{"damage":35.0,"enemies":"2 Thieves","floor":18.0,"turns":4.0},{"damage":1.0,"enemies":"Spheric Guardian","floor":21.0,"turns":3.0},{"damage":13.0,"enemies":"Snecko","floor":22.0,"turns":4.0},{"damage":22.0,"enemies":"Snake Plant","floor":24.0,"turns":3.0},{"damage":40,"enemies":"Shelled Parasite and Fungi","floor":28,"turns":6}],"seed_played":"-5239096033117927489","potions_obtained":[{"floor":1.0,"key":"Energy Potion"},{"floor":8.0,"key":"LiquidBronze"},{"floor":13.0,"key":"Poison Potion"},{"floor":16.0,"key":"BloodPotion"},{"floor":18.0,"key":"Poison Potion"},{"floor":22.0,"key":"Fire Potion"},{"floor":24.0,"key":"Weak Potion"}],"is_trial":false,"path_per_floor":["M","M","M","?","M","R","T","E","T","E","?","M","M","M","R","B",null,"M","$","?","M","M","R","M","$","T","?","M"],"character_chosen":"IRONCLAD","items_purchased":["Second Wind","Evolve","Shrug It Off","Omamori"],"campfire_rested":1,"item_purchase_floors":[19,19,25,25],"current_hp_per_floor":[72,70,74,54,55,55,55,41,41,17,37,33,29,26,50,8,62,53,53,53,59,53,53,38,38,38,38,0],"gold":290,"neow_bonus":"RANDOM_COLORLESS","is_prod":false,"is_daily":false,"chose_seed":false,"campfire_upgraded":2,"win_rate":0,"timestamp":1565039857,"path_taken":["M","M","?","?","M","R","?","E","T","E","?","M","M","M","R","BOSS","M","$","?","M","M","R","M","?","T","?","M"],"build_version":"2019-07-17","purchased_purges":1,"victory":false,"max_hp_per_floor":[80,80,80,80,80,80,80,80,80,80,80,80,80,80,80,80,80,80,80,80,81,82,82,83,83,83,83,83],"card_choices":[{"not_picked":["Sever Soul","Reckless Charge"],"picked":"Ghostly Armor","floor":1.0},{"not_picked":["Clothesline","Armaments"],"picked":"Carnage","floor":2.0},{"not_picked":["Clash","Body Slam"],"picked":"Pommel Strike","floor":3.0},{"not_picked":["Ghostly Armor","Iron Wave"],"picked":"Perfected Strike","floor":5.0},{"not_picked":["Inflame","Combust"],"picked":"Intimidate","floor":8.0},{"not_picked":["Combust","Berserk","Inflame"],"picked":"SKIP","floor":10.0},{"not_picked":["Thunderclap","Body Slam"],"picked":"Perfected Strike","floor":12.0},{"not_picked":["Disarm","Metallicize"],"picked":"Perfected Strike","floor":13.0},{"not_picked":["Clash","Body Slam"],"picked":"Pommel Strike","floor":14.0},{"not_picked":["Demon Form","Berserk"],"picked":"Dark Embrace","floor":16.0},{"not_picked":["Heavy Blade","Reckless Charge","Flex"],"picked":"SKIP","floor":18.0},{"not_picked":["Flex+1","Immolate","Inflame"],"picked":"SKIP","floor":21.0},{"not_picked":["Wild Strike","Sever Soul+1"],"picked":"Feel No Pain+1","floor":22.0},{"not_picked":["Cleave","Bloodletting+1","Anger"],"picked":"SKIP","floor":24.0}],"player_experience":278114,"relics_obtained":[{"floor":7.0,"key":"MawBank"},{"floor":8.0,"key":"Bronze Scales"},{"floor":9.0,"key":"Matryoshka"},{"floor":10.0,"key":"Dead Branch"},{"floor":26.0,"key":"Paper Frog"},{"floor":26.0,"key":"Gremlin Horn"}],"event_choices":[{"damage_healed":0.0,"max_hp_gain":0.0,"max_hp_loss":0.0,"gold_gain":0.0,"event_name":"Golden Idol","player_choice":"Take Damage","floor":4.0,"gold_loss":0.0,"damage_taken":20.0,"relics_obtained":["Golden Idol"]},{"damage_healed":20.0,"max_hp_gain":0.0,"max_hp_loss":0.0,"gold_gain":0.0,"event_name":"The Cleric","player_choice":"Healed","floor":11.0,"gold_loss":35.0,"damage_taken":0.0},{"damage_healed":0.0,"max_hp_gain":0.0,"max_hp_loss":0.0,"gold_gain":0.0,"event_name":"FaceTrader","player_choice":"Trade","floor":20.0,"gold_loss":0.0,"damage_taken":0.0,"relics_obtained":["FaceOfCleric"]},{"damage_healed":0.0,"max_hp_gain":0.0,"max_hp_loss":0.0,"gold_gain":99.0,"event_name":"Nest","player_choice":"Stole From Cult","floor":27.0,"gold_loss":0.0,"damage_taken":0.0}],"is_beta":false,"boss_relics":[{"not_picked":["Black Blood","Busted Crown"],"picked":"White Beast Statue"}],"items_purged_floors":[25],"is_endless":false,"potions_floor_spawned":[1,8,13,16,18,21,22,24],"killed_by":"Shelled Parasite and Fungi","ascension_level":11}