{"gold_per_floor":[112,122,47,63,81,81,95,129,215,227,414,426,456,494,506,615,627,651,681,693,718,742,782,794,199,199,199,225,245,259,276,276,276],"floor_reached":33,"playtime":3092,"items_purged":["Normality","Doubt"],"score":301,"play_id":"2283fbff-a562-44c2-a50c-f5ad094caf53","local_time":"20181128134614","is_ascension_mode":false,"campfire_choices":[{"data":"Immolate","floor":6.0,"key":"SMITH"},{"data":"Armaments","floor":10.0,"key":"SMITH"},{"data":"Shrug It Off","floor":12.0,"key":"SMITH"},{"data":"Whirlwind","floor":15.0,"key":"SMITH"},{"floor":27,"key":"REST"},{"floor":32,"key":"REST"}],"neow_cost":"CURSE","seed_source_timestamp":0,"circlet_count":0,"master_deck":["Strike_R","Strike_R","Strike_R","Strike_R","Strike_R","Defend_R","Defend_R","Defend_R","Defend_R","Bash","Immolate+1","Pommel Strike","Havoc","Shrug It Off+1","Inflame","Armaments+1","True Grit","Whirlwind+1","Double Tap+1","Whirlwind","Immolate+1","Disarm","Shrug It Off+1"],"special_seed":0,"relics":["Burning Blood","Sundial","Mango","Fusion Hammer","Centennial Puzzle","Nloth\u0027s Gift","DollysMirror","Bag of Marbles","Omamori","FossilizedHelix","Lantern"],"potions_floor_usage":[16,16,16,23,28,29],"damage_taken":[{"damage":0.0,"enemies":"Small Slimes","floor":1.0,"turns":2.0},{"damage":0.0,"enemies":"2 Louse","floor":2.0,"turns":1.0},{"damage":1.0,"enemies":"Cultist","floor":4.0,"turns":3.0},{"damage":3.0,"enemies":"Exordium Wildlife","floor":5.0,"turns":4.0},{"damage":0.0,"enemies":"Gremlin Gang","floor":7.0,"turns":1.0},{"damage":21.0,"enemies":"3 Sentries","floor":8.0,"turns":4.0},{"damage":0.0,"enemies":"Exordium Thugs","floor":13.0,"turns":3.0},{"damage":19.0,"enemies":"Gremlin Nob","floor":14.0,"turns":4.0},{"damage":27,"enemies":"Slime Boss","floor":16,"turns":8},{"damage":5,"enemies":"3 Byrds","floor":18,"turns":3},{"damage":18,"enemies":"Shell Parasite","floor":19,"turns":4},{"damage":5,"enemies":"Chosen and Byrds","floor":21,"turns":4},{"damage":21,"enemies":"Snake Plant","floor":22,"turns":4},{"damage":52,"enemies":"Book of Stabbing","floor":23,"turns":6},{"damage":34,"enemies":"Gremlin Leader","floor":28,"turns":6},{"damage":0,"enemies":"Snecko","floor":29,"turns":1},{"damage":0,"enemies":"Shelled Parasite and Fungi","floor":30,"turns":2},{"damage":8,"enemies":"Centurion and Healer","floor":31,"turns":2},{"damage":60,"enemies":"Automaton","floor":33,"turns":6}],"seed_played":"2896569201478270342","potions_obtained":[{"floor":4.0,"key":"Ancient Potion"},{"floor":5.0,"key":"Swift Potion"},{"floor":13.0,"key":"Ancient Potion"},{"floor":22,"key":"Block Potion"},{"floor":23,"key":"SkillPotion"},{"floor":28,"key":"Energy Potion"}],"is_trial":false,"path_per_floor":["M","M","$","M","M","R","M","E","T","R","?","R","M","E","R","B",null,"M","M","?","M","M","E","?","$","T","R","E","M","M","M","R","B"],"character_chosen":"IRONCLAD","items_purchased":["DollysMirror","Bag of Marbles","Omamori"],"campfire_rested":2,"item_purchase_floors":[25,25,25],"current_hp_per_floor":[80,80,80,80,80,80,80,65,65,65,65,65,71,72,72,51,94,94,82,82,83,68,22,22,22,22,50,22,28,34,32,60,0],"gold":276,"neow_bonus":"THREE_RARE_CARDS","is_prod":false,"is_daily":false,"chose_seed":false,"campfire_upgraded":4,"win_rate":0,"timestamp":1543430774,"path_taken":["M","M","$","M","M","R","M","E","T","R","?","R","M","E","R","BOSS","M","M","?","M","?","E","?","$","T","R","E","M","M","M","R","BOSS"],"build_version":"2018-11-15","purchased_purges":2,"victory":false,"max_hp_per_floor":[80,80,80,80,80,80,80,80,80,80,80,80,80,94,94,94,94,94,94,94,94,94,94,94,94,94,94,94,94,94,94,94,94],"card_choices":[{"not_picked":["Bludgeon","Berserk"],"picked":"Immolate","floor":0.0},{"not_picked":["Infernal Blade","Clothesline"],"picked":"Pommel Strike","floor":1.0},{"not_picked":["Wild Strike","Carnage"],"picked":"Havoc","floor":2.0},{"not_picked":["Rupture","Power Through"],"picked":"Shrug It Off","floor":4.0},{"not_picked":["Searing Blow","Spot Weakness"],"picked":"Inflame","floor":5.0},{"not_picked":["True Grit","Shrug It Off"],"picked":"Armaments","floor":7.0},{"not_picked":["Dropkick","Brutality"],"picked":"True Grit","floor":8.0},{"not_picked":["Cleave","Thunderclap"],"picked":"Whirlwind","floor":13.0},{"not_picked":["Armaments","Cleave","Clothesline"],"picked":"SKIP","floor":14.0},{"not_picked":["Juggernaut","Immolate"],"picked":"Double Tap","floor":16},{"not_picked":["Anger","Armaments+1"],"picked":"Whirlwind","floor":18},{"not_picked":["True Grit","Clothesline","Pommel Strike+1"],"picked":"SKIP","floor":19},{"not_picked":["Evolve","Warcry","Fire Breathing+1"],"picked":"SKIP","floor":21},{"not_picked":["Iron Wave","Wild Strike","Clash+1"],"picked":"SKIP","floor":22},{"not_picked":["Rupture+1","Reckless Charge+1","Body Slam"],"picked":"SKIP","floor":23},{"not_picked":["Warcry+1","Havoc+1"],"picked":"Disarm","floor":28},{"not_picked":["Double Tap","Sword Boomerang","Entrench"],"picked":"SKIP","floor":29},{"not_picked":["Cleave+1","Evolve","Thunderclap"],"picked":"SKIP","floor":30},{"not_picked":["Clash","Body Slam"],"picked":"Shrug It Off+1","floor":31}],"player_experience":398706,"relics_obtained":[{"floor":8.0,"key":"MawBank"},{"floor":9.0,"key":"Sundial"},{"floor":14.0,"key":"Mango"},{"floor":23,"key":"Centennial Puzzle"},{"floor":26,"key":"FossilizedHelix"},{"floor":28,"key":"Lantern"}],"event_choices":[{"damage_healed":0.0,"max_hp_gain":0.0,"max_hp_loss":0.0,"gold_gain":175.0,"event_name":"Liars Game","player_choice":"AGREE","floor":11.0,"gold_loss":0.0,"damage_taken":0.0,"cards_obtained":["Doubt"]},{"damage_healed":0,"gold_gain":0,"player_choice":"Upgraded","damage_taken":0,"max_hp_gain":0,"max_hp_loss":0,"event_name":"Upgrade Shrine","floor":20,"gold_loss":0,"cards_upgraded":["Double Tap"]},{"damage_healed":0,"gold_gain":0,"player_choice":"Traded Relic","damage_taken":0,"relics_obtained":["Nloth\u0027s Gift"],"max_hp_gain":0,"max_hp_loss":0,"event_name":"N\u0027loth","floor":24,"relics_lost":["MawBank"],"gold_loss":0}],"is_beta":false,"boss_relics":[{"not_picked":["Orrery","Astrolabe"],"picked":"Fusion Hammer"}],"items_purged_floors":[3,25],"is_endless":false,"potions_floor_spawned":[4,5,13,22,23,28],"killed_by":"Automaton","ascension_level":0}