{"gold_per_floor":[118,129,146,221,22,54,71,106,106,106],"floor_reached":10,"playtime":603,"items_purged":["Strike_B"],"score":98,"play_id":"7888dcce-98fc-4537-bbdb-5db5b64ad9cc","local_time":"20180722182024","is_ascension_mode":true,"campfire_choices":[],"neow_cost":"","seed_source_timestamp":99591908242193,"circlet_count":0,"master_deck":["Strike_B","Strike_B","Strike_B","Defend_B","Defend_B","Defend_B","Defend_B","Zap","Dualcast","Self Repair","Rebound","Hologram","Conserve Battery","Cold Snap","Conserve Battery"],"relics":["Cracked Core","Tiny Chest","Mummified Hand","Bag of Preparation","Question Card"],"potions_floor_usage":[7,8],"damage_taken":[{"damage":11,"enemies":"Jaw Worm","floor":1,"turns":4},{"damage":4,"enemies":"Small Slimes","floor":2,"turns":4},{"damage":1,"enemies":"Cultist","floor":3,"turns":3},{"damage":38,"enemies":"Gremlin Nob","floor":6,"turns":4},{"damage":8,"enemies":"3 Louse","floor":7,"turns":3},{"damage":27,"enemies":"Lagavulin","floor":8,"turns":8},{"damage":12,"enemies":"3 Sentries","floor":10,"turns":4}],"seed_played":"-1298460615081437977","potions_obtained":[{"floor":6,"key":"PowerPotion"},{"floor":7,"key":"Fire Potion"}],"is_trial":false,"path_per_floor":["M","M","M","?","$","E","M","E","T"],"character_chosen":"DEFECT","items_purchased":["Tiny Chest"],"campfire_rested":0,"item_purchase_floors":[5],"current_hp_per_floor":[64,67,73,62,62,31,30,10,10,0],"gold":106,"neow_bonus":"","is_prod":false,"is_daily":false,"chose_seed":false,"campfire_upgraded":0,"win_rate":0,"timestamp":1532298024,"path_taken":["M","M","M","?","$","E","M","E","T","E"],"build_version":"2018-07-19v2","purchased_purges":1,"victory":false,"max_hp_per_floor":[75,75,75,75,75,75,75,75,75,75],"card_choices":[{"not_picked":["Compile Driver","Hologram"],"picked":"Self Repair","floor":1},{"not_picked":["Leap","Redo"],"picked":"Rebound","floor":2},{"not_picked":["Turbo","Redo"],"picked":"Hologram","floor":3},{"not_picked":["Storm","Gash"],"picked":"Conserve Battery","floor":6},{"not_picked":["Beam Cell","Conserve Battery"],"picked":"Cold Snap","floor":7},{"not_picked":["Multi-Cast","Streamline"],"picked":"Conserve Battery","floor":8}],"player_experience":238673,"relics_obtained":[{"floor":6,"key":"Mummified Hand"},{"floor":8,"key":"Bag of Preparation"},{"floor":9,"key":"Question Card"}],"event_choices":[{"event_name":"World of Goop","player_choice":"Gather Gold","floor":4,"damage_taken":0}],"is_beta":false,"boss_relics":[],"items_purged_floors":[5],"is_endless":false,"potions_floor_spawned":[6,7],"killed_by":"3 Sentries","ascension_level":5}