{"gold_per_floor":[112,112,14,14,38,71,71,91,91,116,16,16,36,55,55,186,186,209,209,27,28,44,44,79,0,0,0,0,0,16,41,41,162,162,185,185,200,0,0,0,31,31,58,2,15,15,40,40,40,40],"floor_reached":51,"playtime":19214,"items_purged":["Strike_G","Defend_G","Strike_G"],"score":695,"play_id":"4708ff95-af5f-4bcd-a438-2c32e7385690","local_time":"20190807011807","is_ascension_mode":false,"campfire_choices":[{"floor":7.0,"key":"REST"},{"data":"Deadly Poison","floor":15.0,"key":"SMITH"},{"floor":23.0,"key":"REST"},{"floor":29.0,"key":"REST"},{"floor":32.0,"key":"REST"},{"data":"Adrenaline","floor":40,"key":"SMITH"},{"data":"Acrobatics","floor":42,"key":"SMITH"},{"data":"Dodge and Roll","floor":46,"key":"SMITH"},{"floor":49,"key":"REST"}],"neow_cost":"NONE","seed_source_timestamp":1906561113546300,"circlet_count":0,"master_deck":["Strike_G","Defend_G","Defend_G","Defend_G","Defend_G+1","Survivor","Neutralize","Leg Sweep","Outmaneuver","PiercingWail","Deadly Poison+1","Calculated Gamble+1","Dodge and Roll+1","Adrenaline+1","Necronomicurse","Footwork+1","Reflex","Escape Plan","Backflip","PiercingWail+1","Noxious Fumes+1","After Image","Acrobatics+1","Dodge and Roll+1","Well Laid Plans","Prepared+1","Flechettes+1","Crippling Poison+1","Bouncing Flask+1"],"special_seed":0,"relics":["Ring of the Snake","Golden Idol","Torii","Paper Crane","Sozu","Necronomicon","Oddly Smooth Stone","Bag of Marbles","Matryoshka","Ornamental Fan","Empty Cage","Molten Egg 2","MawBank","Anchor"],"potions_floor_usage":[],"damage_taken":[{"damage":0.0,"enemies":"Small Slimes","floor":1.0,"turns":3.0},{"damage":1.0,"enemies":"Jaw Worm","floor":5.0,"turns":6.0},{"damage":29.0,"enemies":"3 Sentries","floor":6.0,"turns":18.0},{"damage":0.0,"enemies":"2 Louse","floor":8.0,"turns":4.0},{"damage":0.0,"enemies":"2 Fungi Beasts","floor":10.0,"turns":5.0},{"damage":0.0,"enemies":"3 Louse","floor":13.0,"turns":6.0},{"damage":1.0,"enemies":"Exordium Wildlife","floor":14.0,"turns":9.0},{"damage":51.0,"enemies":"Slime Boss","floor":16.0,"turns":21.0},{"damage":0.0,"enemies":"Spheric Guardian","floor":18.0,"turns":3.0},{"damage":1.0,"enemies":"2 Thieves","floor":21.0,"turns":5.0},{"damage":17.0,"enemies":"3 Cultists","floor":22.0,"turns":11.0},{"damage":60.0,"enemies":"Gremlin Leader","floor":24.0,"turns":11.0},{"damage":0.0,"enemies":"Snake Plant","floor":30.0,"turns":5.0},{"damage":8.0,"enemies":"Chosen and Byrds","floor":31.0,"turns":10.0},{"damage":19.0,"enemies":"Automaton","floor":33.0,"turns":16.0},{"damage":10.0,"enemies":"Orb Walker","floor":35.0,"turns":6.0},{"damage":0,"enemies":"3 Shapes","floor":37,"turns":9},{"damage":12,"enemies":"Giant Head","floor":41,"turns":14},{"damage":0,"enemies":"Spire Growth","floor":45,"turns":7},{"damage":0,"enemies":"Maw","floor":47,"turns":9},{"damage":0,"enemies":"Donu and Deca","floor":50,"turns":10}],"seed_played":"-3959773731034397746","potions_obtained":[{"floor":1.0,"key":"EssenceOfSteel"},{"floor":8.0,"key":"PowerPotion"},{"floor":10.0,"key":"Poison Potion"},{"floor":14.0,"key":"GamblersBrew"}],"is_trial":false,"path_per_floor":["M","?","$","?","M","E","R","M","T","M","$","?","M","M","R","B",null,"M","?","$","M","M","R","E","?","T","$","?","R","M","M","R","B",null,"M","?","M","$","?","R","E","R","T","$","M","R","M","?","R","B",null],"character_chosen":"THE_SILENT","items_purchased":["Outmaneuver","Oddly Smooth Stone","Footwork","Well Laid Plans","Flechettes+1"],"campfire_rested":5,"item_purchase_floors":[3,20,20,38,44],"current_hp_per_floor":[77,58,58,77,76,47,70,70,70,70,70,55,55,54,54,3,77,77,61,61,60,43,66,6,6,6,6,6,29,29,21,44,25,77,67,67,67,67,67,67,55,55,55,55,55,55,55,55,73,73],"gold":40,"neow_bonus":"TEN_PERCENT_HP_BONUS","is_prod":false,"is_daily":false,"chose_seed":false,"campfire_upgraded":4,"win_rate":0.0,"timestamp":1565129887,"path_taken":["M","?","$","?","?","E","R","M","T","M","$","?","M","M","R","BOSS","M","?","$","M","M","R","E","?","T","?","?","R","M","M","R","BOSS","M","?","M","$","?","R","E","R","T","?","M","R","M","?","R","BOSS"],"build_version":"2019-07-17","purchased_purges":3,"victory":true,"max_hp_per_floor":[77,77,77,77,77,77,77,77,77,77,77,77,77,77,77,77,77,77,77,77,77,77,77,77,77,77,77,77,77,77,77,77,77,77,77,73,73,73,73,73,73,73,73,73,73,73,73,73,73,73],"card_choices":[{"not_picked":["Deflect","Acrobatics"],"picked":"Leg Sweep","floor":1.0},{"not_picked":["Riddle With Holes","Blade Dance"],"picked":"PiercingWail","floor":5.0},{"not_picked":["Reflex","Phantasmal Killer"],"picked":"Deadly Poison","floor":6.0},{"not_picked":["Heel Hook","Poisoned Stab"],"picked":"Calculated Gamble","floor":8.0},{"not_picked":["Tactician","Backstab"],"picked":"Dodge and Roll","floor":10.0},{"not_picked":["Infinite Blades","Underhanded Strike","Deflect"],"picked":"SKIP","floor":13.0},{"not_picked":["Doppelganger","Dagger Throw"],"picked":"Flechettes","floor":14.0},{"not_picked":["Wraith Form v2","A Thousand Cuts"],"picked":"Adrenaline","floor":16.0},{"not_picked":["Expertise","Underhanded Strike+1","Sucker Punch"],"picked":"SKIP","floor":18.0},{"not_picked":["Flying Knee+1","PiercingWail"],"picked":"Reflex","floor":21.0},{"not_picked":["Masterful Stab","Acrobatics"],"picked":"Escape Plan","floor":22.0},{"not_picked":["Quick Slash","Poisoned Stab+1"],"picked":"Backflip","floor":24.0},{"not_picked":["Poisoned Stab","Underhanded Strike"],"picked":"PiercingWail+1","floor":30.0},{"not_picked":["Predator","Skewer"],"picked":"Noxious Fumes+1","floor":31.0},{"not_picked":["Adrenaline","Glass Knife"],"picked":"After Image","floor":33.0},{"not_picked":["Underhanded Strike","Dagger Spray+1"],"picked":"Acrobatics","floor":35.0},{"not_picked":["Blur","Prepared+1"],"picked":"Dodge and Roll+1","floor":37},{"not_picked":["Dagger Spray+1","Backstab"],"picked":"Prepared+1","floor":41},{"not_picked":["Dagger Spray+1","Infinite Blades"],"picked":"Crippling Poison+1","floor":45},{"not_picked":["Slice+1","Skewer+1"],"picked":"Bouncing Flask+1","floor":47}],"player_experience":27116,"relics_obtained":[{"floor":6.0,"key":"Torii"},{"floor":9.0,"key":"Paper Crane"},{"floor":19.0,"key":"Necronomicon"},{"floor":24.0,"key":"Bag of Marbles"},{"floor":26.0,"key":"Matryoshka"},{"floor":41,"key":"Molten Egg 2"},{"floor":43,"key":"MawBank"},{"floor":43,"key":"Anchor"}],"event_choices":[{"damage_healed":0.0,"max_hp_gain":0.0,"max_hp_loss":0.0,"gold_gain":0.0,"event_name":"Golden Idol","player_choice":"Take Damage","floor":2.0,"gold_loss":0.0,"damage_taken":19.0,"relics_obtained":["Golden Idol"]},{"damage_healed":25.0,"max_hp_gain":0.0,"max_hp_loss":0.0,"gold_gain":0.0,"event_name":"Big Fish","player_choice":"Banana","floor":4.0,"gold_loss":0.0,"damage_taken":0.0},{"damage_healed":0.0,"max_hp_gain":0.0,"max_hp_loss":0.0,"gold_gain":0.0,"event_name":"Shining Light","player_choice":"Entered Light","floor":12.0,"gold_loss":0.0,"damage_taken":15.0,"cards_upgraded":["Defend_G","Calculated Gamble"]},{"damage_healed":0.0,"max_hp_gain":0.0,"max_hp_loss":0.0,"gold_gain":0.0,"event_name":"Cursed Tome","player_choice":"Obtained Book","floor":19.0,"gold_loss":0.0,"damage_taken":16.0},{"damage_healed":0.0,"max_hp_gain":0.0,"max_hp_loss":0.0,"gold_gain":0.0,"event_name":"Masked Bandits","player_choice":"Paid Fearfully","floor":25.0,"gold_loss":79.0,"damage_taken":0.0},{"damage_healed":0.0,"max_hp_gain":0.0,"max_hp_loss":0.0,"gold_gain":0.0,"event_name":"The Mausoleum","player_choice":"Opened","floor":28.0,"gold_loss":0.0,"damage_taken":0.0,"relics_obtained":["Ornamental Fan"]},{"damage_healed":0.0,"max_hp_gain":0.0,"max_hp_loss":4.0,"gold_gain":0.0,"event_name":"Winding Halls","player_choice":"Max HP","floor":36.0,"gold_loss":0.0,"damage_taken":0.0},{"cards_removed":["Flechettes"],"damage_healed":0,"gold_gain":0,"player_choice":"Removed Attack","damage_taken":0,"max_hp_gain":0,"max_hp_loss":0,"event_name":"Falling","floor":39,"gold_loss":0},{"damage_healed":0,"gold_gain":0,"player_choice":"Forge","damage_taken":0,"max_hp_gain":0,"max_hp_loss":0,"event_name":"Accursed Blacksmith","floor":48,"gold_loss":0,"cards_upgraded":["Footwork"]}],"is_beta":false,"boss_relics":[{"not_picked":["Lizard Tail","Astrolabe"],"picked":"Sozu"},{"not_picked":["Fusion Hammer","Orrery"],"picked":"Empty Cage"}],"items_purged_floors":[3,11,38],"is_endless":false,"potions_floor_spawned":[1,8,10,14,18,21,24,37,45,47],"ascension_level":0}