{"gold_per_floor":[116,116,41,57,31,31,47,64,64,64,120,120,138,16,16,119,119,132,132,151,164,239,239,259,259,559,388,423,438,451,147,147,147],"floor_reached":33,"playtime":3488,"items_purged":["Strike_B","Strike_B","Defend_B","Strike_B"],"score":257,"play_id":"d2a2f9c6-83dc-4fc6-9b72-f9052b080228","local_time":"20190803213947","is_ascension_mode":false,"campfire_choices":[{"data":"Beam Cell","floor":6,"key":"SMITH"},{"floor":12,"key":"REST"},{"data":"Rebound","floor":15,"key":"SMITH"},{"floor":23,"key":"REST"},{"data":"Static Discharge","floor":25,"key":"SMITH"},{"floor":32,"key":"REST"}],"neow_cost":"NONE","seed_source_timestamp":158641184274827,"circlet_count":0,"master_deck":["Strike_B+1","Defend_B+1","Defend_B","Defend_B","Zap+1","Dualcast","Beam Cell+1","Go for the Eyes","Go for the Eyes","Go for the Eyes","Chill","Hologram+1","Beam Cell","Rebound+1","All For One","Hologram+1","RitualDagger","Reprogram+1","Skim+1","Static Discharge+1","Coolheaded+1","Redo+1","Redo+1","Biased Cognition","Consume+1"],"relics":["Cracked Core","Toxic Egg 2","Blood Vial","Inserter","Old Coin","Dream Catcher"],"potions_floor_usage":[11,30,30],"damage_taken":[{"damage":5,"enemies":"Small Slimes","floor":1,"turns":3},{"damage":0,"enemies":"Jaw Worm","floor":4,"turns":3},{"damage":0,"enemies":"2 Louse","floor":7,"turns":3},{"damage":1,"enemies":"Lots of Slimes","floor":8,"turns":4},{"damage":14,"enemies":"Lagavulin Event","floor":11,"turns":5},{"damage":1,"enemies":"Gremlin Gang","floor":13,"turns":4},{"damage":21,"enemies":"Slime Boss","floor":16,"turns":14},{"damage":1,"enemies":"Chosen","floor":18,"turns":3},{"damage":1,"enemies":"2 Thieves","floor":20,"turns":4},{"damage":17,"enemies":"Centurion and Healer","floor":21,"turns":6},{"damage":15,"enemies":"Snecko","floor":24,"turns":4},{"damage":40,"enemies":"Slavers","floor":28,"turns":5},{"damage":16,"enemies":"Snake Plant","floor":29,"turns":4},{"damage":3,"enemies":"Cultist and Chosen","floor":30,"turns":6},{"damage":27,"enemies":"Automaton","floor":33,"turns":8}],"seed_played":"8107418428289848346","potions_obtained":[{"floor":4,"key":"SteroidPotion"},{"floor":7,"key":"AttackPotion"},{"floor":13,"key":"SkillPotion"},{"floor":16,"key":"FearPotion"},{"floor":18,"key":"Strength Potion"},{"floor":20,"key":"Fire Potion"},{"floor":30,"key":"Swift Potion"}],"is_trial":false,"path_per_floor":["M","?","$","M","$","R","M","M","T","?","?","R","M","$","R","B",null,"M","?","M","M","?","R","M","R","T","$","E","M","M","$","R","B"],"character_chosen":"DEFECT","items_purchased":["Go for the Eyes","Rebound","Coolheaded+1","Biased Cognition"],"campfire_rested":3,"item_purchase_floors":[5,14,27,31],"current_hp_per_floor":[70,55,55,55,55,55,55,54,54,47,33,55,56,56,56,37,75,74,68,69,54,47,69,56,56,56,56,18,4,3,3,25,0],"gold":147,"neow_bonus":"UPGRADE_CARD","is_prod":false,"is_daily":false,"chose_seed":false,"campfire_upgraded":3,"win_rate":0,"timestamp":1564861187,"path_taken":["M","?","$","M","$","R","M","M","T","?","?","R","M","$","R","BOSS","M","?","M","M","?","R","M","R","T","$","E","M","?","$","R","BOSS"],"build_version":"2019-07-17","purchased_purges":4,"victory":false,"max_hp_per_floor":[75,75,75,75,75,75,75,75,75,75,75,75,75,75,75,75,75,75,75,75,75,75,75,75,75,75,75,75,75,75,75,75,75],"card_choices":[{"not_picked":["Conserve Battery","Skim"],"picked":"Beam Cell","floor":1},{"not_picked":["Beam Cell","Fusion"],"picked":"Go for the Eyes","floor":4},{"not_picked":["Rebound","Redo"],"picked":"Go for the Eyes","floor":7},{"not_picked":["Undo","Machine Learning"],"picked":"Chill","floor":8},{"not_picked":["Streamline","Reinforced Body+1"],"picked":"Hologram+1","floor":11},{"not_picked":["Heatsinks","Barrage"],"picked":"Beam Cell","floor":13},{"not_picked":["Electrodynamics","Meteor Strike"],"picked":"All For One","floor":16},{"not_picked":["Double Energy+1","Turbo+1"],"picked":"Hologram+1","floor":18},{"not_picked":["Steam+1","Go for the Eyes"],"picked":"Reprogram+1","floor":20},{"not_picked":["Fusion+1","Steam+1"],"picked":"Skim+1","floor":21},{"not_picked":["Barrage","Loop+1"],"picked":"Static Discharge","floor":24},{"not_picked":["Storm","Barrage"],"picked":"Redo+1","floor":28},{"not_picked":["Sweeping Beam","Heatsinks+1","Ball Lightning+1"],"picked":"SKIP","floor":29},{"not_picked":["Static Discharge","Coolheaded+1"],"picked":"Redo+1","floor":30},{"not_picked":["Hologram+1","White Noise+1"],"picked":"Consume+1","floor":32}],"player_experience":76525,"relics_obtained":[{"floor":11,"key":"Blood Vial"},{"floor":26,"key":"Old Coin"},{"floor":28,"key":"Dream Catcher"}],"event_choices":[{"damage_healed":0,"gold_gain":0,"player_choice":"Entered Light","damage_taken":15,"max_hp_gain":0,"max_hp_loss":0,"event_name":"Shining Light","floor":2,"gold_loss":0,"cards_upgraded":["Defend_B","Strike_B"]},{"damage_healed":0,"gold_gain":0,"player_choice":"Success","damage_taken":7,"relics_obtained":["Toxic Egg 2"],"max_hp_gain":0,"max_hp_loss":0,"event_name":"Scrap Ooze","floor":10,"gold_loss":0},{"damage_healed":0,"gold_gain":0,"player_choice":"Searched \u00271\u0027 times","damage_taken":0,"max_hp_gain":0,"max_hp_loss":0,"event_name":"Dead Adventurer","floor":11,"gold_loss":0},{"damage_healed":0,"gold_gain":0,"player_choice":"Joined the Cult","damage_taken":6,"max_hp_gain":0,"max_hp_loss":0,"event_name":"Nest","floor":19,"gold_loss":0,"cards_obtained":["RitualDagger"]},{"damage_healed":0,"gold_gain":75,"player_choice":"Touch","damage_taken":7,"max_hp_gain":0,"max_hp_loss":0,"event_name":"FaceTrader","floor":22,"gold_loss":0}],"is_beta":false,"boss_relics":[{"not_picked":["Cursed Key","Runic Pyramid"],"picked":"Inserter"}],"items_purged_floors":[3,14,27,31],"is_endless":false,"potions_floor_spawned":[4,7,13,16,18,20,29,30],"killed_by":"Automaton","ascension_level":0}