{"gold_per_floor":[218,218,14,29,45,45,45,63,88,88,167,167,167,210,210,339,339,355,355,375,375,375,375,408,408,461,478,478,478,478,478,478,577,577,596,610,341,341,351,379,379,398,398,398,498,498,498,498,498,498],"floor_reached":50,"playtime":2168,"items_purged":[],"score":484,"play_id":"cc658600-183f-4cba-9e12-611f42608d71","local_time":"20190308180336","is_ascension_mode":false,"campfire_choices":[{"data":"Dagger Spray","floor":6,"key":"SMITH"},{"data":"Bouncing Flask","floor":10,"key":"SMITH"},{"data":"Caltrops","floor":13,"key":"SMITH"},{"data":"Flying Knee","floor":15,"key":"SMITH"},{"data":"Envenom","floor":23,"key":"SMITH"},{"floor":28,"key":"REST"},{"floor":30,"key":"REST"},{"data":"Blade Dance","floor":32,"key":"SMITH"},{"floor":41,"key":"REST"},{"floor":44,"key":"REST"},{"floor":46,"key":"REST"},{"floor":49,"key":"RECALL"}],"neow_cost":"NONE","seed_source_timestamp":606482790303861,"circlet_count":0,"master_deck":["Defend_G+1","Defend_G+1","Defend_G+1","Defend_G+1","Strike_G+1","Strike_G+1","Strike_G+1","Strike_G+1","Survivor","Neutralize","Blade Dance+1","Dagger Spray+1","Bouncing Flask+1","Flying Knee+1","Blade Dance","Caltrops+1","Parasite","Envenom+1","Dagger Throw+1","Doppelganger","Escape Plan+1","Distraction+1","Malaise","Cloak And Dagger+1","Backstab+1","Noxious Fumes","Finisher","Flechettes","Footwork","Catalyst","Noxious Fumes+1"],"relics":["Ring of the Snake","Juzu Bracelet","Bloody Idol","Orichalcum","PreservedInsect","Bottled Lightning","Philosopher\u0027s Stone","Oddly Smooth Stone","Pen Nib","Bag of Marbles","Centennial Puzzle","Gremlin Horn","Ice Cream"],"potions_floor_usage":[11,18,24,33,40,48,50],"damage_taken":[{"damage":0,"enemies":"2 Louse","floor":1,"turns":2},{"damage":0,"enemies":"Jaw Worm","floor":4,"turns":4},{"damage":0,"enemies":"Small Slimes","floor":5,"turns":3},{"damage":15,"enemies":"Exordium Wildlife","floor":8,"turns":5},{"damage":6,"enemies":"3 Sentries","floor":11,"turns":3},{"damage":8,"enemies":"3 Sentries","floor":14,"turns":5},{"damage":26,"enemies":"The Guardian","floor":16,"turns":9},{"damage":7,"enemies":"3 Byrds","floor":18,"turns":4},{"damage":12,"enemies":"Shell Parasite","floor":20,"turns":4},{"damage":22,"enemies":"Book of Stabbing","floor":24,"turns":5},{"damage":16,"enemies":"Cultist and Chosen","floor":27,"turns":5},{"damage":46,"enemies":"Automaton","floor":33,"turns":9},{"damage":8,"enemies":"Orb Walker","floor":35,"turns":4},{"damage":4,"enemies":"3 Shapes","floor":36,"turns":4},{"damage":16,"enemies":"Jaw Worm Horde","floor":39,"turns":4},{"damage":36,"enemies":"Nemesis","floor":40,"turns":3},{"damage":21,"enemies":"Sphere and 2 Shapes","floor":42,"turns":6},{"damage":30,"enemies":"Mind Bloom Boss Battle","floor":45,"turns":5},{"damage":0,"enemies":"Writhing Mass","floor":48,"turns":1},{"damage":39,"enemies":"Awakened One","floor":50,"turns":2}],"seed_played":"7986183174165156562","potions_obtained":[{"floor":4,"key":"SteroidPotion"},{"floor":8,"key":"SpeedPotion"},{"floor":14,"key":"GhostInAJar"},{"floor":18,"key":"SteroidPotion"},{"floor":33,"key":"SkillPotion"},{"floor":40,"key":"SmokeBomb"},{"floor":45,"key":"Fire Potion"}],"is_trial":false,"path_per_floor":["M","?","$","M","M","R","?","M","T","R","?","?","R","E","R","B",null,"M","?","M","?","?","R","E","?","T","M","R","?","R","?","R","B",null,"M","M","$","?","M","E","R","M","T","R","?","R","?","M","R","B"],"character_chosen":"THE_SILENT","items_purchased":["Juzu Bracelet","Dagger Spray","Noxious Fumes","Bag of Marbles","Finisher"],"campfire_rested":5,"item_purchase_floors":[3,3,37,37,37],"current_hp_per_floor":[70,63,63,63,63,63,63,48,48,48,42,58,58,50,50,24,65,58,58,46,46,46,46,29,29,34,23,42,42,61,61,61,20,65,62,63,63,63,52,21,40,24,24,43,18,37,37,37,37,0],"gold":498,"neow_bonus":"HUNDRED_GOLD","is_prod":false,"is_daily":false,"chose_seed":false,"campfire_upgraded":6,"win_rate":0,"timestamp":1552086216,"path_taken":["M","?","$","M","M","R","?","M","T","R","?","?","R","E","R","BOSS","M","?","M","?","?","R","E","?","T","M","R","?","R","?","R","BOSS","M","M","$","?","M","E","R","M","T","R","?","R","?","M","R","BOSS"],"build_version":"2019-01-23","purchased_purges":0,"victory":false,"max_hp_per_floor":[70,70,70,70,70,70,65,65,65,65,65,65,65,65,65,65,65,65,65,65,65,65,65,65,65,65,65,65,65,65,65,65,65,65,65,65,65,65,65,65,65,65,65,65,65,65,65,65,65,65],"card_choices":[{"not_picked":["Dagger Throw","PiercingWail"],"picked":"Blade Dance","floor":1},{"not_picked":["Backflip","Acrobatics"],"picked":"Bouncing Flask","floor":4},{"not_picked":["Slice","Outmaneuver"],"picked":"Flying Knee","floor":5},{"not_picked":["Glass Knife","Masterful Stab"],"picked":"Blade Dance","floor":8},{"not_picked":["Poisoned Stab","Cloak And Dagger"],"picked":"Caltrops","floor":11},{"not_picked":["Prepared","Slice"],"picked":"Dodge and Roll","floor":14},{"not_picked":["Glass Knife","Die Die Die"],"picked":"Envenom","floor":16},{"not_picked":["Flying Knee","Calculated Gamble"],"picked":"Dagger Throw+1","floor":18},{"not_picked":["Dagger Throw","PiercingWail","Prepared"],"picked":"SKIP","floor":20},{"not_picked":["Quick Slash","Predator"],"picked":"Escape Plan+1","floor":24},{"not_picked":["Escape Plan","Deflect+1"],"picked":"Distraction+1","floor":27},{"not_picked":["Night Terror","Venomology"],"picked":"Malaise","floor":33},{"not_picked":["Concentrate","Deflect"],"picked":"Cloak And Dagger+1","floor":35},{"not_picked":["Escape Plan+1","Eviscerate+1"],"picked":"Backstab+1","floor":36},{"not_picked":["Slice","Setup+1"],"picked":"Footwork","floor":39},{"not_picked":["Masterful Stab","Eviscerate"],"picked":"Catalyst","floor":40},{"not_picked":["Dagger Throw","Concentrate"],"picked":"Noxious Fumes+1","floor":42}],"player_experience":640415,"relics_obtained":[{"floor":9,"key":"Orichalcum"},{"floor":11,"key":"PreservedInsect"},{"floor":14,"key":"Bottled Lightning"},{"floor":24,"key":"Pen Nib"},{"floor":40,"key":"Centennial Puzzle"},{"floor":43,"key":"Gremlin Horn"},{"floor":45,"key":"Ice Cream"}],"event_choices":[{"cards_removed":["Strike_G"],"damage_healed":0,"gold_gain":0,"player_choice":"Card Removal","damage_taken":7,"max_hp_gain":0,"max_hp_loss":0,"event_name":"Golden Wing","floor":2,"gold_loss":0},{"damage_healed":0,"gold_gain":0,"player_choice":"Lose Max HP","damage_taken":0,"relics_obtained":["Golden Idol"],"max_hp_gain":0,"max_hp_loss":5,"event_name":"Golden Idol","floor":7,"gold_loss":0},{"damage_healed":0,"gold_gain":0,"player_choice":"Searched \u00272\u0027 times","damage_taken":0,"max_hp_gain":0,"max_hp_loss":0,"event_name":"Dead Adventurer","floor":11,"gold_loss":0},{"damage_healed":16,"gold_gain":0,"player_choice":"Healed and dodged fight","damage_taken":0,"max_hp_gain":0,"max_hp_loss":0,"event_name":"Mushrooms","floor":12,"gold_loss":0,"cards_obtained":["Parasite"]},{"damage_healed":0,"gold_gain":0,"cards_transformed":["Defend_G"],"player_choice":"Transformed","damage_taken":0,"max_hp_gain":0,"max_hp_loss":0,"event_name":"Transmorgrifier","floor":19,"gold_loss":0,"cards_obtained":["Doppelganger"]},{"damage_healed":0,"gold_gain":0,"player_choice":"Opened","damage_taken":0,"relics_obtained":["Oddly Smooth Stone"],"max_hp_gain":0,"max_hp_loss":0,"event_name":"The Mausoleum","floor":21,"gold_loss":0},{"damage_healed":0,"gold_gain":0,"player_choice":"Gave Idol","damage_taken":0,"relics_obtained":["Bloody Idol"],"max_hp_gain":0,"max_hp_loss":0,"event_name":"Forgotten Altar","floor":22,"relics_lost":["Golden Idol"],"gold_loss":0},{"damage_healed":0,"gold_gain":0,"player_choice":"Ignored","damage_taken":0,"max_hp_gain":0,"max_hp_loss":0,"event_name":"Ghosts","floor":25,"gold_loss":0},{"damage_healed":0,"gold_gain":0,"player_choice":"Simplicity","damage_taken":0,"max_hp_gain":0,"max_hp_loss":0,"event_name":"Back to Basics","floor":29,"gold_loss":0,"cards_upgraded":["Defend_G","Defend_G","Defend_G","Defend_G","Strike_G","Strike_G","Strike_G","Strike_G"]},{"damage_healed":0,"gold_gain":0,"player_choice":"Ignored","damage_taken":0,"max_hp_gain":0,"max_hp_loss":0,"event_name":"Vampires","floor":31,"gold_loss":0},{"damage_healed":0,"gold_gain":0,"cards_transformed":["Dodge and Roll"],"player_choice":"Transformed","damage_taken":0,"max_hp_gain":0,"max_hp_loss":0,"event_name":"Transmorgrifier","floor":38,"gold_loss":0,"cards_obtained":["Flechettes"]},{"damage_healed":0,"gold_gain":0,"player_choice":"Fight","damage_taken":0,"max_hp_gain":0,"max_hp_loss":0,"event_name":"MindBloom","floor":45,"gold_loss":0},{"damage_healed":0,"gold_gain":0,"player_choice":"Ignored","damage_taken":0,"max_hp_gain":0,"max_hp_loss":0,"event_name":"Tomb of Lord Red Mask","floor":47,"gold_loss":0}],"is_beta":false,"boss_relics":[{"not_picked":["Coffee Dripper","Sozu"],"picked":"Philosopher\u0027s Stone"},{"not_picked":["Runic Dome","HoveringKite","Snecko Eye"]}],"items_purged_floors":[],"is_endless":false,"potions_floor_spawned":[4,8,14,18,33,40,45,48],"killed_by":"Awakened One","ascension_level":0}