{"gold_per_floor":[114,114,114,133,133,133,165,165,192,60,94,104,104,116,116,191,191,201,46,46,46,46,46,72,72,72,92,55,75,109,123,123,199,199,212,123,133,152,171,196,211,211,236,236,236,236,250,250,250,250,250,250,250,35,35],"floor_reached":55,"playtime":2261,"items_purged":["Strike_B","Strike_B"],"score":1846,"play_id":"5008abe8-403a-4a64-8916-a4a3de670c16","local_time":"20190520131941","is_ascension_mode":true,"campfire_choices":[{"data":"Zap","floor":6.0,"key":"SMITH"},{"data":"Consume","floor":13.0,"key":"SMITH"},{"data":"Redo","floor":15.0,"key":"SMITH"},{"data":"Dualcast","floor":23.0,"key":"SMITH"},{"data":"Capacitor","floor":25.0,"key":"SMITH"},{"data":"Chaos","floor":32.0,"key":"SMITH"},{"data":"Recycle","floor":42.0,"key":"SMITH"},{"data":"Blizzard","floor":44.0,"key":"SMITH"},{"floor":49,"key":"RECALL"},{"data":"Skim","floor":53,"key":"SMITH"}],"neow_cost":"NONE","seed_source_timestamp":855330869405945,"circlet_count":0,"master_deck":["AscendersBane","Defend_B","Defend_B","Defend_B+1","Defend_B+1","Zap+1","Dualcast+1","Melter","White Noise","Consume+1","Conserve Battery","Capacitor+1","Redo+1","Undo","Biased Cognition","Cold Snap","Turbo","Loop","Ball Lightning","Capacitor","Chaos+1","Meteor Strike","Blizzard+1","Compile Driver","Cold Snap","Turbo+1","Chill+1","Skim+1","Steam Power+1","Coolheaded+1","Recycle+1"],"special_seed":0,"relics":["Cracked Core","NeowsBlessing","Meat on the Bone","Oddly Smooth Stone","Symbiotic Virus","Nuclear Battery","Bag of Preparation","Pantograph","Mango","Orrery","Ginger","Medical Kit"],"potions_floor_usage":[50],"damage_taken":[{"damage":0.0,"enemies":"2 Louse","floor":1.0,"turns":1.0},{"damage":0.0,"enemies":"Jaw Worm","floor":4.0,"turns":1.0},{"damage":0.0,"enemies":"Gremlin Nob","floor":7.0,"turns":1.0},{"damage":28.0,"enemies":"3 Sentries","floor":11.0,"turns":8.0},{"damage":3.0,"enemies":"Small Slimes","floor":12.0,"turns":3.0},{"damage":3.0,"enemies":"Looter","floor":14.0,"turns":4.0},{"damage":35.0,"enemies":"The Guardian","floor":16.0,"turns":11.0},{"damage":0.0,"enemies":"Spheric Guardian","floor":18.0,"turns":2.0},{"damage":2.0,"enemies":"3 Byrds","floor":27.0,"turns":6.0},{"damage":5.0,"enemies":"Snake Plant","floor":29.0,"turns":3.0},{"damage":16.0,"enemies":"Gremlin Leader","floor":30.0,"turns":7.0},{"damage":10.0,"enemies":"Centurion and Healer","floor":31.0,"turns":6.0},{"damage":4.0,"enemies":"Champ","floor":33.0,"turns":10.0},{"damage":29.0,"enemies":"3 Darklings","floor":35.0,"turns":4.0},{"damage":0.0,"enemies":"Orb Walker","floor":37.0,"turns":3.0},{"damage":3.0,"enemies":"3 Darklings","floor":38.0,"turns":8.0},{"damage":31.0,"enemies":"Writhing Mass","floor":39.0,"turns":8.0},{"damage":24.0,"enemies":"Reptomancer","floor":40.0,"turns":13.0},{"damage":0.0,"enemies":"4 Shapes","floor":41.0,"turns":4.0},{"damage":23,"enemies":"Spire Growth","floor":47,"turns":7},{"damage":40,"enemies":"Awakened One","floor":50,"turns":21},{"damage":42,"enemies":"Time Eater","floor":51,"turns":16},{"damage":79,"enemies":"Shield and Spear","floor":55,"turns":3}],"seed_played":"-5374816951972814866","potions_obtained":[{"floor":1.0,"key":"PowerPotion"},{"floor":11.0,"key":"Block Potion"},{"floor":30.0,"key":"Energy Potion"},{"floor":31.0,"key":"SkillPotion"},{"floor":39.0,"key":"Explosive Potion"},{"floor":40.0,"key":"AttackPotion"},{"floor":47,"key":"Explosive Potion"}],"is_trial":false,"path_per_floor":["M","?","?","M","?","R","E","?","T","$","E","M","R","M","R","B",null,"M","$","?","?","?","R","T","R","T","M","$","M","E","M","R","B",null,"M","$","M","M","M","E","M","R","T","R","?","?","M","?","R","B","B",null,"R","$","E"],"character_chosen":"DEFECT","items_purchased":["Conserve Battery","Cold Snap","Loop","Skim","Medical Kit"],"campfire_rested":0,"item_purchase_floors":[10,19,28,36,54],"current_hp_per_floor":[64,69,69,69,46,46,46,39,39,39,23,32,32,41,41,18,62,62,62,62,62,62,62,62,62,62,60,60,55,53,55,55,76,87,58,58,58,55,36,24,36,36,36,36,36,36,25,74,74,46,41,66,66,66,0],"gold":35,"neow_bonus":"THREE_ENEMY_KILL","is_prod":false,"is_daily":false,"chose_seed":false,"campfire_upgraded":9,"win_rate":0,"timestamp":1558329581,"path_taken":["M","?","?","M","?","R","E","?","T","?","E","M","R","M","R","BOSS","M","$","?","?","?","R","?","R","T","?","$","M","E","M","R","BOSS","M","$","M","M","M","E","M","R","T","R","?","?","M","?","R","BOSS","BOSS","R","$","E"],"build_version":"2019-01-23","purchased_purges":2,"victory":false,"max_hp_per_floor":[71,76,76,76,76,76,76,76,76,76,76,76,76,76,76,76,76,76,76,76,76,76,76,76,76,76,76,76,76,90,90,90,90,90,90,90,90,90,90,90,90,90,90,90,90,90,90,74,74,74,74,74,74,74,74],"card_choices":[{"not_picked":["FTL","Scrape"],"picked":"Melter","floor":1.0},{"not_picked":["Rebound","Sweeping Beam"],"picked":"White Noise","floor":4.0},{"not_picked":["Gash","Reprogram"],"picked":"Consume","floor":7.0},{"not_picked":["Redo","Heatsinks"],"picked":"Capacitor","floor":11.0},{"not_picked":["Conserve Battery","Stack"],"picked":"Redo","floor":12.0},{"not_picked":["Go for the Eyes","Stack"],"picked":"Undo","floor":14.0},{"not_picked":["Rainbow","Buffer"],"picked":"Biased Cognition","floor":16.0},{"not_picked":["Streamline","Undo","Sweeping Beam"],"picked":"SKIP","floor":18.0},{"not_picked":["Conserve Battery","Rebound"],"picked":"Turbo","floor":27.0},{"not_picked":["Go for the Eyes","Beam Cell+1"],"picked":"Ball Lightning","floor":29.0},{"not_picked":["Rebound","Steam"],"picked":"Capacitor","floor":30.0},{"not_picked":["Doom and Gloom+1","Leap+1"],"picked":"Chaos","floor":31.0},{"not_picked":["All For One","Core Surge"],"picked":"Meteor Strike","floor":33.0},{"not_picked":["Redo","Hologram"],"picked":"Blizzard","floor":34.0},{"not_picked":["Ball Lightning","Barrage"],"picked":"Compile Driver","floor":34.0},{"not_picked":["Redo","Doom and Gloom"],"picked":"Cold Snap","floor":34.0},{"not_picked":["Storm","Loop"],"picked":"Turbo+1","floor":34.0},{"not_picked":["Go for the Eyes","Rebound"],"picked":"Chill+1","floor":34.0},{"not_picked":["Ball Lightning","Rebound","Cold Snap"],"picked":"SKIP","floor":35.0},{"not_picked":["Rip and Tear","Thunder Strike","Steam"],"picked":"SKIP","floor":37.0},{"not_picked":["Gash","Cold Snap","Hello World"],"picked":"SKIP","floor":38.0},{"not_picked":["Redo","Rebound"],"picked":"Steam Power+1","floor":39.0},{"not_picked":["Melter+1","Stack+1"],"picked":"Coolheaded+1","floor":40.0},{"not_picked":["Rebound","Force Field"],"picked":"Recycle","floor":41.0},{"not_picked":["Gash","Leap","Amplify"],"picked":"SKIP","floor":47}],"player_experience":1717837,"relics_obtained":[{"floor":7.0,"key":"Meat on the Bone"},{"floor":9.0,"key":"Oddly Smooth Stone"},{"floor":11.0,"key":"Symbiotic Virus"},{"floor":24.0,"key":"Bag of Preparation"},{"floor":26.0,"key":"Pantograph"},{"floor":30.0,"key":"Mango"},{"floor":40.0,"key":"Ginger"}],"event_choices":[{"damage_healed":0.0,"max_hp_gain":5.0,"max_hp_loss":0.0,"gold_gain":0.0,"event_name":"Big Fish","player_choice":"Donut","floor":2.0,"gold_loss":0.0,"damage_taken":0.0},{"damage_healed":0.0,"max_hp_gain":0.0,"max_hp_loss":0.0,"gold_gain":0.0,"cards_transformed":["Strike_B"],"event_name":"Living Wall","player_choice":"Change","floor":3.0,"gold_loss":0.0,"damage_taken":0.0,"cards_obtained":["Melter"]},{"damage_healed":0.0,"max_hp_gain":0.0,"max_hp_loss":0.0,"gold_gain":0.0,"event_name":"Shining Light","player_choice":"Entered Light","floor":5.0,"gold_loss":0.0,"damage_taken":23.0,"cards_upgraded":["Defend_B","Defend_B"]},{"cards_removed":["Strike_B"],"damage_healed":0.0,"max_hp_gain":0.0,"max_hp_loss":0.0,"gold_gain":0.0,"event_name":"Golden Wing","player_choice":"Card Removal","floor":8.0,"gold_loss":0.0,"damage_taken":7.0},{"damage_healed":0.0,"max_hp_gain":0.0,"max_hp_loss":0.0,"gold_gain":0.0,"event_name":"Ghosts","player_choice":"Ignored","floor":20.0,"gold_loss":0.0,"damage_taken":0.0},{"damage_healed":0.0,"max_hp_gain":0.0,"max_hp_loss":0.0,"gold_gain":0.0,"event_name":"Vampires","player_choice":"Ignored","floor":21.0,"gold_loss":0.0,"damage_taken":0.0},{"cards_removed":["Melter"],"damage_healed":0.0,"max_hp_gain":0.0,"max_hp_loss":0.0,"gold_gain":0.0,"event_name":"Falling","player_choice":"Removed Attack","floor":45.0,"gold_loss":0.0,"damage_taken":0.0},{"damage_healed":0,"gold_gain":0,"player_choice":"Ignored","damage_taken":0,"max_hp_gain":0,"max_hp_loss":0,"event_name":"Mysterious Sphere","floor":46,"gold_loss":0},{"damage_healed":74,"gold_gain":0,"player_choice":"Heal","damage_taken":0,"max_hp_gain":0,"max_hp_loss":16,"event_name":"The Moai Head","floor":48,"gold_loss":0}],"is_beta":false,"boss_relics":[{"not_picked":["Runic Dome","Fusion Hammer"],"picked":"Nuclear Battery"},{"not_picked":["Eternal Feather","Pandora\u0027s Box"],"picked":"Orrery"}],"items_purged_floors":[10,19],"is_endless":false,"potions_floor_spawned":[1,11,12,29,30,31,33,37,39,40,47],"killed_by":"Shield and Spear","ascension_level":20}