{"gold_per_floor":[109,122,122,122,141,141,166,48,71,71,71],"floor_reached":11,"playtime":160,"items_purged":["Strike_R"],"score":142,"play_id":"1b36f5c9-39b1-4331-9cc4-5dd635b45b33","local_time":"20190601210844","is_ascension_mode":true,"campfire_choices":[{"data":"True Grit","floor":6,"key":"SMITH"},{"data":"Body Slam","floor":10,"key":"SMITH"}],"neow_cost":"NONE","seed_source_timestamp":22510228264652,"circlet_count":0,"master_deck":["AscendersBane","Strike_R","Strike_R","Defend_R","Defend_R","Defend_R","Defend_R","Bash","Feed","True Grit+1","Feel No Pain","Body Slam+1","Reckless Charge"],"relics":["Burning Blood","NeowsBlessing","Regal Pillow","Happy Flower"],"potions_floor_usage":[7],"damage_taken":[{"damage":0,"enemies":"Small Slimes","floor":1,"turns":1},{"damage":0,"enemies":"2 Louse","floor":2,"turns":1},{"damage":0,"enemies":"Cultist","floor":5,"turns":1},{"damage":55,"enemies":"Lagavulin","floor":7,"turns":8},{"damage":21,"enemies":"Gremlin Nob","floor":11,"turns":4}],"seed_played":"4765429695250218907","potions_obtained":[{"floor":2,"key":"Fire Potion"},{"floor":7,"key":"LiquidBronze"}],"is_trial":false,"path_per_floor":["M","M","?","?","M","R","E","$","T","R","E"],"character_chosen":"IRONCLAD","items_purchased":["Reckless Charge"],"campfire_rested":0,"item_purchase_floors":[8],"current_hp_per_floor":[74,75,75,75,78,78,29,29,29,29,8],"gold":71,"neow_bonus":"THREE_ENEMY_KILL","is_prod":false,"is_daily":false,"chose_seed":false,"campfire_upgraded":2,"win_rate":0,"timestamp":1559394524,"path_taken":["M","M","?","?","?","R","E","$","T","R","E"],"build_version":"2019-01-23","purchased_purges":1,"victory":false,"max_hp_per_floor":[75,75,75,75,78,78,78,78,78,78,78],"card_choices":[{"not_picked":["Iron Wave","Sever Soul","Twin Strike"],"picked":"SKIP","floor":1},{"not_picked":["Heavy Blade","Armaments"],"picked":"Feed","floor":2},{"not_picked":["Warcry","Headbutt"],"picked":"Feel No Pain","floor":5},{"not_picked":["Sentinel","Perfected Strike"],"picked":"Body Slam","floor":7}],"player_experience":1828294,"relics_obtained":[{"floor":7,"key":"Regal Pillow"},{"floor":9,"key":"Happy Flower"}],"event_choices":[{"damage_healed":0,"gold_gain":0,"cards_transformed":["Strike_R"],"player_choice":"Change","damage_taken":0,"max_hp_gain":0,"max_hp_loss":0,"event_name":"Living Wall","floor":3,"gold_loss":0,"cards_obtained":["True Grit"]},{"cards_removed":["Strike_R"],"damage_healed":0,"gold_gain":0,"player_choice":"Purged","damage_taken":0,"max_hp_gain":0,"max_hp_loss":0,"event_name":"Purifier","floor":4,"gold_loss":0}],"is_beta":false,"boss_relics":[],"items_purged_floors":[8],"is_endless":false,"potions_floor_spawned":[2,7],"killed_by":"Gremlin Nob","ascension_level":20}