{"gold_per_floor":[116,130,140,140,140,164,203,378,378,48,48,48,84,103,103,228,228,252,1,17,41,116,159,159,8,31,31,49,70,70,401,401,531,531,546,561,611,680,240,240,27,43,43,43,82,82,132,151,151,151],"floor_reached":51,"playtime":13093,"items_purged":["Doubt","Injury","Strike_G"],"score":752,"play_id":"c6afebad-bed7-4630-b281-c9d1af647385","local_time":"20190730221913","is_ascension_mode":false,"campfire_choices":[{"data":"Dodge and Roll","floor":12,"key":"SMITH"},{"data":"Crippling Poison","floor":15,"key":"SMITH"},{"data":"Bane","floor":24,"key":"SMITH"},{"data":"Leg Sweep","floor":27,"key":"SMITH"},{"floor":30,"key":"REST"},{"floor":32,"key":"REST"},{"data":"Bouncing Flask","floor":40,"key":"SMITH"},{"data":"Catalyst","floor":44,"key":"SMITH"},{"floor":46,"key":"REST"},{"floor":49,"key":"REST"}],"neow_cost":"NONE","seed_source_timestamp":413571364637000,"circlet_count":0,"master_deck":["Strike_G","Defend_G","Defend_G","Defend_G","Defend_G","Defend_G","Survivor","Neutralize","Bane","Deadly Poison","Dodge and Roll+1","Crippling Poison+1","Catalyst+1","Backflip","Outmaneuver","Deflect","Trip","Bane+1","Poisoned Stab","Flying Knee+1","Footwork","Concentrate+1","Slice+1","Slice+1","Noxious Fumes","Leg Sweep+1","Well Laid Plans","Dash+1","Expertise+1","Bouncing Flask+1","Wraith Form v2","Well Laid Plans+1","Escape Plan+1","All Out Attack+1","Backstab+1","Prepared","Slice+1","Slice+1","Setup+1","Parasite","Blade Dance+1"],"relics":["Ring of the Snake","Golden Idol","Strawberry","Kunai","SsserpentHead","Torii","Black Star","Membership Card","Bag of Marbles","Vajra","Orichalcum","Bronze Scales","Old Coin","Pocketwatch","Astrolabe","TwistedFunnel","Shuriken","Potion Belt","Bottled Tornado","Toxic Egg 2","Whetstone","Letter Opener"],"potions_floor_usage":[7,7,16,16,21,21,21,22,23,33,38,38,38,42,42,45,45,48,50],"damage_taken":[{"damage":4,"enemies":"Cultist","floor":1,"turns":4},{"damage":0,"enemies":"Jaw Worm","floor":2,"turns":2},{"damage":0,"enemies":"Small Slimes","floor":3,"turns":4},{"damage":6,"enemies":"Exordium Thugs","floor":6,"turns":6},{"damage":6,"enemies":"Gremlin Nob","floor":7,"turns":4},{"damage":15,"enemies":"3 Sentries","floor":13,"turns":8},{"damage":1,"enemies":"Blue Slaver","floor":14,"turns":2},{"damage":11,"enemies":"Slime Boss","floor":16,"turns":11},{"damage":7,"enemies":"Chosen","floor":18,"turns":4},{"damage":0,"enemies":"3 Byrds","floor":20,"turns":6},{"damage":1,"enemies":"Snake Plant","floor":21,"turns":3},{"damage":14,"enemies":"Snecko","floor":22,"turns":5},{"damage":22,"enemies":"Book of Stabbing","floor":23,"turns":7},{"damage":2,"enemies":"Sentry and Sphere","floor":28,"turns":5},{"damage":18,"enemies":"Shelled Parasite and Fungi","floor":29,"turns":5},{"damage":26,"enemies":"Slavers","floor":31,"turns":5},{"damage":26,"enemies":"Automaton","floor":33,"turns":9},{"damage":1,"enemies":"3 Shapes","floor":35,"turns":3},{"damage":10,"enemies":"3 Darklings","floor":36,"turns":4},{"damage":23,"enemies":"Spire Growth","floor":38,"turns":4},{"damage":0,"enemies":"Sphere and 2 Shapes","floor":42,"turns":3},{"damage":29,"enemies":"Reptomancer","floor":45,"turns":6},{"damage":17,"enemies":"Writhing Mass","floor":48,"turns":5},{"damage":40,"enemies":"Time Eater","floor":50,"turns":9}],"seed_played":"5707785147385798479","potions_obtained":[{"floor":2,"key":"Fire Potion"},{"floor":6,"key":"GhostInAJar"},{"floor":7,"key":"Fire Potion"},{"floor":13,"key":"Block Potion"},{"floor":14,"key":"Explosive Potion"},{"floor":20,"key":"SteroidPotion"},{"floor":21,"key":"PowerPotion"},{"floor":22,"key":"Energy Potion"},{"floor":31,"key":"Energy Potion"},{"floor":33,"key":"SpeedPotion"},{"floor":36,"key":"Regen Potion"},{"floor":37,"key":"FearPotion"},{"floor":38,"key":"LiquidBronze"},{"floor":48,"key":"Weak Potion"}],"is_trial":false,"path_per_floor":["M","M","M","?","?","M","E","?","T","$","?","R","E","M","R","B",null,"M","$","M","M","M","E","R","$","T","R","M","M","R","E","R","B",null,"M","M","?","M","$","R","$","M","T","R","E","R","?","M","R","B",null],"character_chosen":"THE_SILENT","items_purchased":["Outmaneuver","Deflect","Trip","Bane","Poisoned Stab","Membership Card","Energy Potion","Weak Potion","Orichalcum","Leg Sweep","Well Laid Plans","TwistedFunnel","Shuriken","Potion Belt","EssenceOfSteel","Fire Potion","Dexterity Potion","Bottled Tornado","Fire Potion"],"campfire_rested":4,"item_purchase_floors":[10,10,10,10,10,19,19,19,25,25,25,39,39,39,39,39,39,41,41],"current_hp_per_floor":[66,66,66,66,66,60,61,61,61,61,61,61,46,45,45,34,77,70,70,70,69,55,33,33,33,33,33,31,13,36,10,33,7,77,76,66,66,52,52,52,52,52,52,52,23,46,46,29,52,12],"gold":151,"neow_bonus":"THREE_CARDS","is_prod":false,"is_daily":false,"chose_seed":false,"campfire_upgraded":6,"win_rate":0.0,"timestamp":1564543153,"path_taken":["M","?","M","?","?","?","E","?","T","$","?","R","E","M","R","BOSS","M","$","M","M","?","E","R","$","T","R","M","M","R","E","R","BOSS","M","M","?","?","$","R","$","M","T","R","E","R","?","M","R","BOSS"],"build_version":"2019-07-17","purchased_purges":3,"victory":true,"max_hp_per_floor":[70,70,70,70,70,70,77,77,77,77,77,77,77,77,77,77,77,77,77,77,77,77,77,77,77,77,77,77,77,77,77,77,77,77,77,77,77,77,77,77,77,77,77,77,77,77,77,77,77,77],"card_choices":[{"not_picked":["Reflex","Concentrate"],"picked":"Bane","floor":0},{"not_picked":["Prepared","PiercingWail"],"picked":"Deadly Poison","floor":1},{"not_picked":["Eviscerate","Noxious Fumes"],"picked":"Dodge and Roll","floor":2},{"not_picked":["Catalyst","Poisoned Stab"],"picked":"Crippling Poison","floor":3},{"not_picked":["Cloak And Dagger","Prepared"],"picked":"Catalyst","floor":6},{"not_picked":["All Out Attack","Skewer"],"picked":"Backflip","floor":7},{"not_picked":["Masterful Stab","Poisoned Stab"],"picked":"Flying Knee","floor":13},{"not_picked":["Dodge and Roll","Noxious Fumes"],"picked":"Footwork","floor":14},{"not_picked":["Sucker Punch","Masterful Stab"],"picked":"Concentrate+1","floor":18},{"not_picked":["Backflip","Acrobatics","Dagger Throw"],"picked":"SKIP","floor":20},{"not_picked":["Quick Slash","Backflip+1"],"picked":"Slice+1","floor":21},{"not_picked":["Blur","Reflex"],"picked":"Slice+1","floor":22},{"not_picked":["Quick Slash","Deadly Poison"],"picked":"Noxious Fumes","floor":23},{"not_picked":["Eviscerate","Crippling Poison"],"picked":"Dash","floor":28},{"not_picked":["Underhanded Strike","Outmaneuver"],"picked":"Expertise+1","floor":29},{"not_picked":["Deadly Poison","Phantasmal Killer"],"picked":"Bouncing Flask","floor":31},{"not_picked":["Venomology","Malaise"],"picked":"Wraith Form v2","floor":33},{"not_picked":["Dagger Spray+1","Flechettes+1"],"picked":"Backstab+1","floor":35},{"not_picked":["Dagger Throw","Distraction"],"picked":"Prepared","floor":36},{"not_picked":["Backflip","Escape Plan+1"],"picked":"Slice+1","floor":38},{"not_picked":["Underhanded Strike","Cloak And Dagger"],"picked":"Slice+1","floor":42},{"not_picked":["Caltrops+1","Cloak And Dagger+1"],"picked":"Setup+1","floor":45},{"not_picked":["Dagger Throw","Malaise+1"],"picked":"Blade Dance+1","floor":48}],"player_experience":185050,"relics_obtained":[{"floor":7,"key":"Strawberry"},{"floor":9,"key":"Kunai"},{"floor":13,"key":"Torii"},{"floor":23,"key":"Bag of Marbles"},{"floor":23,"key":"Vajra"},{"floor":26,"key":"Bronze Scales"},{"floor":31,"key":"Old Coin"},{"floor":31,"key":"Pocketwatch"},{"floor":43,"key":"Toxic Egg 2"},{"floor":45,"key":"Whetstone"},{"floor":45,"key":"Letter Opener"}],"event_choices":[{"damage_healed":0,"gold_gain":0,"player_choice":"Take Wound","damage_taken":0,"relics_obtained":["Golden Idol"],"max_hp_gain":0,"max_hp_loss":0,"event_name":"Golden Idol","floor":4,"gold_loss":0,"cards_obtained":["Injury"]},{"damage_healed":0,"gold_gain":0,"player_choice":"Ignored","damage_taken":0,"max_hp_gain":0,"max_hp_loss":0,"event_name":"Shining Light","floor":5,"gold_loss":0},{"damage_healed":0,"gold_gain":175,"player_choice":"AGREE","damage_taken":0,"max_hp_gain":0,"max_hp_loss":0,"event_name":"Liars Game","floor":8,"gold_loss":0,"cards_obtained":["Doubt"]},{"damage_healed":0,"gold_gain":0,"player_choice":"Trade","damage_taken":0,"relics_obtained":["SsserpentHead"],"max_hp_gain":0,"max_hp_loss":0,"event_name":"FaceTrader","floor":11,"gold_loss":0},{"damage_healed":0,"gold_gain":0,"player_choice":"Got Potions","damage_taken":0,"max_hp_gain":0,"max_hp_loss":0,"event_name":"Lab","floor":37,"gold_loss":0},{"damage_healed":0,"gold_gain":0,"player_choice":"Ignored","damage_taken":0,"max_hp_gain":0,"max_hp_loss":0,"event_name":"The Moai Head","floor":47,"gold_loss":0}],"is_beta":false,"boss_relics":[{"not_picked":["Snecko Eye","Empty Cage"],"picked":"Black Star"},{"not_picked":["WristBlade","Busted Crown"],"picked":"Astrolabe"}],"items_purged_floors":[10,39,41],"is_endless":false,"potions_floor_spawned":[2,6,7,13,14,20,21,22,31,33,36,38,48],"ascension_level":0}