{"gold_per_floor":[115,128,4,4,14,34,34,44,44,44,70,70,70,87,87,187,187,206,35,49,49,67,98,98,98,150,162,37,50,50,50,50,148,148,163,178,178,28,378,378,378,478,524,524,524,524,540,191,191,191],"floor_reached":50,"playtime":4526,"items_purged":["Strike_B","Defend_B","Strike_B","Defend_B","Defend_B"],"score":483,"play_id":"1f3c595f-8d1c-4477-8080-3cb4dce77e93","local_time":"20190804003239","is_ascension_mode":false,"campfire_choices":[{"data":"Zap","floor":7,"key":"SMITH"},{"floor":10,"key":"RECALL"},{"floor":12,"key":"REST"},{"floor":15,"key":"REST"},{"floor":24,"key":"REST"},{"floor":32,"key":"REST"},{"floor":40,"key":"REST"},{"floor":44,"key":"REST"},{"floor":46,"key":"REST"},{"data":"Seek","floor":49,"key":"SMITH"}],"neow_cost":"NONE","seed_source_timestamp":167973714008646,"circlet_count":0,"master_deck":["Zap+1","Coolheaded","Ball Lightning","Cold Snap","Hologram","Darkness","Machine Learning","Biased Cognition","Streamline+1","Capacitor","Glacier","Leap+1","Steam+1","Seek+1","Blizzard","Gash","Leap+1","Streamline+1"],"relics":["Cracked Core","Strawberry","Mummified Hand","Philosopher\u0027s Stone","Letter Opener","Boot","Inserter","Old Coin","StoneCalendar","Smiling Mask","Ice Cream"],"potions_floor_usage":[29,33,39,50,50],"damage_taken":[{"damage":2,"enemies":"Jaw Worm","floor":1,"turns":4},{"damage":0,"enemies":"Cultist","floor":2,"turns":3},{"damage":5,"enemies":"Small Slimes","floor":5,"turns":3},{"damage":3,"enemies":"Blue Slaver","floor":6,"turns":4},{"damage":6,"enemies":"3 Louse","floor":8,"turns":2},{"damage":27,"enemies":"Gremlin Nob","floor":11,"turns":4},{"damage":0,"enemies":"2 Fungi Beasts","floor":14,"turns":3},{"damage":46,"enemies":"The Guardian","floor":16,"turns":13},{"damage":9,"enemies":"Chosen","floor":18,"turns":3},{"damage":6,"enemies":"2 Thieves","floor":20,"turns":4},{"damage":3,"enemies":"Snake Plant","floor":22,"turns":4},{"damage":45,"enemies":"Book of Stabbing","floor":23,"turns":5},{"damage":17,"enemies":"Shelled Parasite and Fungi","floor":27,"turns":4},{"damage":1,"enemies":"Snecko","floor":29,"turns":5},{"damage":51,"enemies":"Champ","floor":33,"turns":14},{"damage":25,"enemies":"3 Darklings","floor":35,"turns":6},{"damage":0,"enemies":"3 Shapes","floor":36,"turns":4},{"damage":41,"enemies":"2 Orb Walkers","floor":39,"turns":6},{"damage":11,"enemies":"Mind Bloom Boss Battle","floor":42,"turns":8},{"damage":0,"enemies":"Transient","floor":47,"turns":5},{"damage":85,"enemies":"Donu and Deca","floor":50,"turns":7}],"seed_played":"-7670977645628005359","potions_obtained":[{"floor":2,"key":"Regen Potion"},{"floor":5,"key":"AttackPotion"},{"floor":6,"key":"GamblersBrew"},{"floor":36,"key":"Fire Potion"},{"floor":47,"key":"LiquidBronze"}],"is_trial":false,"path_per_floor":["M","M","$","?","M","M","R","M","T","R","E","R","?","M","R","B",null,"M","$","M","$","M","E","R","$","T","M","$","M","?","?","R","B",null,"M","M","?","$","?","R","?","?","T","R","?","R","M","$","R","B"],"character_chosen":"DEFECT","items_purchased":["Cold Snap","Capacitor","Ice Cream"],"campfire_rested":7,"item_purchase_floors":[3,19,48],"current_hp_per_floor":[80,80,80,73,68,65,65,59,59,59,32,56,56,56,80,34,82,73,73,67,67,64,19,43,43,43,26,26,37,37,37,61,10,82,57,57,57,57,16,40,40,29,29,53,53,77,77,77,77,0],"gold":191,"neow_bonus":"RANDOM_COMMON_RELIC","is_prod":false,"is_daily":false,"chose_seed":false,"campfire_upgraded":2,"win_rate":0,"timestamp":1564871559,"path_taken":["M","M","$","?","M","M","R","M","T","R","E","R","?","M","R","BOSS","M","$","M","?","?","E","R","$","T","M","$","M","?","?","R","BOSS","M","M","?","$","?","R","?","?","T","R","?","R","M","$","R","BOSS"],"build_version":"2019-07-17","purchased_purges":5,"victory":false,"max_hp_per_floor":[82,82,82,82,82,82,82,82,82,82,82,82,82,82,82,82,82,82,82,82,82,82,82,82,82,82,82,82,82,82,82,82,82,82,82,82,82,82,82,82,82,82,82,82,82,82,82,82,82,82],"card_choices":[{"not_picked":["Stack","Steam"],"picked":"Coolheaded","floor":1},{"not_picked":["Beam Cell","Skim"],"picked":"Ball Lightning","floor":2},{"not_picked":["Stack","White Noise"],"picked":"Hologram","floor":5},{"not_picked":["Turbo","Coolheaded","Sweeping Beam"],"picked":"SKIP","floor":6},{"not_picked":["Conserve Battery","Leap"],"picked":"Darkness","floor":8},{"not_picked":["Creative AI","Barrage","Melter"],"picked":"SKIP","floor":11},{"not_picked":["Ball Lightning","Cold Snap","Storm"],"picked":"SKIP","floor":14},{"not_picked":["All For One","Amplify"],"picked":"Biased Cognition","floor":16},{"not_picked":["Beam Cell","Sweeping Beam"],"picked":"Streamline+1","floor":18},{"not_picked":["Leap","Conserve Battery"],"picked":"Glacier","floor":20},{"not_picked":["Steam","Streamline","Beam Cell"],"picked":"SKIP","floor":22},{"not_picked":["Go for the Eyes","Steam"],"picked":"Leap+1","floor":23},{"not_picked":["Melter+1","Conserve Battery"],"picked":"Steam+1","floor":27},{"not_picked":["Redo","Chaos","Turbo"],"picked":"SKIP","floor":29},{"not_picked":["Creative AI","All For One"],"picked":"Seek","floor":33},{"not_picked":["Hello World+1","Beam Cell+1"],"picked":"Blizzard","floor":35},{"not_picked":["Fusion","Ball Lightning","Turbo+1"],"picked":"SKIP","floor":36},{"not_picked":["Stack","Darkness+1"],"picked":"Gash","floor":39},{"not_picked":["Aggregate+1","Sweeping Beam"],"picked":"Leap+1","floor":42},{"not_picked":["Go for the Eyes","Chill+1"],"picked":"Streamline+1","floor":47}],"player_experience":85151,"relics_obtained":[{"floor":11,"key":"Mummified Hand"},{"floor":23,"key":"Letter Opener"},{"floor":26,"key":"Boot"},{"floor":39,"key":"Old Coin"},{"floor":42,"key":"StoneCalendar"},{"floor":43,"key":"Smiling Mask"}],"event_choices":[{"cards_removed":["Strike_B"],"damage_healed":0,"gold_gain":0,"player_choice":"Card Removal","damage_taken":7,"max_hp_gain":0,"max_hp_loss":0,"event_name":"Golden Wing","floor":4,"gold_loss":0},{"damage_healed":0,"gold_gain":0,"cards_transformed":["Strike_B"],"player_choice":"Transformed","damage_taken":0,"max_hp_gain":0,"max_hp_loss":0,"event_name":"Transmorgrifier","floor":13,"gold_loss":0,"cards_obtained":["Machine Learning"]},{"damage_healed":0,"gold_gain":0,"player_choice":"Ignored","damage_taken":0,"max_hp_gain":0,"max_hp_loss":0,"event_name":"Ghosts","floor":30,"gold_loss":0},{"cards_removed":["Defend_B"],"damage_healed":0,"gold_gain":0,"player_choice":"Elegance","damage_taken":0,"max_hp_gain":0,"max_hp_loss":0,"event_name":"Back to Basics","floor":31,"gold_loss":0},{"cards_removed":["Dualcast"],"damage_healed":0,"gold_gain":0,"player_choice":"Removed Skill","damage_taken":0,"max_hp_gain":0,"max_hp_loss":0,"event_name":"Falling","floor":37,"gold_loss":0},{"damage_healed":0,"gold_gain":0,"player_choice":"Fight","damage_taken":0,"max_hp_gain":0,"max_hp_loss":0,"event_name":"Mysterious Sphere","floor":39,"gold_loss":0},{"damage_healed":0,"gold_gain":0,"player_choice":"Ignored","damage_taken":0,"max_hp_gain":0,"max_hp_loss":0,"event_name":"The Moai Head","floor":41,"gold_loss":0},{"damage_healed":0,"gold_gain":0,"player_choice":"Fight","damage_taken":0,"max_hp_gain":0,"max_hp_loss":0,"event_name":"MindBloom","floor":42,"gold_loss":0},{"damage_healed":0,"gold_gain":0,"player_choice":"Ignored","damage_taken":0,"max_hp_gain":0,"max_hp_loss":0,"event_name":"Tomb of Lord Red Mask","floor":45,"gold_loss":0}],"is_beta":false,"boss_relics":[{"not_picked":["White Beast Statue","Eternal Feather"],"picked":"Philosopher\u0027s Stone"},{"not_picked":["FrozenCore","Sozu"],"picked":"Inserter"}],"items_purged_floors":[3,19,28,38,48],"is_endless":false,"potions_floor_spawned":[2,5,6,16,18,23,36,47],"killed_by":"Donu and Deca","ascension_level":0}