{"gold_per_floor":[112,132,19,30,41,41,74,101,187,199],"floor_reached":10,"playtime":364,"items_purged":["Strike_G"],"score":81,"play_id":"b4f8d08f-a8c5-4225-b39f-5c9f59e956ee","local_time":"20190511125359","is_ascension_mode":true,"campfire_choices":[{"floor":6,"key":"REST"}],"neow_cost":"PERCENT_DAMAGE","seed_source_timestamp":238194701177019,"circlet_count":0,"master_deck":["Defend_G","Defend_G","Defend_G","Defend_G","Defend_G","Strike_G","Strike_G","Strike_G","Strike_G","Survivor","Neutralize","Masterful Stab","Finisher","Footwork","Blur","Blade Dance","Noxious Fumes","Noxious Fumes"],"relics":["Ring of the Snake","Girya","MawBank","Gremlin Horn"],"potions_floor_usage":[7],"damage_taken":[{"damage":8,"enemies":"Jaw Worm","floor":1,"turns":5},{"damage":1,"enemies":"Cultist","floor":2,"turns":3},{"damage":0,"enemies":"Small Slimes","floor":4,"turns":2},{"damage":4,"enemies":"Looter","floor":5,"turns":5},{"damage":50,"enemies":"Lagavulin","floor":7,"turns":7},{"damage":0,"enemies":"Blue Slaver","floor":8,"turns":5},{"damage":7,"enemies":"3 Louse","floor":10,"turns":1}],"seed_played":"-7643468442565988561","potions_obtained":[{"floor":1,"key":"GamblersBrew"},{"floor":7,"key":"Dexterity Potion"}],"is_trial":false,"path_per_floor":["M","M","$","M","M","R","E","M","T","M"],"character_chosen":"THE_SILENT","items_purchased":["Footwork"],"campfire_rested":1,"item_purchase_floors":[3],"current_hp_per_floor":[41,40,40,40,36,57,7,7,7,0],"gold":199,"neow_bonus":"ONE_RARE_RELIC","is_prod":false,"is_daily":false,"chose_seed":false,"campfire_upgraded":0,"win_rate":0,"timestamp":1557593639,"path_taken":["M","M","$","M","M","R","E","M","T","M"],"build_version":"2019-01-23","purchased_purges":1,"victory":false,"max_hp_per_floor":[70,70,70,70,70,70,70,70,70,70],"card_choices":[{"not_picked":["Predator","Dodge and Roll"],"picked":"Masterful Stab","floor":1},{"not_picked":["Backflip","Slice"],"picked":"Finisher","floor":2},{"not_picked":["All Out Attack","Underhanded Strike"],"picked":"Blur","floor":4},{"not_picked":["Bane","Predator"],"picked":"Blade Dance","floor":5},{"not_picked":["Prepared","Underhanded Strike"],"picked":"Noxious Fumes","floor":7},{"not_picked":["Underhanded Strike","Dagger Throw"],"picked":"Noxious Fumes","floor":8}],"player_experience":972405,"relics_obtained":[{"floor":7,"key":"MawBank"},{"floor":9,"key":"Gremlin Horn"}],"event_choices":[],"is_beta":false,"boss_relics":[],"items_purged_floors":[3],"is_endless":false,"potions_floor_spawned":[1,7],"killed_by":"3 Louse","ascension_level":3}