{"gold_per_floor":[118,118,129,129,48,89,89,89,119,134,149,149,192,211,211,302,302,327,342,232,245,32,32,67,67,67,103,103,124,162,201,201,294,294,312,36,55,55,55,55,99,321,390,390,430,455,480,294,294,294],"floor_reached":50,"playtime":1741,"items_purged":["Defend_B","Melter"],"score":1257,"play_id":"5d827bac-9c37-4835-a154-d847ad8ddb8b","local_time":"20190523153202","is_ascension_mode":true,"campfire_choices":[{"data":"Zap","floor":7.0,"key":"SMITH"},{"data":"Dualcast","floor":12.0,"key":"SMITH"},{"data":"Chaos","floor":15.0,"key":"SMITH"},{"data":"Sunder","floor":23.0,"key":"SMITH"},{"data":"Coolheaded","floor":25.0,"key":"SMITH"},{"floor":28.0,"key":"REST"},{"floor":32.0,"key":"REST"},{"data":"Coolheaded","floor":40.0,"key":"SMITH"},{"data":"Blizzard","floor":44.0,"key":"SMITH"},{"floor":49,"key":"RECALL"}],"neow_cost":"NONE","seed_source_timestamp":1122655072791094,"circlet_count":0,"master_deck":["AscendersBane","Zap+1","Dualcast+1","Turbo","Cold Snap","Biased Cognition","Hologram+1","Chill","Chaos+1","Defragment","Core Surge","Ball Lightning+1","Sunder+1","Coolheaded+1","Capacitor+1","Recycle","Double Energy+1","Multi-Cast","Conserve Battery+1","Leap+1","Genetic Algorithm+1","Blizzard+1","Coolheaded+1","Dark Shackles","Reprogram+1","Heatsinks"],"special_seed":0,"relics":["Cracked Core","NeowsBlessing","Golden Idol","Smiling Mask","Tiny Chest","Blue Candle","Empty Cage","DataDisk","Regal Pillow","Bronze Scales","Oddly Smooth Stone","Bag of Marbles","Red Mask","Astrolabe","Medical Kit","Strawberry","Symbiotic Virus"],"potions_floor_usage":[46,50],"damage_taken":[{"damage":0.0,"enemies":"Cultist","floor":1.0,"turns":1.0},{"damage":0.0,"enemies":"Small Slimes","floor":3.0,"turns":1.0},{"damage":0.0,"enemies":"Lagavulin","floor":6.0,"turns":1.0},{"damage":0.0,"enemies":"2 Louse","floor":10.0,"turns":1.0},{"damage":12.0,"enemies":"Lots of Slimes","floor":11.0,"turns":4.0},{"damage":24.0,"enemies":"Gremlin Nob","floor":13.0,"turns":4.0},{"damage":11.0,"enemies":"Red Slaver","floor":14.0,"turns":2.0},{"damage":1.0,"enemies":"The Guardian","floor":16.0,"turns":10.0},{"damage":7.0,"enemies":"3 Byrds","floor":18.0,"turns":3.0},{"damage":3.0,"enemies":"Chosen","floor":19.0,"turns":4.0},{"damage":9.0,"enemies":"Centurion and Healer","floor":21.0,"turns":8.0},{"damage":10.0,"enemies":"Slavers","floor":24.0,"turns":5.0},{"damage":0.0,"enemies":"Gremlin Leader","floor":27.0,"turns":4.0},{"damage":0.0,"enemies":"3 Cultists","floor":29.0,"turns":5.0},{"damage":40.0,"enemies":"Slavers","floor":30.0,"turns":5.0},{"damage":6.0,"enemies":"Masked Bandits","floor":31.0,"turns":3.0},{"damage":45.0,"enemies":"Champ","floor":33.0,"turns":12.0},{"damage":0.0,"enemies":"3 Shapes","floor":35.0,"turns":5.0},{"damage":21.0,"enemies":"Orb Walker","floor":37.0,"turns":3.0},{"damage":7.0,"enemies":"Nemesis","floor":41.0,"turns":5.0},{"damage":24.0,"enemies":"Reptomancer","floor":45.0,"turns":7.0},{"damage":3,"enemies":"Jaw Worm Horde","floor":46,"turns":4},{"damage":9,"enemies":"3 Darklings","floor":47,"turns":6},{"damage":0,"enemies":"Awakened One","floor":50,"turns":1}],"seed_played":"-8946723097866816027","potions_obtained":[{"floor":1.0,"key":"Ancient Potion"},{"floor":3.0,"key":"Explosive Potion"},{"floor":16.0,"key":"AttackPotion"},{"floor":18.0,"key":"FearPotion"},{"floor":21.0,"key":"PowerPotion"},{"floor":30.0,"key":"GamblersBrew"},{"floor":31.0,"key":"Fruit Juice"},{"floor":33.0,"key":"Regen Potion"},{"floor":37.0,"key":"Weak Potion"},{"floor":45.0,"key":"Ancient Potion"},{"floor":47,"key":"AttackPotion"}],"is_trial":false,"path_per_floor":["M","$","M","?","$","E","R","?","T","M","M","R","E","M","R","B",null,"M","M","?","M","$","R","E","R","T","E","R","M","E","?","R","B",null,"M","$","M","?","?","R","E","?","T","R","E","M","M","$","R","B"],"character_chosen":"DEFECT","items_purchased":["Biased Cognition","DataDisk","Medical Kit","Coolheaded","Heatsinks","Energy Potion"],"campfire_rested":2,"item_purchase_floors":[5,22,36,36,48,48],"current_hp_per_floor":[64,64,64,64,64,64,64,57,57,57,45,45,21,10,10,9,50,43,40,40,31,31,31,21,21,21,21,55,55,15,14,49,4,53,53,53,32,32,32,32,44,44,44,44,20,17,8,8,8,8],"gold":294,"neow_bonus":"THREE_ENEMY_KILL","is_prod":false,"is_daily":false,"chose_seed":false,"campfire_upgraded":7,"win_rate":0,"timestamp":1558596722,"path_taken":["M","$","?","?","$","E","R","?","T","M","M","R","E","M","R","BOSS","M","M","?","?","?","R","E","R","T","E","R","M","E","?","R","BOSS","M","$","M","?","?","R","E","?","T","R","E","M","M","$","R","BOSS"],"build_version":"2019-01-23","purchased_purges":2,"victory":false,"max_hp_per_floor":[71,71,71,64,64,64,64,64,64,64,64,64,64,64,64,64,64,64,64,64,64,64,64,64,64,64,64,64,64,64,69,69,69,69,69,69,69,69,66,66,73,73,73,73,73,73,73,73,73,73],"card_choices":[{"not_picked":["Leap","Streamline"],"picked":"Turbo","floor":1.0},{"not_picked":["Leap","Compile Driver"],"picked":"Cold Snap","floor":3.0},{"not_picked":["Storm","Redo"],"picked":"Hologram","floor":6.0},{"not_picked":["Compile Driver","Steam Power"],"picked":"Melter","floor":10.0},{"not_picked":["Redo","Go for the Eyes"],"picked":"Chill","floor":11.0},{"not_picked":["Buffer","Stack"],"picked":"Chaos","floor":13.0},{"not_picked":["Redo","Rebound"],"picked":"Defragment","floor":14.0},{"not_picked":["Hyperbeam","Biased Cognition"],"picked":"Core Surge","floor":16.0},{"not_picked":["Streamline","Hello World"],"picked":"Ball Lightning+1","floor":18.0},{"not_picked":["Turbo","Double Energy","Stack"],"picked":"SKIP","floor":19.0},{"not_picked":["White Noise","Sweeping Beam"],"picked":"Sunder","floor":21.0},{"not_picked":["Rebound","Consume+1"],"picked":"Coolheaded","floor":24.0},{"not_picked":["Lockon","Reinforced Body"],"picked":"Capacitor+1","floor":27.0},{"not_picked":["Lockon","Barrage","FTL"],"picked":"SKIP","floor":29.0},{"not_picked":["Turbo","Doom and Gloom"],"picked":"Recycle","floor":30.0},{"not_picked":["Sunder","Electrodynamics"],"picked":"Double Energy+1","floor":31.0},{"not_picked":["Electrodynamics","Reboot"],"picked":"Multi-Cast","floor":33.0},{"not_picked":["Hologram","Stack"],"picked":"Blizzard","floor":35.0},{"not_picked":["Steam","Doom and Gloom","Lockon"],"picked":"SKIP","floor":37.0},{"not_picked":["Swift Strike","Forethought"],"picked":"Dark Shackles","floor":38.0},{"not_picked":["Beam Cell","Turbo","Go for the Eyes"],"picked":"SKIP","floor":41.0},{"not_picked":["Coolheaded","Aggregate","Chaos"],"picked":"SKIP","floor":45.0},{"not_picked":["Static Discharge","Leap"],"picked":"Reprogram+1","floor":46},{"not_picked":["Lockon","Ball Lightning","Beam Cell"],"picked":"SKIP","floor":47}],"player_experience":1741739,"relics_obtained":[{"floor":6.0,"key":"Smiling Mask"},{"floor":9.0,"key":"Tiny Chest"},{"floor":13.0,"key":"Blue Candle"},{"floor":24.0,"key":"Regal Pillow"},{"floor":26.0,"key":"Bronze Scales"},{"floor":27.0,"key":"Oddly Smooth Stone"},{"floor":30.0,"key":"Bag of Marbles"},{"floor":31.0,"key":"Red Mask"},{"floor":41.0,"key":"Strawberry"},{"floor":45.0,"key":"Symbiotic Virus"}],"event_choices":[{"damage_healed":0.0,"max_hp_gain":0.0,"max_hp_loss":7.0,"gold_gain":0.0,"event_name":"Golden Idol","player_choice":"Lose Max HP","floor":4.0,"gold_loss":0.0,"damage_taken":0.0,"relics_obtained":["Golden Idol"]},{"cards_removed":["Strike_B"],"damage_healed":0.0,"max_hp_gain":0.0,"max_hp_loss":0.0,"gold_gain":0.0,"event_name":"Golden Wing","player_choice":"Card Removal","floor":8.0,"gold_loss":0.0,"damage_taken":7.0},{"cards_removed":["Strike_B"],"damage_healed":0.0,"max_hp_gain":0.0,"max_hp_loss":0.0,"gold_gain":0.0,"event_name":"Designer","player_choice":"Upgrade and Remove","floor":20.0,"gold_loss":110.0,"damage_taken":0.0,"cards_upgraded":["Hologram"]},{"damage_healed":0.0,"max_hp_gain":0.0,"max_hp_loss":0.0,"gold_gain":0.0,"event_name":"Masked Bandits","player_choice":"Fought Bandits","floor":31.0,"gold_loss":0.0,"damage_taken":0.0},{"damage_healed":0.0,"max_hp_gain":0.0,"max_hp_loss":0.0,"gold_gain":0.0,"event_name":"SensoryStone","player_choice":"Memory 1","floor":38.0,"gold_loss":0.0,"damage_taken":0.0},{"damage_healed":0.0,"max_hp_gain":0.0,"max_hp_loss":3.0,"gold_gain":0.0,"event_name":"Winding Halls","player_choice":"Max HP","floor":39.0,"gold_loss":0.0,"damage_taken":0.0},{"damage_healed":0.0,"max_hp_gain":0.0,"max_hp_loss":0.0,"gold_gain":222.0,"event_name":"Tomb of Lord Red Mask","player_choice":"Wore Mask","floor":42.0,"gold_loss":0.0,"damage_taken":0.0}],"is_beta":false,"boss_relics":[{"not_picked":["Tiny House","Orrery"],"picked":"Empty Cage"},{"not_picked":["Busted Crown","Lizard Tail"],"picked":"Astrolabe"}],"items_purged_floors":[22,48],"is_endless":false,"potions_floor_spawned":[1,3,11,16,18,21,30,31,33,37,45,47],"killed_by":"Awakened One","ascension_level":20}