{"gold_per_floor":[109,122,297,297,310,339,339,353,379,410,410,443,456,52,52,156,156,173,123,123,134,134,134,134,147,147,43,75,86,97,197,197,298,298,315,315,315,332,344,372,372,116,116,149,149,159,34,49,49,49],"floor_reached":51,"playtime":6738,"items_purged":["Strike_B","Strike_B","Strike_B"],"score":1310,"play_id":"b7066acf-faf9-4bb9-a7f8-cbf692c3e3db","local_time":"20180725205806","is_ascension_mode":true,"campfire_choices":[{"data":"Defragment","floor":7,"key":"SMITH"},{"data":"Dualcast","floor":15,"key":"SMITH"},{"data":"Machine Learning","floor":23,"key":"SMITH"},{"floor":32,"key":"REST"},{"floor":41,"key":"DIG"},{"floor":45,"key":"DIG"},{"floor":49,"key":"DIG"}],"neow_cost":"NONE","seed_source_timestamp":362140534200604,"circlet_count":0,"master_deck":["Defend_B","Defend_B","Defend_B","Defend_B","Zap+1","Dualcast+1","Compile Driver","Defragment+1","Conserve Battery","Cold Snap","Conserve Battery","Seek","Coolheaded","Sunder","Machine Learning+1","Conserve Battery+1","Turbo+1","Coolheaded","Defragment","Turbo","Defragment+1","Go for the Eyes","All For One","Self Repair+1","Meteor Strike","Hologram+1","Panacea","Glacier+1","Seek","Compile Driver","Hologram+1","Skim+1","Hologram+1"],"relics":["Cracked Core","Dream Catcher","Vajra","Happy Flower","Symbiotic Virus","Turnip","Lizard Tail","Nilry\u0027s Codex","Incense Burner","Meat on the Bone","Nunchaku","Nuclear Battery","Shovel","DataDisk","Ancient Tea Set","Bronze Scales","Regal Pillow","Bottled Flame","Omamori","Bottled Tornado"],"potions_floor_usage":[6,12,12,21,28,29,38,50,50],"damage_taken":[{"damage":7,"enemies":"Jaw Worm","floor":1,"turns":2},{"damage":5,"enemies":"Small Slimes","floor":2,"turns":3},{"damage":2,"enemies":"2 Louse","floor":5,"turns":2},{"damage":30,"enemies":"Gremlin Nob","floor":6,"turns":4},{"damage":3,"enemies":"Exordium Wildlife","floor":8,"turns":3},{"damage":3,"enemies":"3 Sentries","floor":10,"turns":6},{"damage":12,"enemies":"Gremlin Nob","floor":12,"turns":4},{"damage":11,"enemies":"Lots of Slimes","floor":13,"turns":3},{"damage":0,"enemies":"The Guardian","floor":16,"turns":8},{"damage":3,"enemies":"3 Byrds","floor":18,"turns":5},{"damage":0,"enemies":"Spheric Guardian","floor":21,"turns":3},{"damage":0,"enemies":"Snecko","floor":25,"turns":3},{"damage":32,"enemies":"Slavers","floor":28,"turns":6},{"damage":13,"enemies":"3 Cultists","floor":29,"turns":6},{"damage":18,"enemies":"Snake Plant","floor":30,"turns":4},{"damage":32,"enemies":"Collector","floor":33,"turns":80},{"damage":22,"enemies":"Flame Bruiser 1 Orb","floor":35,"turns":13},{"damage":22,"floor":37,"turns":8},{"damage":2,"enemies":"Orb Walker","floor":38,"turns":4},{"damage":8,"enemies":"Spire Growth","floor":39,"turns":5},{"damage":60,"enemies":"2 Orb Walkers","floor":40,"turns":8},{"damage":24,"enemies":"Giant Head","floor":44,"turns":13},{"damage":0,"enemies":"Sphere and 2 Shapes","floor":46,"turns":3},{"damage":0,"enemies":"3 Darklings","floor":48,"turns":7},{"damage":49,"enemies":"Donu and Deca","floor":50,"turns":9}],"seed_played":"5604817136506987070","potions_obtained":[{"floor":5,"key":"Strength Potion"},{"floor":6,"key":"SpeedPotion"},{"floor":10,"key":"SteroidPotion"},{"floor":18,"key":"Swift Potion"},{"floor":21,"key":"SkillPotion"},{"floor":28,"key":"Dexterity Potion"},{"floor":37,"key":"Regen Potion"},{"floor":40,"key":"FairyPotion"},{"floor":46,"key":"AttackPotion"},{"floor":48,"key":"EssenceOfSteel"}],"is_trial":false,"path_per_floor":["M","M","?","?","M","E","R","M","T","E","?","E","M","$","R","B",null,"M","?","?","M","?","R","T","M","T","$","E","M","M","?","R","B",null,"M","?","?","M","M","E","R","$","T","E","R","M","$","M","R","B"],"character_chosen":"DEFECT","items_purchased":["Sunder","Turnip","Defragment","Turbo","Bronze Scales"],"campfire_rested":1,"item_purchase_floors":[14,14,27,27,42],"current_hp_per_floor":[61,56,56,56,54,24,24,21,21,18,43,31,20,20,20,20,61,58,58,42,42,42,42,42,42,42,42,22,28,22,22,44,34,65,67,67,55,75,75,65,65,65,65,65,65,75,75,75,75,48],"gold":49,"neow_bonus":"UPGRADE_CARD","is_prod":false,"is_daily":false,"chose_seed":false,"campfire_upgraded":3,"win_rate":0,"timestamp":1532566686,"path_taken":["M","M","?","?","M","E","R","?","T","E","?","E","M","$","R","BOSS","M","?","?","?","?","R","?","M","T","$","E","?","M","?","R","BOSS","M","?","?","M","M","E","R","$","T","E","R","M","$","M","R","BOSS"],"build_version":"2018-07-19v2","purchased_purges":3,"victory":true,"max_hp_per_floor":[75,75,75,75,75,75,75,75,75,75,75,75,75,75,75,75,75,75,75,75,75,75,75,75,75,75,75,75,75,75,75,75,75,75,75,75,75,75,75,75,75,75,75,75,75,75,75,75,75,75],"card_choices":[{"not_picked":["Rip and Tear","Sweeping Beam"],"picked":"Compile Driver","floor":1},{"not_picked":["Compile Driver","Rebound"],"picked":"Defragment","floor":2},{"not_picked":["Compile Driver","Scrape"],"picked":"Conserve Battery","floor":5},{"not_picked":["BootSequence","Multi-Cast"],"picked":"Cold Snap","floor":6},{"not_picked":["Gash","Barrage"],"picked":"Conserve Battery","floor":8},{"not_picked":["Coolheaded","Fusion"],"picked":"Seek","floor":10},{"not_picked":["Steam Power","Stack","Amplify"],"picked":"SKIP","floor":12},{"not_picked":["Scrape","Steam Power"],"picked":"Coolheaded","floor":13},{"not_picked":["Fission","Reboot"],"picked":"Machine Learning","floor":16},{"not_picked":["Beam Cell+1","Redo"],"picked":"Conserve Battery+1","floor":18},{"not_picked":["Lockon","Leap"],"picked":"Turbo+1","floor":21},{"not_picked":["Leap","Gash"],"picked":"Coolheaded","floor":25},{"not_picked":["Redo+1","Glacier"],"picked":"Defragment+1","floor":28},{"not_picked":["Steam+1","Barrage"],"picked":"Go for the Eyes","floor":29},{"not_picked":["Scrape","Redo"],"picked":"All For One","floor":30},{"not_picked":["Steam+1","Melter"],"picked":"Self Repair+1","floor":32},{"not_picked":["Reboot","Amplify"],"picked":"Meteor Strike","floor":33},{"not_picked":["Go for the Eyes+1","Streamline"],"picked":"Hologram+1","floor":35},{"not_picked":["Purity","Jack Of All Trades"],"picked":"Panacea","floor":36},{"not_picked":["Consume+1","Barrage+1"],"picked":"Glacier+1","floor":37},{"not_picked":["Skim+1","Loop"],"picked":"Seek","floor":38},{"not_picked":["Barrage","Lockon+1","Conserve Battery"],"picked":"SKIP","floor":39},{"not_picked":["Hologram","Cold Snap"],"picked":"Compile Driver","floor":40},{"not_picked":["Blizzard+1","Doom and Gloom+1"],"picked":"Hologram+1","floor":44},{"not_picked":["Darkness+1","Rip and Tear"],"picked":"Skim+1","floor":46},{"not_picked":["Go for the Eyes","Leap"],"picked":"Hologram+1","floor":48}],"player_experience":325242,"relics_obtained":[{"floor":6,"key":"Dream Catcher"},{"floor":9,"key":"Vajra"},{"floor":10,"key":"Happy Flower"},{"floor":12,"key":"Symbiotic Virus"},{"floor":20,"key":"Nilry\u0027s Codex"},{"floor":24,"key":"Incense Burner"},{"floor":26,"key":"Meat on the Bone"},{"floor":28,"key":"Nunchaku"},{"floor":37,"key":"Shovel"},{"floor":40,"key":"DataDisk"},{"floor":41,"key":"Ancient Tea Set"},{"floor":43,"key":"Regal Pillow"},{"floor":44,"key":"Bottled Flame"},{"floor":45,"key":"Omamori"},{"floor":49,"key":"Bottled Tornado"}],"event_choices":[{"event_name":"Liars Game","player_choice":"agreed","floor":3,"damage_taken":0},{"event_name":"Living Wall","player_choice":"Forget","floor":4,"damage_taken":0},{"event_name":"Big Fish","player_choice":"Banana","floor":11,"damage_taken":0},{"event_name":"The Joust","player_choice":"Bet on Owner","floor":19,"damage_taken":0},{"event_name":"Cursed Tome","player_choice":"Obtained Book","floor":20,"damage_taken":0},{"event_name":"Back to Basics","player_choice":"Elegance","floor":22,"damage_taken":0},{"event_name":"Golden Shrine","player_choice":"Pray","floor":31,"damage_taken":0},{"event_name":"SensoryStone","player_choice":"Memory 1","floor":36,"damage_taken":0},{"event_name":"MindBloom","player_choice":"Fight","floor":37,"damage_taken":0}],"is_beta":false,"boss_relics":[{"not_picked":["Busted Crown","Runic Pyramid"],"picked":"Lizard Tail"},{"not_picked":["Black Star","Calling Bell"],"picked":"Nuclear Battery"}],"items_purged_floors":[14,42,47],"is_endless":false,"potions_floor_spawned":[5,6,10,18,21,28,37,40,46,48],"ascension_level":7}