{"gold_per_floor":[363,288,288,52,70,70,85,85,85,85,112,132,144,161,161,240,240,255,67,117,133,8,8],"floor_reached":23,"playtime":675,"items_purged":["Strike_R","Bash","Strike_R"],"score":382,"play_id":"1260451e-252c-41f1-b58b-83fe7ff4818e","local_time":"20190625003620","is_ascension_mode":true,"campfire_choices":[{"data":"Armaments","floor":6.0,"key":"SMITH"},{"data":"Pommel Strike","floor":8.0,"key":"SMITH"},{"data":"Flex","floor":10.0,"key":"SMITH"},{"data":"True Grit","floor":15.0,"key":"SMITH"}],"neow_cost":"TEN_PERCENT_HP_LOSS","seed_source_timestamp":1933584938755101,"circlet_count":0,"master_deck":["AscendersBane","Defend_R","Defend_R","Defend_R","Defend_R","Armaments+1","Flex+1","Sword Boomerang","Pommel Strike+1","Shockwave","True Grit+1","Inflame","Seeing Red","Limit Break","Burning Pact","Evolve","Seeing Red+1"],"special_seed":0,"relics":["Burning Blood","Matryoshka","Ancient Tea Set","Meat on the Bone","Red Skull","Empty Cage"],"potions_floor_usage":[],"damage_taken":[{"damage":8.0,"enemies":"2 Louse","floor":1.0,"turns":2.0},{"damage":1.0,"enemies":"Cultist","floor":5.0,"turns":3.0},{"damage":7.0,"enemies":"Jaw Worm","floor":7.0,"turns":2.0},{"damage":26.0,"enemies":"3 Sentries","floor":11.0,"turns":7.0},{"damage":16.0,"enemies":"Gremlin Gang","floor":12.0,"turns":3.0},{"damage":16.0,"enemies":"3 Louse","floor":13.0,"turns":3.0},{"damage":14.0,"enemies":"Large Slime","floor":14.0,"turns":4.0},{"damage":46.0,"enemies":"Slime Boss","floor":16.0,"turns":10.0},{"damage":40.0,"enemies":"3 Byrds","floor":18.0,"turns":7.0},{"damage":11,"enemies":"Chosen","floor":21,"turns":4},{"damage":43,"enemies":"Slavers","floor":23,"turns":4}],"seed_played":"-1745729939957471035","potions_obtained":[{"floor":11.0,"key":"GamblersBrew"},{"floor":12.0,"key":"Regen Potion"}],"is_trial":false,"path_per_floor":["M","?","?","$","M","R","M","R","T","R","E","M","M","M","R","B",null,"M","$","?","M","$","E"],"character_chosen":"IRONCLAD","items_purchased":["Armaments","Flex","Sword Boomerang","Evolve"],"campfire_rested":0,"item_purchase_floors":[4,4,4,19],"current_hp_per_floor":[66,66,66,66,68,68,67,67,67,67,47,49,51,43,43,30,59,37,37,31,38,38,0],"gold":8,"neow_bonus":"TWO_FIFTY_GOLD","is_prod":false,"is_daily":false,"chose_seed":false,"campfire_upgraded":4,"win_rate":0,"timestamp":1561394180,"path_taken":["M","?","?","$","M","R","M","R","T","R","E","?","M","M","R","BOSS","M","$","?","?","$","E"],"build_version":"2019-01-23","purchased_purges":3,"victory":false,"max_hp_per_floor":[68,68,68,68,68,68,68,68,68,68,68,68,68,68,68,68,68,68,68,68,68,68,68],"card_choices":[{"not_picked":["Headbutt","Thunderclap"],"picked":"Pommel Strike","floor":1.0},{"not_picked":["Reckless Charge","Anger"],"picked":"Pommel Strike","floor":5.0},{"not_picked":["Headbutt","Havoc"],"picked":"Shockwave","floor":7.0},{"not_picked":["Sword Boomerang","Shrug It Off"],"picked":"True Grit","floor":11.0},{"not_picked":["Clash","Rampage"],"picked":"Inflame","floor":12.0},{"not_picked":["Rage","Cleave","Infernal Blade"],"picked":"SKIP","floor":13.0},{"not_picked":["Anger","Hemokinesis"],"picked":"Seeing Red","floor":14.0},{"not_picked":["Impervious","Double Tap"],"picked":"Limit Break","floor":16.0},{"not_picked":["Armaments","Flame Barrier"],"picked":"Burning Pact","floor":18.0},{"not_picked":["Flame Barrier","Headbutt"],"picked":"Seeing Red+1","floor":21}],"player_experience":1989139,"relics_obtained":[{"floor":9.0,"key":"Ancient Tea Set"},{"floor":9.0,"key":"Meat on the Bone"},{"floor":11.0,"key":"Red Skull"}],"event_choices":[{"cards_removed":["Strike_R"],"damage_healed":0.0,"max_hp_gain":0.0,"max_hp_loss":0.0,"gold_gain":0.0,"event_name":"The Cleric","player_choice":"Card Removal","floor":2.0,"gold_loss":75.0,"damage_taken":0.0},{"cards_removed":["Pommel Strike"],"damage_healed":0.0,"max_hp_gain":0.0,"max_hp_loss":0.0,"gold_gain":0.0,"event_name":"WeMeetAgain","player_choice":"Gave Card","floor":3.0,"gold_loss":0.0,"damage_taken":0.0,"relics_obtained":["Matryoshka"]},{"damage_healed":0,"gold_gain":50,"player_choice":"Touch","damage_taken":6,"max_hp_gain":0,"max_hp_loss":0,"event_name":"FaceTrader","floor":20,"gold_loss":0}],"is_beta":false,"boss_relics":[{"not_picked":["Orrery","Coffee Dripper"],"picked":"Empty Cage"}],"items_purged_floors":[4,19,22],"is_endless":false,"potions_floor_spawned":[11,12,13,14],"killed_by":"Slavers","ascension_level":20}