{"gold_per_floor":[111,127,127,140,28,28,62,62,62,62],"floor_reached":10,"playtime":140,"items_purged":["Strike_R"],"score":132,"play_id":"c9102347-422a-458c-856f-cad7bc221d4a","local_time":"20190604195641","is_ascension_mode":true,"campfire_choices":[{"data":"Armaments","floor":6,"key":"SMITH"}],"neow_cost":"NONE","seed_source_timestamp":189451972991269,"circlet_count":0,"master_deck":["AscendersBane","Strike_R","Strike_R","Strike_R","Strike_R","Defend_R","Defend_R","Defend_R","Defend_R","Bash","Shrug It Off","Armaments+1","Uppercut","Pain"],"relics":["Burning Blood","NeowsBlessing","Ornamental Fan","WarpedTongs","Paper Frog"],"potions_floor_usage":[],"damage_taken":[{"damage":0,"enemies":"Cultist","floor":1,"turns":1},{"damage":0,"enemies":"Small Slimes","floor":2,"turns":1},{"damage":0,"enemies":"Jaw Worm","floor":4,"turns":1},{"damage":45,"enemies":"Gremlin Nob","floor":7,"turns":5},{"damage":53,"enemies":"Exordium Thugs","floor":10,"turns":6}],"seed_played":"306508400886302162","potions_obtained":[],"is_trial":false,"path_per_floor":["M","M","?","M","$","R","E","?","T","M"],"character_chosen":"IRONCLAD","items_purchased":["Uppercut"],"campfire_rested":0,"item_purchase_floors":[5],"current_hp_per_floor":[74,75,80,80,80,80,41,41,41,0],"gold":62,"neow_bonus":"THREE_ENEMY_KILL","is_prod":false,"is_daily":false,"chose_seed":false,"campfire_upgraded":1,"win_rate":0,"timestamp":1559649401,"path_taken":["M","?","?","M","$","R","E","?","T","?"],"build_version":"2019-01-23","purchased_purges":1,"victory":false,"max_hp_per_floor":[75,75,80,80,80,80,80,80,80,80],"card_choices":[{"not_picked":["Clothesline","Flex"],"picked":"Shrug It Off","floor":1},{"not_picked":["Pommel Strike","Iron Wave"],"picked":"Armaments","floor":2},{"not_picked":["Reckless Charge","Clothesline","Thunderclap"],"picked":"SKIP","floor":4},{"not_picked":["Wild Strike","Hemokinesis","Whirlwind"],"picked":"SKIP","floor":7}],"player_experience":1868003,"relics_obtained":[{"floor":7,"key":"Ornamental Fan"},{"floor":9,"key":"Paper Frog"}],"event_choices":[{"damage_healed":0,"gold_gain":0,"player_choice":"Donut","damage_taken":0,"max_hp_gain":5,"max_hp_loss":0,"event_name":"Big Fish","floor":3,"gold_loss":0},{"damage_healed":0,"gold_gain":0,"player_choice":"Rummage","damage_taken":0,"relics_obtained":["WarpedTongs"],"max_hp_gain":0,"max_hp_loss":0,"event_name":"Accursed Blacksmith","floor":8,"gold_loss":0,"cards_obtained":["Pain"]}],"is_beta":false,"boss_relics":[],"items_purged_floors":[5],"is_endless":false,"potions_floor_spawned":[],"killed_by":"Exordium Thugs","ascension_level":20}