{"gold_per_floor":[111,111,211,226,238,238,84,84,84,104,116,16,29,29,29,131,131,144,157,337,212,212,212,22,22,22,22,22],"floor_reached":28,"playtime":1622,"items_purged":["Defend_B","Defend_B","Defend_B","Strike_B"],"score":206,"play_id":"b11e6292-fccb-4875-a1af-3ae3222e6d24","local_time":"20190803231658","is_ascension_mode":false,"campfire_choices":[{"floor":6,"key":"RECALL"},{"data":"Loop","floor":8,"key":"SMITH"},{"floor":15,"key":"REST"},{"floor":23,"key":"REST"},{"data":"Electrodynamics","floor":25,"key":"SMITH"}],"neow_cost":"TEN_PERCENT_HP_LOSS","seed_source_timestamp":166338402080336,"circlet_count":0,"master_deck":["Defend_B","Zap+1","Dualcast","Consume+1","Streamline","Go for the Eyes","Loop+1","Reinforced Body","Cold Snap","Electrodynamics+1","FTL"],"relics":["Cracked Core","Juzu Bracelet","White Beast Statue"],"potions_floor_usage":[18,28],"damage_taken":[{"damage":2,"enemies":"Small Slimes","floor":1,"turns":4},{"damage":1,"enemies":"Cultist","floor":4,"turns":3},{"damage":1,"enemies":"Jaw Worm","floor":5,"turns":3},{"damage":17,"enemies":"Exordium Thugs","floor":10,"turns":3},{"damage":2,"enemies":"Blue Slaver","floor":11,"turns":4},{"damage":3,"enemies":"Exordium Wildlife","floor":13,"turns":5},{"damage":30,"enemies":"Slime Boss","floor":16,"turns":10},{"damage":2,"enemies":"Spheric Guardian","floor":18,"turns":6},{"damage":4,"enemies":"Chosen","floor":19,"turns":4},{"damage":37,"enemies":"Book of Stabbing","floor":28,"turns":4}],"seed_played":"-7266464586745736301","potions_obtained":[{"floor":4,"key":"SteroidPotion"},{"floor":10,"key":"PowerPotion"},{"floor":13,"key":"Block Potion"},{"floor":18,"key":"Regen Potion"}],"is_trial":false,"path_per_floor":["M","?","?","M","M","R","$","R","T","M","M","$","M","?","R","B",null,"M","M","?","$","?","R","$","R","T","?","E"],"character_chosen":"DEFECT","items_purchased":["Loop","FTL"],"campfire_rested":2,"item_purchase_floors":[7,24],"current_hp_per_floor":[66,52,52,51,50,50,50,50,50,33,31,31,28,21,41,11,68,66,62,44,44,32,53,53,53,53,37,0],"gold":22,"neow_bonus":"REMOVE_TWO","is_prod":false,"is_daily":false,"chose_seed":false,"campfire_upgraded":2,"win_rate":0,"timestamp":1564867018,"path_taken":["M","?","?","?","M","R","$","R","T","M","M","$","M","?","R","BOSS","M","M","?","$","?","R","$","R","T","?","E"],"build_version":"2019-07-17","purchased_purges":4,"victory":false,"max_hp_per_floor":[68,68,68,68,68,68,68,68,68,68,68,68,68,68,68,68,68,68,68,68,68,73,73,73,73,73,73,73],"card_choices":[{"not_picked":["Coolheaded","Conserve Battery"],"picked":"Consume","floor":1},{"not_picked":["Conserve Battery","White Noise"],"picked":"Streamline","floor":4},{"not_picked":["Hologram","Barrage"],"picked":"Go for the Eyes","floor":5},{"not_picked":["Ball Lightning","Barrage"],"picked":"Reinforced Body","floor":10},{"not_picked":["Static Discharge","Hello World"],"picked":"Cold Snap","floor":11},{"not_picked":["Go for the Eyes","Storm","Coolheaded"],"picked":"SKIP","floor":13},{"not_picked":["Thunder Strike","Meteor Strike"],"picked":"Electrodynamics","floor":16},{"not_picked":["Compile Driver","Go for the Eyes","Rip and Tear"],"picked":"SKIP","floor":18},{"not_picked":["Hello World","Storm","Leap"],"picked":"SKIP","floor":19}],"player_experience":83529,"relics_obtained":[{"floor":9,"key":"Juzu Bracelet"}],"event_choices":[{"damage_healed":0,"gold_gain":0,"player_choice":"Entered Light","damage_taken":14,"max_hp_gain":0,"max_hp_loss":0,"event_name":"Shining Light","floor":2,"gold_loss":0,"cards_upgraded":["Consume","Zap"]},{"damage_healed":0,"gold_gain":100,"player_choice":"Pray","damage_taken":0,"max_hp_gain":0,"max_hp_loss":0,"event_name":"Golden Shrine","floor":3,"gold_loss":0},{"cards_removed":["Strike_B"],"damage_healed":0,"gold_gain":0,"player_choice":"Card Removal","damage_taken":7,"max_hp_gain":0,"max_hp_loss":0,"event_name":"Golden Wing","floor":14,"gold_loss":0},{"damage_healed":0,"gold_gain":180,"player_choice":"GOLD GOLD ","damage_taken":18,"max_hp_gain":0,"max_hp_loss":0,"event_name":"Knowing Skull","floor":20,"potions_obtained":[],"gold_loss":0,"cards_obtained":[]},{"damage_healed":0,"gold_gain":0,"player_choice":"Shed Blood","damage_taken":17,"max_hp_gain":5,"max_hp_loss":0,"event_name":"Forgotten Altar","floor":22,"gold_loss":0},{"damage_healed":0,"gold_gain":0,"player_choice":"Obtained Book","damage_taken":16,"max_hp_gain":0,"max_hp_loss":0,"event_name":"Cursed Tome","floor":27,"gold_loss":0}],"is_beta":false,"boss_relics":[{"not_picked":["Nuclear Battery","Runic Dome"],"picked":"White Beast Statue"}],"items_purged_floors":[7,12,21,24],"is_endless":false,"potions_floor_spawned":[4,10,13,18,19],"killed_by":"Book of Stabbing","ascension_level":0}