{"gold_per_floor":[211,16,36,36,50,50,65,65,89,99,132,151,151,215,215,310,310,325,325,335,348,5,5,25,25,25,55,55,55,55,84,84,180,180,199,209,209,226,240,240,251,265,314,314,314,333,333,56,56,56],"floor_reached":50,"playtime":5556,"items_purged":["Parasite"],"score":582,"play_id":"5480935c-ad6f-4ce5-aeaa-7139f88c6064","local_time":"20181126180259","is_ascension_mode":true,"campfire_choices":[{"data":"Inflame","floor":6.0,"key":"SMITH"},{"data":"Iron Wave","floor":8.0,"key":"SMITH"},{"floor":15.0,"key":"REST"},{"data":"Limit Break","floor":23.0,"key":"SMITH"},{"floor":25.0,"key":"REST"},{"data":"Flex","floor":29.0,"key":"SMITH"},{"data":"Armaments","floor":30.0,"key":"SMITH"},{"floor":32.0,"key":"REST"},{"floor":40.0,"key":"REST"},{"floor":45.0,"key":"REST"},{"floor":49.0,"key":"REST"}],"neow_cost":"NONE","seed_source_timestamp":0,"circlet_count":0,"master_deck":["Strike_R","Strike_R","Strike_R","Strike_R","Strike_R","Defend_R","Defend_R","Defend_R","Defend_R","Bash","Thunderclap","Inflame+1","Bludgeon+1","Disarm+1","Iron Wave+1","Disarm","Disarm+1","Bludgeon","Shrug It Off","Iron Wave","Immolate","Perfected Strike","RitualDagger","Flame Barrier","Flex+1","Limit Break+1","Armaments+1","Disarm","Havoc+1","Impervious","Perfected Strike","Whirlwind+1","Secret Weapon","Violence","Inflame+1","Twin Strike+1","Heavy Blade","Perfected Strike+1","Limit Break"],"special_seed":0,"relics":["Burning Blood","Oddly Smooth Stone","War Paint","Anchor","Mark of Pain","Strange Spoon","WingedGreaves","Champion Belt","Potion Belt","Philosopher\u0027s Stone","Art of War","GremlinMask","Toolbox"],"potions_floor_usage":[50],"damage_taken":[{"damage":11.0,"enemies":"2 Louse","floor":1.0,"turns":3.0},{"damage":1.0,"enemies":"Cultist","floor":3.0,"turns":3.0},{"damage":7.0,"enemies":"Jaw Worm","floor":5.0,"turns":3.0},{"damage":4.0,"enemies":"Large Slime","floor":7.0,"turns":5.0},{"damage":11.0,"enemies":"Looter","floor":10.0,"turns":2.0},{"damage":23.0,"enemies":"Lagavulin","floor":11.0,"turns":6.0},{"damage":2.0,"enemies":"Exordium Wildlife","floor":12.0,"turns":3.0},{"damage":17.0,"enemies":"Gremlin Nob","floor":14.0,"turns":4.0},{"damage":29.0,"enemies":"Hexaghost","floor":16.0,"turns":10.0},{"damage":10.0,"enemies":"Shell Parasite","floor":18.0,"turns":3.0},{"damage":22.0,"enemies":"3 Byrds","floor":20.0,"turns":5.0},{"damage":3.0,"enemies":"Centurion and Healer","floor":21.0,"turns":6.0},{"damage":14.0,"enemies":"Sentry and Sphere","floor":24.0,"turns":5.0},{"damage":12.0,"enemies":"Book of Stabbing","floor":27.0,"turns":5.0},{"damage":22.0,"enemies":"Slavers","floor":31.0,"turns":5.0},{"damage":56.0,"enemies":"Automaton","floor":33.0,"turns":10.0},{"damage":21.0,"enemies":"3 Darklings","floor":35.0,"turns":6.0},{"damage":21.0,"enemies":"Orb Walker","floor":36.0,"turns":4.0},{"damage":2.0,"enemies":"Jaw Worm Horde","floor":38.0,"turns":4.0},{"damage":29.0,"enemies":"Sphere and 2 Shapes","floor":39.0,"turns":4.0},{"damage":25.0,"enemies":"Maw","floor":41.0,"turns":7.0},{"damage":11.0,"enemies":"Writhing Mass","floor":42.0,"turns":4.0},{"damage":12.0,"enemies":"Sphere and 2 Shapes","floor":46.0,"turns":3.0},{"damage":116,"enemies":"Donu and Deca","floor":50,"turns":7}],"seed_played":"6712371596451569362","potions_obtained":[{"floor":5.0,"key":"FairyPotion"},{"floor":10.0,"key":"Weak Potion"},{"floor":14.0,"key":"Ancient Potion"},{"floor":16.0,"key":"Poison Potion"},{"floor":20.0,"key":"PowerPotion"},{"floor":21.0,"key":"Fire Potion"},{"floor":24.0,"key":"AttackPotion"},{"floor":33.0,"key":"EssenceOfSteel"},{"floor":35.0,"key":"Poison Potion"},{"floor":36.0,"key":"Fruit Juice"},{"floor":41.0,"key":"Fire Potion"},{"floor":46.0,"key":"Regen Potion"}],"is_trial":false,"path_per_floor":["M","$","M","?","M","R","M","R","T","M","E","M","?","?","R","B",null,"M","?","M","M","$","R","M","R","T","E","?","R","R","E","R","B",null,"M","M","?","M","M","R","M","M","T","?","R","M","?","$","R","B"],"character_chosen":"IRONCLAD","items_purchased":["Inflame","Bludgeon","Strange Spoon","Limit Break","Toolbox"],"campfire_rested":6,"item_purchase_floors":[2,2,22,22,48],"current_hp_per_floor":[75,75,80,80,79,79,80,80,80,75,58,62,55,44,68,45,80,76,70,54,57,57,57,49,73,73,67,67,67,67,51,75,25,80,65,50,45,54,31,56,37,32,32,32,57,51,51,51,74,0],"gold":56,"neow_bonus":"HUNDRED_GOLD","is_prod":false,"is_daily":false,"chose_seed":false,"campfire_upgraded":5,"win_rate":0,"timestamp":1543273379,"path_taken":["M","$","M","?","M","R","M","R","T","M","E","?","?","?","R","BOSS","M","?","M","M","$","R","M","R","T","E","?","R","R","E","R","BOSS","M","M","?","M","M","R","M","M","T","?","R","?","?","$","R","BOSS"],"build_version":"2018-11-15","purchased_purges":1,"victory":false,"max_hp_per_floor":[80,80,80,80,80,80,80,80,80,80,80,80,80,80,80,80,80,80,80,80,80,80,80,80,80,80,80,80,80,80,80,80,80,80,80,80,80,85,85,85,85,85,85,85,85,85,81,78,78,78],"card_choices":[{"not_picked":["Reckless Charge","Clothesline"],"picked":"Thunderclap","floor":1.0},{"not_picked":["Shrug It Off","Pommel Strike"],"picked":"Disarm","floor":3.0},{"not_picked":["Sword Boomerang","Reckless Charge"],"picked":"Iron Wave","floor":5.0},{"not_picked":["Heavy Blade","Uppercut"],"picked":"Disarm","floor":7.0},{"not_picked":["True Grit","Anger"],"picked":"Disarm","floor":10.0},{"not_picked":["Bloodletting","Thunderclap"],"picked":"Bludgeon","floor":11.0},{"not_picked":["Clash","Fire Breathing"],"picked":"Shrug It Off","floor":12.0},{"not_picked":["Seeing Red","Battle Trance"],"picked":"Iron Wave","floor":14.0},{"not_picked":["Demon Form","Feed"],"picked":"Immolate","floor":16.0},{"not_picked":["True Grit","Warcry+1"],"picked":"Perfected Strike","floor":18.0},{"not_picked":["Havoc","Thunderclap+1"],"picked":"Flame Barrier","floor":20.0},{"not_picked":["Second Wind","Armaments"],"picked":"Flex","floor":21.0},{"not_picked":["Sever Soul","Uppercut"],"picked":"Armaments","floor":24.0},{"not_picked":["Ghostly Armor","Immolate"],"picked":"Disarm","floor":27.0},{"not_picked":["Hemokinesis","Flex"],"picked":"Havoc+1","floor":31.0},{"not_picked":["Bludgeon","Feed"],"picked":"Impervious","floor":33.0},{"not_picked":["Anger+1","True Grit"],"picked":"Perfected Strike","floor":35.0},{"not_picked":["Iron Wave","Clothesline"],"picked":"Whirlwind+1","floor":36.0},{"not_picked":["Trip","Dramatic Entrance"],"picked":"Secret Weapon","floor":37.0},{"not_picked":["Transmutation","Flash of Steel"],"picked":"Violence","floor":37.0},{"not_picked":["Armaments","Second Wind+1"],"picked":"Inflame+1","floor":38.0},{"not_picked":["Thunderclap+1","Iron Wave"],"picked":"Twin Strike+1","floor":39.0},{"not_picked":["Clothesline","Flex+1"],"picked":"Heavy Blade","floor":41.0},{"not_picked":["Thunderclap","Metallicize+1"],"picked":"Perfected Strike+1","floor":42.0},{"not_picked":["Metallicize","Rage+1"],"picked":"Limit Break","floor":46.0}],"player_experience":372050,"relics_obtained":[{"floor":11.0,"key":"Oddly Smooth Stone"},{"floor":26.0,"key":"WingedGreaves"},{"floor":27.0,"key":"Champion Belt"},{"floor":31.0,"key":"Potion Belt"},{"floor":43.0,"key":"Art of War"}],"event_choices":[{"damage_healed":0.0,"max_hp_gain":0.0,"max_hp_loss":0.0,"gold_gain":0.0,"event_name":"Upgrade Shrine","player_choice":"Upgraded","floor":4.0,"gold_loss":0.0,"damage_taken":0.0,"cards_upgraded":["Bludgeon"]},{"damage_healed":0.0,"max_hp_gain":0.0,"max_hp_loss":0.0,"gold_gain":0.0,"event_name":"Scrap Ooze","player_choice":"Success","floor":13.0,"gold_loss":0.0,"damage_taken":7.0,"relics_obtained":["War Paint"]},{"damage_healed":0.0,"max_hp_gain":0.0,"max_hp_loss":0.0,"gold_gain":0.0,"event_name":"Dead Adventurer","player_choice":"Searched \u00272\u0027 times","floor":14.0,"gold_loss":0.0,"damage_taken":0.0,"relics_obtained":["Anchor"]},{"damage_healed":0.0,"max_hp_gain":0.0,"max_hp_loss":0.0,"gold_gain":0.0,"event_name":"Nest","player_choice":"Joined the Cult","floor":19.0,"gold_loss":0.0,"damage_taken":6.0,"cards_obtained":["RitualDagger"]},{"damage_healed":0.0,"max_hp_gain":0.0,"max_hp_loss":0.0,"gold_gain":0.0,"event_name":"Ghosts","player_choice":"Ignored","floor":28.0,"gold_loss":0.0,"damage_taken":0.0},{"damage_healed":0.0,"max_hp_gain":0.0,"max_hp_loss":0.0,"gold_gain":0.0,"event_name":"SensoryStone","player_choice":"Memory 2","floor":37.0,"gold_loss":0.0,"damage_taken":5.0},{"damage_healed":0.0,"max_hp_gain":0.0,"max_hp_loss":0.0,"gold_gain":0.0,"event_name":"FaceTrader","player_choice":"Trade","floor":44.0,"gold_loss":0.0,"damage_taken":0.0,"relics_obtained":["GremlinMask"]},{"damage_healed":0.0,"max_hp_gain":0.0,"max_hp_loss":4.0,"gold_gain":0.0,"event_name":"Winding Halls","player_choice":"Max HP","floor":47.0,"gold_loss":0.0,"damage_taken":0.0}],"is_beta":false,"boss_relics":[{"not_picked":["Astrolabe","Black Star"],"picked":"Mark of Pain"},{"not_picked":["Runic Dome","Velvet Choker"],"picked":"Philosopher\u0027s Stone"}],"items_purged_floors":[48],"is_endless":false,"potions_floor_spawned":[5,10,14,16,20,21,24,33,35,36,41,46],"killed_by":"Donu and Deca","ascension_level":2}