{"gold_per_floor":[118,68,87,87,99,131,149,149,194,210,210,63,63,79,79,181,181,199,52,72,72,72,72,101,113,199,211,258,270,300,323,335,451,463,486,598,610,112,112,112,141,141,141,161,161,161,161],"floor_reached":47,"playtime":2142,"items_purged":["Defend_R","Writhe"],"score":771,"play_id":"6516981d-0b72-4aad-a302-1ce7b0a6c996","local_time":"20190724135044","is_ascension_mode":true,"campfire_choices":[{"data":"Heavy Blade","floor":8,"key":"SMITH"},{"data":"Double Tap","floor":13,"key":"SMITH"},{"floor":15,"key":"REST"},{"floor":23,"key":"REST"},{"data":"Limit Break","floor":27,"key":"SMITH"},{"floor":29,"key":"REST"},{"floor":32,"key":"REST"},{"floor":40,"key":"REST"},{"floor":42,"key":"REST"},{"floor":45,"key":"REST"}],"neow_cost":"NONE","seed_source_timestamp":5080993729111,"circlet_count":0,"master_deck":["AscendersBane","Strike_R","Strike_R","Strike_R","Strike_R","Defend_R","Defend_R","Cleave","Shrug It Off","Flex+1","Heavy Blade+1","Double Tap+1","Flex","Battle Trance","Limit Break+1","Spot Weakness","Armaments","Limit Break","Pain","Writhe","Shrug It Off+1","Heavy Blade+1"],"relics":["Burning Blood","Pear","Oddly Smooth Stone","Regal Pillow","Sozu","MawBank","Self Forming Clay","Orichalcum","Calling Bell","Bag of Marbles","Frozen Egg 2","Champion Belt","Gambling Chip","Sundial","Anchor","Dodecahedron","Mercury Hourglass"],"potions_floor_usage":[16,16,16,24],"damage_taken":[{"damage":2,"enemies":"Jaw Worm","floor":1,"turns":3},{"damage":7,"enemies":"Small Slimes","floor":3,"turns":4},{"damage":1,"enemies":"Cultist","floor":5,"turns":3},{"damage":35,"enemies":"3 Sentries","floor":6,"turns":6},{"damage":8,"enemies":"Blue Slaver","floor":7,"turns":3},{"damage":14,"enemies":"Gremlin Gang","floor":10,"turns":3},{"damage":6,"enemies":"Large Slime","floor":14,"turns":3},{"damage":61,"enemies":"Hexaghost","floor":16,"turns":9},{"damage":30,"enemies":"2 Thieves","floor":18,"turns":4},{"damage":19,"enemies":"3 Byrds","floor":20,"turns":5},{"damage":48,"enemies":"Slavers","floor":24,"turns":5},{"damage":29,"enemies":"Book of Stabbing","floor":28,"turns":4},{"damage":14,"enemies":"Snake Plant","floor":30,"turns":3},{"damage":4,"enemies":"Snecko","floor":31,"turns":3},{"damage":64,"enemies":"Champ","floor":33,"turns":8},{"damage":33,"enemies":"3 Darklings","floor":35,"turns":5},{"damage":20,"enemies":"Mind Bloom Boss Battle","floor":36,"turns":5},{"damage":69,"enemies":"Giant Head","floor":41,"turns":7},{"damage":5,"enemies":"Orb Walker","floor":44,"turns":2},{"damage":96,"enemies":"Nemesis","floor":47,"turns":8}],"seed_played":"1872611242813080221","potions_obtained":[{"floor":5,"key":"Swift Potion"},{"floor":7,"key":"Strength Potion"},{"floor":10,"key":"GamblersBrew"},{"floor":16,"key":"PowerPotion"}],"is_trial":false,"path_per_floor":["M","?","M","?","M","E","M","R","T","M","?","$","R","M","R","B",null,"M","$","M","$","?","R","E","?","T","R","E","R","M","M","R","B",null,"M","?","?","$","?","R","E","R","T","M","R","?","E"],"character_chosen":"IRONCLAD","items_purchased":["Regal Pillow","Spot Weakness","Sundial","Anchor"],"campfire_rested":7,"item_purchase_floors":[12,19,38,38],"current_hp_per_floor":[76,76,75,75,80,61,59,59,59,51,51,51,51,51,90,35,76,52,52,39,39,39,81,39,39,39,39,16,58,50,52,90,32,76,49,35,35,35,35,77,14,56,56,57,90,90,0],"gold":161,"neow_bonus":"THREE_CARDS","is_prod":false,"is_daily":false,"chose_seed":false,"campfire_upgraded":3,"win_rate":0,"timestamp":1563990644,"path_taken":["M","?","M","?","M","E","M","R","T","?","?","$","R","M","R","BOSS","M","$","?","$","?","R","E","?","T","R","E","R","?","M","R","BOSS","M","?","?","$","?","R","E","R","T","?","R","?","E"],"build_version":"2019-07-17","purchased_purges":2,"victory":false,"max_hp_per_floor":[80,80,80,80,80,90,90,90,90,90,90,90,90,90,90,90,90,90,90,90,90,90,90,90,90,90,90,90,90,90,90,90,90,90,90,90,90,90,90,90,90,90,90,90,90,90,90],"card_choices":[{"not_picked":["Havoc","Burning Pact"],"picked":"Cleave","floor":0},{"not_picked":["Infernal Blade","Corruption"],"picked":"Shrug It Off","floor":1},{"not_picked":["Shockwave","Perfected Strike"],"picked":"Flex","floor":3},{"not_picked":["Iron Wave","Headbutt"],"picked":"Heavy Blade","floor":5},{"not_picked":["Searing Blow","Heavy Blade"],"picked":"Double Tap","floor":6},{"not_picked":["Headbutt","Clothesline"],"picked":"Flex","floor":7},{"not_picked":["Sword Boomerang","Anger","Sentinel"],"picked":"SKIP","floor":10},{"not_picked":["Havoc","Blood for Blood","Body Slam"],"picked":"SKIP","floor":14},{"not_picked":["Impervious","Bludgeon"],"picked":"Limit Break","floor":16},{"not_picked":["Rupture","Second Wind","Twin Strike+1"],"picked":"SKIP","floor":18},{"not_picked":["Iron Wave","Anger","Burning Pact"],"picked":"SKIP","floor":20},{"not_picked":["Warcry","Body Slam"],"picked":"Armaments","floor":24},{"not_picked":["Feel No Pain","Rupture","Iron Wave+1"],"picked":"SKIP","floor":28},{"not_picked":["Anger","Power Through","Cleave"],"picked":"SKIP","floor":30},{"not_picked":["Armaments","Entrench","Flex"],"picked":"SKIP","floor":31},{"not_picked":["Immolate","Juggernaut"],"picked":"Limit Break","floor":33},{"not_picked":["Power Through+1","Disarm"],"picked":"Shrug It Off+1","floor":35},{"not_picked":["Second Wind+1","Brutality+1","Body Slam+1"],"picked":"SKIP","floor":41},{"not_picked":["Cleave+1","Combust+1"],"picked":"Heavy Blade+1","floor":44}],"player_experience":1103735,"relics_obtained":[{"floor":6,"key":"Pear"},{"floor":9,"key":"Oddly Smooth Stone"},{"floor":24,"key":"MawBank"},{"floor":26,"key":"Self Forming Clay"},{"floor":28,"key":"Orichalcum"},{"floor":34,"key":"Bag of Marbles"},{"floor":34,"key":"Frozen Egg 2"},{"floor":34,"key":"Champion Belt"},{"floor":36,"key":"Gambling Chip"},{"floor":41,"key":"Dodecahedron"},{"floor":43,"key":"Mercury Hourglass"}],"event_choices":[{"cards_removed":["Bash"],"damage_healed":0,"gold_gain":0,"player_choice":"Card Removal","damage_taken":0,"max_hp_gain":0,"max_hp_loss":0,"event_name":"The Cleric","floor":2,"gold_loss":50},{"damage_healed":0,"gold_gain":0,"player_choice":"Upgraded","damage_taken":0,"max_hp_gain":0,"max_hp_loss":0,"event_name":"Upgrade Shrine","floor":4,"gold_loss":0,"cards_upgraded":["Flex"]},{"damage_healed":0,"gold_gain":0,"cards_transformed":["Strike_R"],"player_choice":"Transformed","damage_taken":0,"max_hp_gain":0,"max_hp_loss":0,"event_name":"Transmorgrifier","floor":11,"gold_loss":0,"cards_obtained":["Battle Trance"]},{"damage_healed":0,"gold_gain":0,"player_choice":"Read","damage_taken":0,"max_hp_gain":0,"max_hp_loss":0,"event_name":"The Library","floor":22,"gold_loss":0,"cards_obtained":["Spot Weakness"]},{"cards_removed":["Defend_R"],"damage_healed":0,"gold_gain":0,"player_choice":"Offered Basic","damage_taken":0,"max_hp_gain":0,"max_hp_loss":0,"event_name":"Bonfire Elementals","floor":25,"gold_loss":0},{"damage_healed":0,"gold_gain":0,"player_choice":"Fight","damage_taken":0,"max_hp_gain":0,"max_hp_loss":0,"event_name":"MindBloom","floor":36,"gold_loss":0},{"damage_healed":0,"gold_gain":0,"player_choice":"Ignored","damage_taken":0,"max_hp_gain":0,"max_hp_loss":0,"event_name":"Mysterious Sphere","floor":37,"gold_loss":0},{"damage_healed":0,"gold_gain":0,"player_choice":"Ignored","damage_taken":0,"max_hp_gain":0,"max_hp_loss":0,"event_name":"Tomb of Lord Red Mask","floor":39,"gold_loss":0},{"cards_removed":["Spot Weakness"],"damage_healed":0,"gold_gain":0,"player_choice":"Removed Skill","damage_taken":0,"max_hp_gain":0,"max_hp_loss":0,"event_name":"Falling","floor":46,"gold_loss":0}],"is_beta":false,"boss_relics":[{"not_picked":["Black Blood","Empty Cage"],"picked":"Sozu"},{"not_picked":["White Beast Statue","Coffee Dripper"],"picked":"Calling Bell"}],"items_purged_floors":[19,38],"is_endless":false,"potions_floor_spawned":[5,7,10,16,18,28,30,31,33,35,36],"killed_by":"Nemesis","ascension_level":10}