{"gold_per_floor":[114,129,129,7,26,26,26,45,95,114,114,289,289,308,308,308],"floor_reached":16,"playtime":1511,"items_purged":[],"score":92,"play_id":"1b495044-3346-4ef3-b3eb-7bdd7e317954","local_time":"20180630152700","daily_mods":["Heirloom","Cursed Run","Terminal"],"is_ascension_mode":false,"campfire_choices":[{"floor":6,"key":"REST"},{"data":"Dark Shackles","floor":11,"key":"SMITH"},{"data":"Dualcast","floor":13,"key":"SMITH"},{"data":"Turbo","floor":15,"key":"SMITH"}],"neow_cost":"","seed_source_timestamp":3548732469677221,"circlet_count":0,"master_deck":["Strike_B","Strike_B","Strike_B","Strike_B","Defend_B","Defend_B","Defend_B","Defend_B","Zap","Dualcast+1","Turbo+1","Streamline","Dark Shackles+1","Force Field","Streamline","Stack","Normality","Loop","Doubt","Echo Form"],"special_seed":17712,"relics":["Cursed Key","Darkstone Periapt","Du-Vu Doll","Torii","Golden Idol","Dream Catcher"],"potions_floor_usage":[16,16,16],"damage_taken":[{"damage":0,"enemies":"Cultist","floor":1,"turns":3},{"damage":0,"enemies":"2 Louse","floor":2,"turns":2},{"damage":0,"enemies":"Jaw Worm","floor":5,"turns":3},{"damage":2,"enemies":"Lots of Slimes","floor":8,"turns":6},{"damage":0,"enemies":"Red Slaver","floor":10,"turns":2},{"damage":10,"enemies":"Gremlin Gang","floor":14,"turns":5},{"damage":43,"enemies":"The Guardian","floor":16,"turns":9}],"seed_played":"4715386176122941123","potions_obtained":[{"floor":2,"key":"GamblersBrew"},{"floor":8,"key":"FocusPotion"},{"floor":10,"key":"SkillPotion"}],"is_trial":false,"path_per_floor":["M","M","?","$","M","R","$","M","T","M","R","?","R","M","R"],"character_chosen":"DEFECT","items_purchased":["Dark Shackles","Force Field"],"campfire_rested":1,"item_purchase_floors":[4,4],"current_hp_per_floor":[73,72,54,54,54,68,67,65,71,70,69,74,73,63,63,20],"gold":308,"neow_bonus":"","is_prod":false,"is_daily":true,"chose_seed":false,"campfire_upgraded":3,"win_rate":0.0,"timestamp":1530340020,"path_taken":["M","M","?","$","?","R","?","?","T","M","R","?","R","M","R","BOSS"],"build_version":"2018-06-28","purchased_purges":0,"victory":false,"max_hp_per_floor":[73,72,71,70,69,68,67,66,71,70,69,74,73,72,71,71],"card_choices":[{"not_picked":["Coolheaded","Darkness"],"picked":"Turbo","floor":1},{"not_picked":["Go for the Eyes","Conserve Battery"],"picked":"Streamline","floor":2},{"not_picked":["Reinforced Body","Rip and Tear"],"picked":"Streamline","floor":5},{"not_picked":["White Noise","Hologram"],"picked":"Stack","floor":8},{"not_picked":["Leap","Aggregate"],"picked":"Loop","floor":10},{"not_picked":["Reinforced Body","Scrape"],"picked":"Echo Form","floor":14}],"player_experience":24843,"relics_obtained":[{"floor":9,"key":"Dream Catcher"}],"event_choices":[{"event_name":"Golden Idol","player_choice":"Take Damage","floor":3,"damage_taken":0},{"event_name":"Liars Game","player_choice":"agreed","floor":12,"damage_taken":0}],"boss_relics":[],"items_purged_floors":[],"is_endless":false,"potions_floor_spawned":[2,8,10],"killed_by":"The Guardian","ascension_level":0}