{"gold_per_floor":[144,174,174,174,223,223,272,321,346,38,87,87,137,186,186,511,609,658,658,707,756,756,756,854,32,107,107,107,107,1,46,46,346,346,391,466,61,61,12,12,57,57,82,56,101,146,146,146,146,146],"floor_reached":50,"playtime":3822,"items_purged":[],"score":700,"play_id":"dd234fd5-7f82-4053-bfe7-e055b9baeb54","local_time":"20180709193248","daily_mods":["Brewmaster","Cursed Run","Midas"],"is_ascension_mode":false,"campfire_choices":[{"floor":6,"key":"REST"},{"floor":12,"key":"REST"},{"floor":15,"key":"REST"},{"floor":23,"key":"REST"},{"floor":27,"key":"DIG"},{"floor":32,"key":"DIG"},{"floor":40,"key":"DIG"},{"floor":42,"key":"REST"},{"floor":47,"key":"DIG"},{"floor":49,"key":"DIG"}],"neow_cost":"","seed_source_timestamp":0,"circlet_count":0,"master_deck":["Defend_G","Defend_G","Defend_G","Defend_G+1","Defend_G","Strike_G","Strike_G","Strike_G","Strike_G","Strike_G","Survivor","Neutralize","Venomology","Venomology","Venomology","Venomology","Venomology","Leg Sweep","Injury","Flechettes","Deflect","Bane","Writhe","Apotheosis","Backflip","Flying Knee","Terror","Regret","A Thousand Cuts","Decay","Corpse Explosion","Dagger Spray","Dagger Throw","Ghostly","Ghostly","Ghostly","Ghostly","Ghostly","Malaise","PiercingWail","Deadly Poison","After Image","Panache","Deadly Poison","Expertise","Dagger Spray","Infinite Blades","Trip","Clumsy","Crippling Poison+1","Caltrops","Riddle With Holes+1","Burst+1","Well Laid Plans+1","Bane","Secret Weapon+1","Acrobatics+1","Terror+1","Dagger Spray","Madness+1","Madness+1","Dodge and Roll+1","Endless Agony+1","Poisoned Stab","Pain","Cloak And Dagger+1","Noxious Fumes+1","Predator+1","Doubt"],"special_seed":17721,"relics":["Cursed Key","Darkstone Periapt","Du-Vu Doll","White Beast Statue","Tiny Chest","Bloody Idol","Bag of Preparation","Happy Flower","Tiny House","Ice Cream","Shovel","Toxic Egg 2","Lantern","Omamori","Lizard Tail","Bottled Tornado","Dream Catcher","Centennial Puzzle","Bag of Marbles","Meat on the Bone","Sundial"],"potions_floor_usage":[1,1,5,5,5,5,7,8,8,8,8,8,8,11,11,11,14,16,16,16,16,16,16,16,16,16,18,20,20,20,20,20,21,21,21,24,24,24,24,24,24,28,33,33,33,33,33,33,33,35,35,35,41,41,45,45,45,45,46,46,50,50,50],"damage_taken":[{"damage":0,"enemies":"Small Slimes","floor":1,"turns":4},{"damage":1,"enemies":"Jaw Worm","floor":5,"turns":4},{"damage":0,"enemies":"2 Louse","floor":7,"turns":3},{"damage":15,"enemies":"Large Slime","floor":8,"turns":13},{"damage":1,"enemies":"Exordium Thugs","floor":11,"turns":4},{"damage":1,"enemies":"3 Louse","floor":14,"turns":2},{"damage":10,"enemies":"Hexaghost","floor":16,"turns":6},{"damage":1,"enemies":"2 Thieves","floor":18,"turns":2},{"damage":0,"enemies":"Spheric Guardian","floor":20,"turns":2},{"damage":10,"enemies":"Snake Plant","floor":21,"turns":5},{"damage":7,"enemies":"Slavers","floor":24,"turns":7},{"damage":0,"enemies":"Slaver and Parasite","floor":28,"turns":1},{"damage":4,"enemies":"Snecko","floor":31,"turns":4},{"damage":38,"enemies":"Champ","floor":33,"turns":10},{"damage":21,"enemies":"Orb Walker","floor":35,"turns":5},{"damage":20,"enemies":"3 Shapes","floor":41,"turns":2},{"damage":7,"enemies":"Maw","floor":45,"turns":6},{"damage":8,"enemies":"3 Darklings","floor":46,"turns":3},{"damage":63,"enemies":"Time Eater","floor":50,"turns":4}],"seed_played":"2365577451791200373","potions_obtained":[{"floor":1,"key":"FearPotion"},{"floor":5,"key":"LiquidBronze"},{"floor":8,"key":"GhostInAJar"},{"floor":11,"key":"GhostInAJar"},{"floor":16,"key":"Fire Potion"},{"floor":17,"key":"SteroidPotion"},{"floor":18,"key":"SkillPotion"},{"floor":20,"key":"FearPotion"},{"floor":21,"key":"GhostInAJar"},{"floor":24,"key":"GamblersBrew"},{"floor":31,"key":"SkillPotion"},{"floor":33,"key":"Fruit Juice"},{"floor":35,"key":"Weak Potion"},{"floor":41,"key":"Explosive Potion"},{"floor":45,"key":"Block Potion"},{"floor":46,"key":"Fire Potion"}],"is_trial":false,"path_per_floor":["M","?","?","?","M","R","M","M","T","$","M","R","T","M","R","B",null,"M","?","M","M","?","R","E","$","T","R","M","?","$","M","R","B",null,"M","T","$","?","$","R","M","R","T","$","M","M","R","T","R"],"character_chosen":"THE_SILENT","items_purchased":["Apotheosis","Backflip","Flying Knee","Panache","Deadly Poison","Expertise","Dagger Spray","Infinite Blades","Trip","Shovel","Crippling Poison+1","Caltrops","Bane","Secret Weapon+1","Acrobatics+1","Terror+1","Dagger Spray","Dodge and Roll+1","Cloak And Dagger+1"],"campfire_rested":5,"item_purchase_floors":[10,10,10,25,25,25,25,25,25,25,30,30,37,37,37,37,37,39,44],"current_hp_per_floor":[70,76,82,75,74,82,82,77,83,83,82,88,94,93,94,100,105,104,52,52,42,42,52,45,45,51,51,51,51,51,52,52,19,58,56,61,61,53,53,53,38,56,67,67,65,62,62,68,68,5],"gold":146,"neow_bonus":"","is_prod":false,"is_daily":true,"chose_seed":false,"campfire_upgraded":0,"win_rate":0.0,"timestamp":1531132368,"path_taken":["M","?","?","?","?","R","M","M","T","$","?","R","?","M","R","BOSS","M","?","?","M","?","R","E","?","T","R","M","?","$","?","R","BOSS","M","?","$","?","$","R","M","R","T","$","M","M","R","?","R","BOSS"],"build_version":"2018-07-05","purchased_purges":0,"victory":false,"max_hp_per_floor":[70,76,82,82,82,82,82,82,88,88,88,88,94,94,94,100,105,105,52,52,52,52,52,52,52,58,58,58,58,58,58,58,58,58,63,63,63,63,63,63,63,63,69,69,69,69,69,75,75,75],"card_choices":[{"not_picked":["Dagger Spray","Flying Knee"],"picked":"Leg Sweep","floor":1},{"not_picked":["Dagger Spray","Underhanded Strike"],"picked":"Flechettes","floor":5},{"not_picked":["Slice","Blur"],"picked":"Deflect","floor":7},{"not_picked":["Flying Knee","Backflip"],"picked":"Bane","floor":8},{"not_picked":["Dodge and Roll","Slice"],"picked":"Terror","floor":11},{"not_picked":["Backflip","Accuracy"],"picked":"A Thousand Cuts","floor":14},{"not_picked":["Storm of Steel","Tools of the Trade"],"picked":"Corpse Explosion","floor":16},{"not_picked":["Endless Agony","Slice"],"picked":"Dagger Spray","floor":17},{"not_picked":["Distraction","Acrobatics"],"picked":"Dagger Throw","floor":18},{"not_picked":["Skewer","Infinite Blades"],"picked":"Malaise","floor":20},{"not_picked":["Flying Knee+1","Deflect"],"picked":"PiercingWail","floor":21},{"not_picked":["Prepared","Skewer"],"picked":"After Image","floor":24},{"not_picked":["Well Laid Plans","Reflex+1"],"picked":"Riddle With Holes+1","floor":31},{"not_picked":["Tactician+1","Wraith Form v2"],"picked":"Burst+1","floor":33},{"not_picked":["Backflip+1","Predator"],"picked":"Well Laid Plans+1","floor":35},{"not_picked":["Underhanded Strike","Masterful Stab+1"],"picked":"Endless Agony+1","floor":41},{"not_picked":["Slice","Distraction+1"],"picked":"Poisoned Stab","floor":42},{"not_picked":["Outmaneuver+1","Slice+1"],"picked":"Noxious Fumes+1","floor":45},{"not_picked":["Outmaneuver+1","Bane"],"picked":"Predator+1","floor":46}],"player_experience":73125,"relics_obtained":[{"floor":9,"key":"Bag of Preparation"},{"floor":13,"key":"Happy Flower"},{"floor":24,"key":"Ice Cream"},{"floor":26,"key":"Toxic Egg 2"},{"floor":27,"key":"Lantern"},{"floor":32,"key":"Omamori"},{"floor":36,"key":"Bottled Tornado"},{"floor":40,"key":"Dream Catcher"},{"floor":43,"key":"Centennial Puzzle"},{"floor":47,"key":"Bag of Marbles"},{"floor":48,"key":"Meat on the Bone"},{"floor":49,"key":"Sundial"}],"event_choices":[{"event_name":"Big Fish","player_choice":"Box","floor":2,"damage_taken":0},{"event_name":"Golden Idol","player_choice":"Take Wound","floor":3,"damage_taken":0},{"event_name":"Golden Wing","player_choice":"Card Removal","floor":4,"damage_taken":0},{"event_name":"Ghosts","player_choice":"Became a Ghost","floor":19,"damage_taken":0},{"event_name":"The Library","player_choice":"Read","floor":22,"damage_taken":0},{"event_name":"Forgotten Altar","player_choice":"Gave Idol","floor":29,"damage_taken":0},{"event_name":"Winding Halls","player_choice":"Embrace Madness","floor":38,"damage_taken":0}],"boss_relics":[{"not_picked":["Runic Pyramid","Eternal Feather"],"picked":"Tiny House"},{"not_picked":["Snecko Eye","Fusion Hammer"],"picked":"Lizard Tail"}],"items_purged_floors":[],"is_endless":false,"potions_floor_spawned":[1,5,7,8,11,14,16,18,20,21,24,28,31,33,35,41,45,46],"killed_by":"Time Eater","ascension_level":0}