{"gold_per_floor":[109,109,109,123,123,123,134,134,161,6,33,108,127,7,7,112,112,123,141,160,174,174,174,184,184,232,247,247,264,264,282,282,282],"floor_reached":33,"playtime":3555,"items_purged":[],"score":249,"play_id":"d2771bee-aa97-40bd-907f-1bdc27c31f8d","local_time":"20190703141044","is_ascension_mode":false,"campfire_choices":[{"data":"Iron Wave","floor":6.0,"key":"SMITH"},{"data":"Bash","floor":8.0,"key":"SMITH"},{"data":"Trip","floor":15.0,"key":"SMITH"},{"data":"Cleave","floor":23,"key":"SMITH"},{"data":"Armaments","floor":28,"key":"SMITH"},{"data":"Bloodletting","floor":30,"key":"SMITH"},{"data":"Searing Blow+1","floor":32,"key":"SMITH"}],"neow_cost":"NONE","seed_source_timestamp":1163266477984800,"circlet_count":0,"master_deck":["Strike_R+1","Strike_R+1","Strike_R+1","Strike_R+1","Defend_R+1","Defend_R+1","Defend_R+1","Defend_R+1","Bash+1","Shrug It Off","Warcry","Iron Wave+1","Flex","Anger+1","Searing Blow+2","Trip+1","Shrug It Off","Impervious","Perfected Strike+1","Anger+1","Armaments+1","Sword Boomerang+1","Cleave+1","Armaments+1","Bloodletting+1","Pommel Strike+1","Flame Barrier"],"special_seed":0,"relics":["Burning Blood","Happy Flower","Blood Vial","Oddly Smooth Stone","Bronze Scales","Matryoshka","Velvet Choker","Whetstone","Strawberry"],"potions_floor_usage":[33,33,33],"damage_taken":[{"damage":1.0,"enemies":"Jaw Worm","floor":1.0,"turns":4.0},{"damage":1.0,"enemies":"Cultist","floor":4.0,"turns":4.0},{"damage":5.0,"enemies":"2 Louse","floor":7.0,"turns":3.0},{"damage":11.0,"enemies":"Gremlin Nob","floor":11.0,"turns":5.0},{"damage":0.0,"enemies":"Blue Slaver","floor":13.0,"turns":3.0},{"damage":65.0,"enemies":"Slime Boss","floor":16.0,"turns":13.0},{"damage":14.0,"enemies":"3 Byrds","floor":18.0,"turns":4.0},{"damage":1.0,"enemies":"Shell Parasite","floor":19.0,"turns":5.0},{"damage":22.0,"enemies":"Centurion and Healer","floor":20.0,"turns":6.0},{"damage":0,"enemies":"Snecko","floor":21,"turns":5},{"damage":12,"enemies":"3 Cultists","floor":24,"turns":4},{"damage":12,"enemies":"Centurion and Healer","floor":27,"turns":3},{"damage":1,"enemies":"Cultist and Chosen","floor":29,"turns":5},{"damage":3,"enemies":"Shelled Parasite and Fungi","floor":31,"turns":5},{"damage":101,"enemies":"Champ","floor":33,"turns":10}],"seed_played":"-1398376346653531413","potions_obtained":[{"floor":4.0,"key":"SpeedPotion"},{"floor":7.0,"key":"Energy Potion"},{"floor":16.0,"key":"Regen Potion"},{"floor":20,"key":"Dexterity Potion"},{"floor":21,"key":"Block Potion"},{"floor":24,"key":"Fire Potion"},{"floor":27,"key":"Fire Potion"}],"is_trial":false,"path_per_floor":["M","?","?","M","?","R","M","R","T","$","E","?","M","$","R","B",null,"M","M","M","M","?","R","M","?","T","M","R","M","R","M","R","B"],"character_chosen":"IRONCLAD","items_purchased":["Bronze Scales","Trip","Shrug It Off"],"campfire_rested":0,"item_purchase_floors":[10,14,14],"current_hp_per_floor":[80,73,73,80,85,85,85,85,85,85,80,69,77,77,77,20,85,77,84,74,82,82,82,78,78,85,81,81,88,88,92,92,0],"gold":282,"neow_bonus":"RANDOM_COMMON_RELIC","is_prod":false,"is_daily":false,"chose_seed":false,"campfire_upgraded":7,"win_rate":0.0,"timestamp":1562181044,"path_taken":["M","?","?","?","?","R","M","R","T","$","E","?","M","$","R","BOSS","M","M","M","M","?","R","M","?","T","M","R","?","R","M","R","BOSS"],"build_version":"2019-07-01","purchased_purges":0,"victory":false,"max_hp_per_floor":[80,80,80,80,85,85,85,85,85,85,85,85,85,85,85,85,85,85,85,85,85,85,85,85,85,92,92,92,92,92,92,92,92],"card_choices":[{"not_picked":["Sword Boomerang","Bloodletting"],"picked":"Shrug It Off","floor":1.0},{"not_picked":["Clash","Clothesline"],"picked":"Iron Wave","floor":4.0},{"not_picked":["Rupture","Shrug It Off"],"picked":"Flex","floor":7.0},{"not_picked":["Shrug It Off","Hemokinesis"],"picked":"Anger","floor":11.0},{"not_picked":["Power Through","Flex"],"picked":"Searing Blow","floor":13.0},{"not_picked":["Dark Embrace","Juggernaut"],"picked":"Impervious","floor":16.0},{"not_picked":["Warcry","Searing Blow"],"picked":"Perfected Strike+1","floor":18.0},{"not_picked":["Twin Strike","Spot Weakness"],"picked":"Anger+1","floor":19.0},{"not_picked":["Uppercut","True Grit+1"],"picked":"Armaments","floor":20},{"not_picked":["Twin Strike","Warcry+1"],"picked":"Sword Boomerang+1","floor":21},{"not_picked":["Heavy Blade+1","Thunderclap"],"picked":"Armaments+1","floor":24},{"not_picked":["Dropkick","Perfected Strike"],"picked":"Bloodletting","floor":27},{"not_picked":["Perfected Strike","Feed"],"picked":"Pommel Strike+1","floor":29},{"not_picked":["Cleave","Armaments"],"picked":"Flame Barrier","floor":31}],"player_experience":15345,"relics_obtained":[{"floor":9.0,"key":"Oddly Smooth Stone"},{"floor":11.0,"key":"Matryoshka"},{"floor":26,"key":"Whetstone"},{"floor":26,"key":"Strawberry"}],"event_choices":[{"damage_healed":0.0,"max_hp_gain":0.0,"max_hp_loss":0.0,"gold_gain":0.0,"event_name":"Scrap Ooze","player_choice":"Success","floor":2.0,"gold_loss":0.0,"damage_taken":7.0,"relics_obtained":["Blood Vial"]},{"damage_healed":0.0,"max_hp_gain":0.0,"max_hp_loss":0.0,"gold_gain":0.0,"cards_transformed":["Strike_R"],"event_name":"Transmorgrifier","player_choice":"Transformed","floor":3.0,"gold_loss":0.0,"damage_taken":0.0,"cards_obtained":["Warcry"]},{"damage_healed":0.0,"max_hp_gain":5.0,"max_hp_loss":0.0,"gold_gain":0.0,"event_name":"Big Fish","player_choice":"Donut","floor":5.0,"gold_loss":0.0,"damage_taken":0.0},{"damage_healed":0.0,"max_hp_gain":0.0,"max_hp_loss":0.0,"gold_gain":75.0,"event_name":"World of Goop","player_choice":"Gather Gold","floor":12.0,"gold_loss":0.0,"damage_taken":11.0},{"damage_healed":0,"gold_gain":0,"player_choice":"Read","damage_taken":0,"max_hp_gain":0,"max_hp_loss":0,"event_name":"The Library","floor":22,"gold_loss":0,"cards_obtained":["Cleave"]},{"damage_healed":0,"gold_gain":0,"player_choice":"Simplicity","damage_taken":0,"max_hp_gain":0,"max_hp_loss":0,"event_name":"Back to Basics","floor":25,"gold_loss":0,"cards_upgraded":["Strike_R","Strike_R","Strike_R","Strike_R","Defend_R","Defend_R","Defend_R","Defend_R"]}],"is_beta":false,"boss_relics":[{"not_picked":["White Beast Statue","Sozu"],"picked":"Velvet Choker"}],"items_purged_floors":[],"is_endless":false,"potions_floor_spawned":[4,7,16,20,21,24,27,29],"killed_by":"Champ","ascension_level":0}