{"gold_per_floor":[119,119,138,238,22,63,81,81,130,154,174,174],"floor_reached":12,"playtime":772,"items_purged":["Strike_B"],"score":80,"play_id":"2b3520e5-2cf9-45aa-9bf5-aa9f3e80180a","local_time":"20190803215921","is_ascension_mode":false,"campfire_choices":[{"floor":8,"key":"REST"}],"neow_cost":"NONE","seed_source_timestamp":162532725711658,"circlet_count":0,"master_deck":["Strike_B","Strike_B","Strike_B","Defend_B","Defend_B","Defend_B","Defend_B","Zap","Dualcast","Electrodynamics","Storm","Static Discharge","Defragment","Barrage","Ball Lightning","Sunder","Heatsinks","Hologram","Tempest"],"relics":["Cracked Core","Golden Idol","Centennial Puzzle","Dream Catcher"],"potions_floor_usage":[],"damage_taken":[{"damage":0,"enemies":"Cultist","floor":1,"turns":3},{"damage":7,"enemies":"2 Louse","floor":3,"turns":2},{"damage":16,"enemies":"Lagavulin","floor":6,"turns":5},{"damage":11,"enemies":"Jaw Worm","floor":7,"turns":2},{"damage":21,"enemies":"Red Slaver","floor":10,"turns":3},{"damage":13,"enemies":"Lots of Slimes","floor":11,"turns":3},{"damage":11,"enemies":"Blue Slaver","floor":12,"turns":3}],"seed_played":"-523904592684872307","potions_obtained":[{"floor":1,"key":"SmokeBomb"},{"floor":3,"key":"FearPotion"}],"is_trial":false,"path_per_floor":["M","?","M","?","$","E","M","R","T","M","M","M"],"character_chosen":"DEFECT","items_purchased":["Defragment","Barrage","Ball Lightning"],"campfire_rested":1,"item_purchase_floors":[5,5,5],"current_hp_per_floor":[75,57,50,50,50,34,23,45,45,24,11,0],"gold":174,"neow_bonus":"ONE_RANDOM_RARE_CARD","is_prod":false,"is_daily":false,"chose_seed":false,"campfire_upgraded":0,"win_rate":0,"timestamp":1564862361,"path_taken":["M","?","M","?","$","E","M","R","T","M","M","M"],"build_version":"2019-07-17","purchased_purges":1,"victory":false,"max_hp_per_floor":[75,75,75,75,75,75,75,75,75,75,75,75],"card_choices":[{"not_picked":["Beam Cell","Turbo"],"picked":"Storm","floor":1},{"not_picked":["Turbo","Beam Cell"],"picked":"Static Discharge","floor":3},{"not_picked":["Melter","Compile Driver"],"picked":"Sunder","floor":6},{"not_picked":["Redo","Coolheaded"],"picked":"Heatsinks","floor":7},{"not_picked":["Stack","Rip and Tear"],"picked":"Hologram","floor":10},{"not_picked":["Beam Cell","Sweeping Beam"],"picked":"Tempest","floor":11}],"player_experience":80013,"relics_obtained":[{"floor":6,"key":"Centennial Puzzle"},{"floor":9,"key":"Dream Catcher"}],"event_choices":[{"damage_healed":0,"gold_gain":0,"player_choice":"Take Damage","damage_taken":18,"relics_obtained":["Golden Idol"],"max_hp_gain":0,"max_hp_loss":0,"event_name":"Golden Idol","floor":2,"gold_loss":0},{"damage_healed":0,"gold_gain":100,"player_choice":"Gold","damage_taken":0,"max_hp_gain":0,"max_hp_loss":0,"event_name":"Wheel of Change","floor":4,"gold_loss":0}],"is_beta":false,"boss_relics":[],"items_purged_floors":[5],"is_endless":false,"potions_floor_spawned":[1,3],"killed_by":"Blue Slaver","ascension_level":0}