{"gold_per_floor":[114,114,114,131,14,46,66,66,66,66,78,103,28,39,39,117,117,137,53,72,90,15,15,50,50,76,90,9,19,19,47,47,124,124,138,138,238,54,70,126,126,161,238,238,273,288,298,309,309,309,309,309,309,46,81,81],"floor_reached":57,"playtime":3098,"items_purged":["Strike_B","Strike_B","Defend_B"],"score":2905,"play_id":"9c02538a-312e-44e9-a85c-95dfe2fbd2be","local_time":"20190604040808","is_ascension_mode":true,"campfire_choices":[{"data":"Chaos","floor":8.0,"key":"SMITH"},{"data":"Zap","floor":10.0,"key":"SMITH"},{"data":"Sunder","floor":15.0,"key":"SMITH"},{"data":"Defragment","floor":23.0,"key":"SMITH"},{"data":"Heatsinks","floor":25.0,"key":"SMITH"},{"data":"Redo","floor":32.0,"key":"SMITH"},{"data":"Coolheaded","floor":41.0,"key":"SMITH"},{"data":"Turbo","floor":44.0,"key":"SMITH"},{"floor":49.0,"key":"RECALL"},{"data":"Skim","floor":53.0,"key":"SMITH"}],"neow_cost":"NONE","seed_source_timestamp":129307373757031,"circlet_count":0,"master_deck":["AscendersBane","Defend_B","Defend_B","Defend_B","Zap+1","Dualcast","Capacitor","Glacier","Sunder+1","Chaos+1","White Noise","Glacier","Self Repair","Seek","Defragment+1","Darkness+1","Defragment","Heatsinks+1","Loop+1","Reinforced Body+1","Defragment","Redo+1","White Noise+1","Echo Form","Turbo+1","Coolheaded+1","Skim+1","Fusion+1","Recycle+1","Go for the Eyes+1","Defragment","Defragment","Glacier","Compile Driver","Skim","Aggregate"],"special_seed":0,"relics":["Cracked Core","NeowsBlessing","Kunai","Letter Opener","Bottled Flame","Nuclear Battery","Strawberry","Centennial Puzzle","Prayer Wheel","Runic Pyramid","Turnip","Tiny Chest","Shuriken","Torii","Lantern"],"potions_floor_usage":[55,56,56,56],"damage_taken":[{"damage":0.0,"enemies":"Small Slimes","floor":1.0,"turns":1.0},{"damage":0.0,"enemies":"Jaw Worm","floor":4.0,"turns":1.0},{"damage":0.0,"enemies":"Lagavulin","floor":6.0,"turns":1.0},{"damage":0.0,"enemies":"Cultist","floor":7.0,"turns":2.0},{"damage":0.0,"enemies":"Red Slaver","floor":11.0,"turns":4.0},{"damage":19.0,"enemies":"Gremlin Nob","floor":12.0,"turns":4.0},{"damage":0.0,"enemies":"Lots of Slimes","floor":14.0,"turns":2.0},{"damage":27.0,"enemies":"Hexaghost","floor":16.0,"turns":9.0},{"damage":0.0,"enemies":"3 Byrds","floor":18.0,"turns":5.0},{"damage":18.0,"enemies":"Shell Parasite","floor":20.0,"turns":6.0},{"damage":13.0,"enemies":"Snake Plant","floor":21.0,"turns":4.0},{"damage":26.0,"enemies":"Slavers","floor":24.0,"turns":6.0},{"damage":0.0,"enemies":"Snecko","floor":27.0,"turns":6.0},{"damage":3.0,"enemies":"Centurion and Healer","floor":29.0,"turns":7.0},{"damage":23.0,"enemies":"Gremlin Leader","floor":31.0,"turns":7.0},{"damage":6.0,"enemies":"Champ","floor":33.0,"turns":11.0},{"damage":18.0,"enemies":"3 Shapes","floor":35.0,"turns":4.0},{"damage":0.0,"enemies":"Mind Bloom Boss Battle","floor":37.0,"turns":7.0},{"damage":2.0,"enemies":"Orb Walker","floor":39.0,"turns":5.0},{"damage":13.0,"enemies":"Giant Head","floor":40.0,"turns":8.0},{"damage":13.0,"enemies":"Nemesis","floor":42.0,"turns":5.0},{"damage":6.0,"enemies":"Reptomancer","floor":45.0,"turns":4.0},{"damage":0.0,"enemies":"Spire Growth","floor":46.0,"turns":4.0},{"damage":8.0,"enemies":"Sphere and 2 Shapes","floor":47.0,"turns":5.0},{"damage":0.0,"enemies":"Maw","floor":48.0,"turns":5.0},{"damage":13.0,"enemies":"Donu and Deca","floor":50.0,"turns":9.0},{"damage":39.0,"enemies":"Time Eater","floor":51.0,"turns":12.0},{"damage":24,"enemies":"Shield and Spear","floor":55,"turns":7},{"damage":18,"enemies":"The Heart","floor":56,"turns":10}],"seed_played":"-1904311470737114314","potions_obtained":[{"floor":1.0,"key":"LiquidBronze"},{"floor":7.0,"key":"Swift Potion"},{"floor":12.0,"key":"Ancient Potion"},{"floor":18.0,"key":"Fire Potion"},{"floor":27.0,"key":"SpeedPotion"},{"floor":37.0,"key":"Weak Potion"},{"floor":39.0,"key":"SkillPotion"},{"floor":46.0,"key":"EntropicBrew"},{"floor":55,"key":"Energy Potion"}],"is_trial":false,"path_per_floor":["M","?","?","M","$","E","M","R","T","R","M","E","$","M","R","B",null,"M","$","M","M","$","R","E","R","T","M","$","M","?","E","R","B",null,"M","?","?","$","M","E","R","E","T","R","E","M","M","M","R","B","B",null,"R","$","E","B",null],"character_chosen":"DEFECT","items_purchased":["Sunder","Chaos","Defragment","Heatsinks","Defragment","Skim","Skim","Swift Potion"],"campfire_rested":0,"item_purchase_floors":[5,5,19,22,28,38,54,54],"current_hp_per_floor":[64,57,57,57,57,57,57,57,57,57,57,45,45,45,45,25,60,60,60,49,43,43,43,31,31,31,38,38,42,31,15,15,16,63,59,59,66,66,71,72,72,73,73,73,78,78,78,78,78,72,47,70,70,70,53,42],"gold":81,"neow_bonus":"THREE_ENEMY_KILL","is_prod":false,"is_daily":false,"chose_seed":false,"campfire_upgraded":9,"win_rate":0,"timestamp":1559592488,"path_taken":["M","?","?","?","$","E","M","R","T","R","M","E","$","M","R","BOSS","M","?","M","M","$","R","E","R","T","?","$","M","?","E","R","BOSS","M","?","?","?","M","E","R","E","T","R","E","M","?","?","R","BOSS","BOSS","R","$","E","BOSS"],"build_version":"2019-01-23","purchased_purges":3,"victory":true,"max_hp_per_floor":[71,71,71,71,71,71,71,71,71,71,71,71,71,71,71,71,71,71,71,71,71,71,71,78,78,78,78,78,78,78,78,78,78,78,78,78,78,78,78,78,78,78,78,78,78,78,78,78,78,78,78,78,78,78,78,78],"card_choices":[{"not_picked":["Hello World","Sweeping Beam"],"picked":"Capacitor","floor":1.0},{"not_picked":["Steam Power","Streamline"],"picked":"Glacier","floor":4.0},{"not_picked":["Hello World","Steam"],"picked":"White Noise","floor":6.0},{"not_picked":["Glacier","Doom and Gloom","Aggregate"],"picked":"SKIP","floor":7.0},{"not_picked":["Doom and Gloom","Aggregate"],"picked":"Glacier","floor":7.0},{"not_picked":["Capacitor","Conserve Battery"],"picked":"Self Repair","floor":11.0},{"not_picked":["Rip and Tear","Stack","Leap"],"picked":"SKIP","floor":14.0},{"not_picked":["Multi-Cast","Creative AI"],"picked":"Seek","floor":16.0},{"not_picked":["Sweeping Beam+1","Sunder","Compile Driver"],"picked":"SKIP","floor":18.0},{"not_picked":["Tempest","Force Field"],"picked":"Darkness+1","floor":20.0},{"not_picked":["Streamline","Hologram"],"picked":"Defragment","floor":21.0},{"not_picked":["Chaos+1","Sweeping Beam"],"picked":"Loop+1","floor":24.0},{"not_picked":["Sweeping Beam","Reboot"],"picked":"Reinforced Body+1","floor":27.0},{"not_picked":["Conserve Battery","Stack"],"picked":"Redo","floor":29.0},{"not_picked":["Capacitor","Gash"],"picked":"White Noise+1","floor":31.0},{"not_picked":["Rainbow","Reboot"],"picked":"Echo Form","floor":33.0},{"not_picked":["Reprogram+1","Beam Cell"],"picked":"Turbo","floor":35.0},{"not_picked":["Undo+1","Rip and Tear+1","Leap"],"picked":"SKIP","floor":35.0},{"not_picked":["Genetic Algorithm","Stack+1"],"picked":"Coolheaded","floor":37.0},{"not_picked":["Sweeping Beam","Melter"],"picked":"Fusion+1","floor":39.0},{"not_picked":["Rebound+1","Coolheaded","Compile Driver+1"],"picked":"SKIP","floor":39.0},{"not_picked":["Hologram","Rebound"],"picked":"Recycle+1","floor":40.0},{"not_picked":["Storm","Conserve Battery+1","Melter+1"],"picked":"SKIP","floor":42.0},{"not_picked":["Barrage","Glacier+1"],"picked":"Go for the Eyes+1","floor":45.0},{"not_picked":["Stack+1","Aggregate"],"picked":"Defragment","floor":46.0},{"not_picked":["Ball Lightning+1","Hello World"],"picked":"Defragment","floor":46.0},{"not_picked":["Steam","Barrage"],"picked":"Glacier","floor":47.0},{"not_picked":["Lockon","Reprogram","Cold Snap"],"picked":"SKIP","floor":47.0},{"not_picked":["Reprogram","Barrage"],"picked":"Compile Driver","floor":48.0},{"not_picked":["Ball Lightning","Hyperbeam","Leap"],"picked":"SKIP","floor":48.0},{"not_picked":["Coolheaded","Reprogram"],"picked":"Aggregate","floor":55}],"player_experience":1863890,"relics_obtained":[{"floor":6.0,"key":"Kunai"},{"floor":9.0,"key":"Letter Opener"},{"floor":12.0,"key":"Bottled Flame"},{"floor":24.0,"key":"Strawberry"},{"floor":26.0,"key":"Centennial Puzzle"},{"floor":31.0,"key":"Prayer Wheel"},{"floor":37.0,"key":"Turnip"},{"floor":40.0,"key":"Tiny Chest"},{"floor":42.0,"key":"Shuriken"},{"floor":45.0,"key":"Torii"},{"floor":55,"key":"Lantern"}],"event_choices":[{"cards_removed":["Strike_B"],"damage_healed":0.0,"max_hp_gain":0.0,"max_hp_loss":0.0,"gold_gain":0.0,"event_name":"Golden Wing","player_choice":"Card Removal","floor":2.0,"gold_loss":0.0,"damage_taken":7.0},{"cards_removed":["Strike_B"],"damage_healed":0.0,"max_hp_gain":0.0,"max_hp_loss":0.0,"gold_gain":0.0,"event_name":"Purifier","player_choice":"Purged","floor":3.0,"gold_loss":0.0,"damage_taken":0.0},{"damage_healed":0.0,"max_hp_gain":0.0,"max_hp_loss":0.0,"gold_gain":0.0,"event_name":"Wheel of Change","player_choice":"Damaged","floor":30.0,"gold_loss":0.0,"damage_taken":11.0},{"damage_healed":0.0,"max_hp_gain":0.0,"max_hp_loss":0.0,"gold_gain":0.0,"event_name":"SensoryStone","player_choice":"Memory 1","floor":36.0,"gold_loss":0.0,"damage_taken":0.0},{"damage_healed":0.0,"max_hp_gain":0.0,"max_hp_loss":0.0,"gold_gain":0.0,"event_name":"MindBloom","player_choice":"Fight","floor":37.0,"gold_loss":0.0,"damage_taken":0.0}],"is_beta":false,"boss_relics":[{"not_picked":["Busted Crown","Cursed Key"],"picked":"Nuclear Battery"},{"not_picked":["FrozenCore","Orrery"],"picked":"Runic Pyramid"}],"items_purged_floors":[13,38,54],"is_endless":false,"potions_floor_spawned":[1,7,12,14,18,27,31,37,39,40,46,55],"ascension_level":20}