{"gold_per_floor":[111,111,286,114,114,141,157,157,157,172,172,190,190,265,265,370,370,353,353,353,367,124,152,169,169,195,214,214,233,233,21,21,124,124,139,191,41,51,70,70],"floor_reached":40,"playtime":4840,"items_purged":["Strike_R","Defend_R","Strike_R","Strike_R"],"score":404,"play_id":"4dfb9a24-5aad-41f0-a9f9-fa15abd68c1b","local_time":"20190803161514","is_ascension_mode":false,"campfire_choices":[{"data":"Entrench","floor":8,"key":"SMITH"},{"data":"Burning Pact","floor":11,"key":"SMITH"},{"data":"Armaments","floor":13,"key":"SMITH"},{"floor":15,"key":"REST"},{"floor":25,"key":"REST"},{"floor":28,"key":"REST"},{"data":"Anger","floor":32,"key":"SMITH"}],"neow_cost":"NONE","seed_source_timestamp":137813432868298,"circlet_count":0,"master_deck":["Strike_R","Strike_R","Defend_R","Bash","Iron Wave","Metallicize","Doubt","True Grit","Seeing Red","Inflame","Entrench+1","Burning Pact+1","Armaments+1","Reaper","Infernal Blade","Inflame","Offering","Feel No Pain","Juggernaut","Anger+1","RitualDagger","Flash of Steel","Impervious","Corruption+1","Inflame+1","True Grit+1"],"relics":["Burning Blood","Mercury Hourglass","Self Forming Clay","Ginger","Sozu","Champion Belt","Red Skull","Empty Cage","Nunchaku"],"potions_floor_usage":[40],"damage_taken":[{"damage":6,"enemies":"Jaw Worm","floor":1,"turns":3},{"damage":33,"enemies":"3 Sentries","floor":6,"turns":16},{"damage":3,"enemies":"2 Louse","floor":7,"turns":3},{"damage":0,"enemies":"Cultist","floor":10,"turns":4},{"damage":13,"enemies":"Exordium Wildlife","floor":12,"turns":6},{"damage":42,"enemies":"The Guardian","floor":16,"turns":18},{"damage":14,"enemies":"2 Thieves","floor":18,"turns":4},{"damage":11,"enemies":"Chosen","floor":21,"turns":6},{"damage":43,"enemies":"Book of Stabbing","floor":23,"turns":8},{"damage":27,"enemies":"Shelled Parasite and Fungi","floor":24,"turns":7},{"damage":14,"enemies":"3 Cultists","floor":27,"turns":4},{"damage":24,"enemies":"Snake Plant","floor":29,"turns":4},{"damage":65,"enemies":"Automaton","floor":33,"turns":10},{"damage":32,"enemies":"3 Shapes","floor":35,"turns":4},{"damage":64,"enemies":"2 Orb Walkers","floor":36,"turns":5},{"damage":6,"enemies":"Orb Walker","floor":38,"turns":4},{"damage":25,"enemies":"Transient","floor":39,"turns":5},{"damage":30,"enemies":"Nemesis","floor":40,"turns":2}],"seed_played":"2328463105919430013","potions_obtained":[{"floor":1,"key":"SteroidPotion"},{"floor":10,"key":"SteroidPotion"},{"floor":12,"key":"SkillPotion"}],"is_trial":false,"path_per_floor":["M","?","?","$","T","E","M","R","T","M","R","M","R","?","R","B",null,"M","?","?","M","$","E","M","R","T","M","R","M","?","$","R","B",null,"M","?","$","M","M","E"],"character_chosen":"IRONCLAD","items_purchased":["True Grit","Seeing Red","Offering","Flash of Steel"],"campfire_rested":3,"item_purchase_floors":[4,4,22,31],"current_hp_per_floor":[80,85,85,85,85,58,61,61,61,67,67,60,60,52,77,41,85,77,77,61,62,62,29,8,35,35,49,76,67,61,61,61,23,90,64,14,14,22,12,0],"gold":70,"neow_bonus":"THREE_CARDS","is_prod":false,"is_daily":false,"chose_seed":false,"campfire_upgraded":4,"win_rate":0,"timestamp":1564841714,"path_taken":["M","?","?","$","?","E","M","R","T","M","R","M","R","?","R","BOSS","M","?","?","M","$","E","M","R","T","M","R","M","?","$","R","BOSS","M","?","$","M","M","E"],"build_version":"2019-07-17","purchased_purges":4,"victory":false,"max_hp_per_floor":[80,85,85,85,85,85,85,85,85,85,85,85,85,85,85,85,85,85,85,90,90,90,90,90,90,90,90,90,90,90,90,90,90,90,90,90,90,90,90,90],"card_choices":[{"not_picked":["Intimidate","Sword Boomerang"],"picked":"Iron Wave","floor":0},{"not_picked":["Headbutt","Bloodletting"],"picked":"Metallicize","floor":1},{"not_picked":["Sword Boomerang","Anger"],"picked":"Inflame","floor":6},{"not_picked":["Shrug It Off","Iron Wave"],"picked":"Entrench","floor":7},{"not_picked":["Power Through","Fire Breathing"],"picked":"Burning Pact","floor":10},{"not_picked":["Sword Boomerang","Seeing Red"],"picked":"Armaments","floor":12},{"not_picked":["Feed","Offering"],"picked":"Reaper","floor":16},{"not_picked":["Iron Wave","Heavy Blade+1"],"picked":"Infernal Blade","floor":18},{"not_picked":["Heavy Blade","Disarm","Flex"],"picked":"SKIP","floor":21},{"not_picked":["Flex","Iron Wave"],"picked":"Feel No Pain","floor":23},{"not_picked":["Pommel Strike","Clash+1"],"picked":"Juggernaut","floor":24},{"not_picked":["Disarm","Perfected Strike","Warcry"],"picked":"SKIP","floor":27},{"not_picked":["Pommel Strike+1","Cleave"],"picked":"Anger","floor":29},{"not_picked":["Double Tap","Offering"],"picked":"Impervious","floor":33},{"not_picked":["Cleave+1","Reckless Charge","Power Through"],"picked":"SKIP","floor":35},{"not_picked":["Metallicize+1","Whirlwind+1"],"picked":"Corruption+1","floor":36},{"not_picked":["Thunderclap","Pommel Strike"],"picked":"Inflame+1","floor":38},{"not_picked":["Cleave+1","Heavy Blade+1"],"picked":"True Grit+1","floor":39}],"player_experience":65262,"relics_obtained":[{"floor":5,"key":"Mercury Hourglass"},{"floor":6,"key":"Self Forming Clay"},{"floor":9,"key":"Ginger"},{"floor":23,"key":"Champion Belt"},{"floor":26,"key":"Red Skull"},{"floor":36,"key":"Nunchaku"}],"event_choices":[{"damage_healed":0,"gold_gain":0,"player_choice":"Donut","damage_taken":0,"max_hp_gain":5,"max_hp_loss":0,"event_name":"Big Fish","floor":2,"gold_loss":0},{"damage_healed":0,"gold_gain":175,"player_choice":"AGREE","damage_taken":0,"max_hp_gain":0,"max_hp_loss":0,"event_name":"Liars Game","floor":3,"gold_loss":0,"cards_obtained":["Doubt"]},{"damage_healed":0,"gold_gain":75,"player_choice":"Touch","damage_taken":8,"max_hp_gain":0,"max_hp_loss":0,"event_name":"FaceTrader","floor":14,"gold_loss":0},{"damage_healed":0,"gold_gain":0,"player_choice":"Read","damage_taken":0,"max_hp_gain":0,"max_hp_loss":0,"event_name":"The Library","floor":19,"gold_loss":0,"cards_obtained":["Inflame"]},{"damage_healed":0,"gold_gain":0,"player_choice":"Shed Blood","damage_taken":21,"max_hp_gain":5,"max_hp_loss":0,"event_name":"Forgotten Altar","floor":20,"gold_loss":0},{"damage_healed":0,"gold_gain":0,"player_choice":"Joined the Cult","damage_taken":6,"max_hp_gain":0,"max_hp_loss":0,"event_name":"Nest","floor":30,"gold_loss":0,"cards_obtained":["RitualDagger"]},{"damage_healed":0,"gold_gain":0,"player_choice":"Fight","damage_taken":0,"max_hp_gain":0,"max_hp_loss":0,"event_name":"Mysterious Sphere","floor":36,"gold_loss":0}],"is_beta":false,"boss_relics":[{"not_picked":["Runic Dome","Runic Cube"],"picked":"Sozu"},{"not_picked":["Fusion Hammer","Lizard Tail"],"picked":"Empty Cage"}],"items_purged_floors":[4,22,31,37],"is_endless":false,"potions_floor_spawned":[1,10,12,23,24,27,29,38,39],"killed_by":"Nemesis","ascension_level":0}