{"gold_per_floor":[115,115,134,145,163,189,189,219,219,236,255,283,299,329,329,329],"floor_reached":16,"playtime":1156,"items_purged":[],"score":161,"play_id":"10cb3617-547c-4b64-84c9-6c2765cd87ca","local_time":"20180720223713","is_ascension_mode":true,"campfire_choices":[{"data":"True Grit","floor":7,"key":"SMITH"},{"floor":15,"key":"DIG"}],"neow_cost":"","seed_source_timestamp":120391118441731,"circlet_count":0,"master_deck":["Strike_R","Strike_R","Strike_R","Strike_R","Defend_R","Defend_R","Defend_R","Defend_R","Bash","Cleave","Whirlwind","True Grit+1","Seeing Red","Pommel Strike","Headbutt","Shrug It Off","Sword Boomerang","Seeing Red"],"relics":["Burning Blood","Singing Bowl","Strawberry","Regal Pillow","Ornamental Fan","Shovel","Dream Catcher"],"potions_floor_usage":[8,8,12,14,16],"damage_taken":[{"damage":6,"enemies":"Cultist","floor":1,"turns":3},{"damage":7,"enemies":"Small Slimes","floor":3,"turns":3},{"damage":2,"enemies":"Jaw Worm","floor":4,"turns":3},{"damage":7,"enemies":"Looter","floor":5,"turns":4},{"damage":32,"enemies":"Gremlin Nob","floor":6,"turns":4},{"damage":41,"enemies":"Lagavulin","floor":8,"turns":9},{"damage":2,"enemies":"2 Fungi Beasts","floor":10,"turns":3},{"damage":1,"enemies":"Large Slime","floor":11,"turns":5},{"damage":16,"enemies":"3 Sentries","floor":12,"turns":5},{"damage":0,"enemies":"3 Louse","floor":13,"turns":2},{"damage":16,"enemies":"Gremlin Nob","floor":14,"turns":4},{"damage":43,"enemies":"The Guardian","floor":16,"turns":12}],"seed_played":"9124540837879261784","potions_obtained":[{"floor":4,"key":"Fire Potion"},{"floor":6,"key":"BloodPotion"},{"floor":11,"key":"GamblersBrew"},{"floor":13,"key":"Explosive Potion"},{"floor":14,"key":"BloodPotion"}],"is_trial":false,"path_per_floor":["M","?","M","M","M","E","R","E","T","M","M","E","M","E","R"],"character_chosen":"IRONCLAD","items_purchased":[],"campfire_rested":0,"item_purchase_floors":[],"current_hp_per_floor":[80,73,72,76,75,49,49,29,29,35,40,30,36,26,26,0],"gold":329,"neow_bonus":"","is_prod":false,"is_daily":false,"chose_seed":false,"campfire_upgraded":1,"win_rate":0,"timestamp":1532140633,"path_taken":["M","?","M","M","M","E","R","E","T","M","M","E","M","E","R","BOSS"],"build_version":"2018-07-19v2","purchased_purges":0,"victory":false,"max_hp_per_floor":[80,80,80,80,80,80,80,87,87,89,89,89,89,89,89,89],"card_choices":[{"not_picked":["Fire Breathing","Thunderclap"],"picked":"Cleave","floor":1},{"not_picked":["Clothesline","Body Slam"],"picked":"Whirlwind","floor":3},{"not_picked":["Perfected Strike","Wild Strike","Thunderclap"],"picked":"SKIP","floor":4},{"not_picked":["Clash","Second Wind"],"picked":"True Grit","floor":5},{"not_picked":["Evolve","Inflame"],"picked":"Seeing Red","floor":6},{"not_picked":["Clothesline","Dark Embrace"],"picked":"Pommel Strike","floor":8},{"not_picked":["Wild Strike","Combust","Reckless Charge"],"picked":"Singing Bowl","floor":10},{"not_picked":["Clothesline","Disarm"],"picked":"Headbutt","floor":11},{"not_picked":["Flame Barrier","Warcry"],"picked":"Shrug It Off","floor":12},{"not_picked":["Clothesline","Cleave"],"picked":"Sword Boomerang","floor":13},{"not_picked":["Thunderclap","Power Through"],"picked":"Seeing Red","floor":14}],"player_experience":210645,"relics_obtained":[{"floor":6,"key":"Singing Bowl"},{"floor":8,"key":"Strawberry"},{"floor":9,"key":"Regal Pillow"},{"floor":12,"key":"Ornamental Fan"},{"floor":14,"key":"Shovel"},{"floor":15,"key":"Dream Catcher"}],"event_choices":[{"event_name":"Golden Wing","player_choice":"Card Removal","floor":2,"damage_taken":0}],"is_beta":false,"boss_relics":[],"items_purged_floors":[],"is_endless":false,"potions_floor_spawned":[4,6,11,13,14],"killed_by":"The Guardian","ascension_level":4}