{"gold_per_floor":[115,132,132,148,148,148,158,187,258,293,293,310,310,342,342,417,417,427,427,47,61,61,61,92,92,119,133,161,172,183,24,24,103,103,113,125,125,125,0,28,28,61,61,71,105,121,156,168,168,168,168,168,168,18,49,49],"floor_reached":57,"playtime":2391,"items_purged":["Unload","Underhanded Strike","Outmaneuver","Dodge and Roll"],"score":3510,"play_id":"f0322d4f-d6a3-431e-85d5-16acf3be21e9","local_time":"20190714211528","is_ascension_mode":true,"campfire_choices":[{"data":"Noxious Fumes","floor":6,"key":"SMITH"},{"data":"Neutralize","floor":11,"key":"SMITH"},{"data":"Well Laid Plans","floor":13,"key":"SMITH"},{"floor":15,"key":"RECALL"},{"data":"Tactician","floor":23,"key":"SMITH"},{"data":"Night Terror","floor":25,"key":"SMITH"},{"data":"Acrobatics","floor":32,"key":"SMITH"},{"data":"Grand Finale","floor":41,"key":"SMITH"},{"data":"Adrenaline","floor":49,"key":"SMITH"},{"data":"Tools of the Trade","floor":53,"key":"SMITH"}],"neow_cost":"NONE","seed_source_timestamp":1675080437209883,"circlet_count":0,"master_deck":["AscendersBane","Survivor","Neutralize+1","Noxious Fumes+1","Well Laid Plans+1","Backflip","Grand Finale+1","Night Terror+1","Tactician+1","Endless Agony","Blur","Tools of the Trade+1","Adrenaline+1","Catalyst+1","Acrobatics+1"],"relics":["Ring of the Snake","NeowsBlessing","Turnip","PreservedInsect","Singing Bowl","Meat on the Bone","Unceasing Top","Pandora\u0027s Box","TheAbacus","Bag of Marbles","Orichalcum","Runic Pyramid","Letter Opener","Ancient Tea Set","Bottled Lightning","Art of War","Lantern","Kunai"],"potions_floor_usage":[10,18,24,28,48,56,56],"damage_taken":[{"damage":0,"enemies":"Small Slimes","floor":1,"turns":1},{"damage":0,"enemies":"Cultist","floor":2,"turns":1},{"damage":0,"enemies":"2 Louse","floor":4,"turns":1},{"damage":2,"enemies":"Large Slime","floor":7,"turns":7},{"damage":16,"enemies":"Lagavulin","floor":8,"turns":9},{"damage":2,"enemies":"3 Sentries","floor":10,"turns":6},{"damage":15,"enemies":"Exordium Thugs","floor":12,"turns":5},{"damage":11,"enemies":"Lagavulin","floor":14,"turns":7},{"damage":10,"enemies":"The Guardian","floor":16,"turns":13},{"damage":28,"enemies":"Shell Parasite","floor":18,"turns":5},{"damage":0,"enemies":"3 Byrds","floor":21,"turns":3},{"damage":0,"enemies":"Book of Stabbing","floor":24,"turns":5},{"damage":0,"enemies":"Snecko","floor":27,"turns":3},{"damage":0,"enemies":"Slavers","floor":28,"turns":1},{"damage":12,"enemies":"Cultist and Chosen","floor":29,"turns":3},{"damage":0,"enemies":"3 Cultists","floor":30,"turns":3},{"damage":8,"enemies":"Champ","floor":33,"turns":2},{"damage":0,"enemies":"Orb Walker","floor":35,"turns":3},{"damage":3,"enemies":"3 Shapes","floor":36,"turns":3},{"damage":10,"enemies":"Reptomancer","floor":40,"turns":3},{"damage":0,"enemies":"Giant Head","floor":42,"turns":3},{"damage":0,"enemies":"Sphere and 2 Shapes","floor":44,"turns":2},{"damage":0,"enemies":"Nemesis","floor":45,"turns":3},{"damage":0,"enemies":"Transient","floor":46,"turns":6},{"damage":0,"enemies":"Giant Head","floor":47,"turns":2},{"damage":0,"enemies":"4 Shapes","floor":48,"turns":2},{"damage":0,"enemies":"Time Eater","floor":50,"turns":4},{"damage":29,"enemies":"Donu and Deca","floor":51,"turns":3},{"damage":2,"enemies":"Shield and Spear","floor":55,"turns":2},{"damage":0,"enemies":"The Heart","floor":56,"turns":6}],"seed_played":"8344119213788848517","potions_obtained":[{"floor":1,"key":"FearPotion"},{"floor":4,"key":"Explosive Potion"},{"floor":7,"key":"SkillPotion"},{"floor":10,"key":"Explosive Potion"},{"floor":21,"key":"Block Potion"},{"floor":27,"key":"GamblersBrew"},{"floor":30,"key":"Weak Potion"},{"floor":45,"key":"Dexterity Potion"},{"floor":47,"key":"Block Potion"},{"floor":48,"key":"Dexterity Potion"}],"is_trial":false,"path_per_floor":["M","M","?","M","T","R","M","E","T","E","R","M","R","E","R","B",null,"M","?","$","M","?","R","E","R","T","M","E","M","M","$","R","B",null,"M","M","?","?","$","E","R","E","T","M","E","M","E","M","R","B","B",null,"R","$","E","B",null],"character_chosen":"THE_SILENT","items_purchased":["TheAbacus","GhostInAJar","Acrobatics"],"campfire_rested":0,"item_purchase_floors":[20,20,31],"current_hp_per_floor":[59,59,59,59,59,59,57,41,41,41,41,40,40,43,43,45,65,39,39,39,41,41,41,41,41,41,43,45,47,47,47,47,53,76,78,77,77,84,84,76,76,78,78,80,82,84,86,88,88,88,59,88,88,88,88,88],"gold":49,"neow_bonus":"THREE_ENEMY_KILL","is_prod":false,"is_daily":false,"chose_seed":false,"campfire_upgraded":9,"win_rate":0,"timestamp":1563110128,"path_taken":["M","M","?","?","?","R","M","E","T","E","R","M","R","E","R","BOSS","M","?","$","M","?","R","E","R","T","M","E","M","?","$","R","BOSS","M","M","?","?","$","E","R","E","T","M","E","M","E","M","R","BOSS","BOSS","R","$","E","BOSS"],"build_version":"2019-07-05","purchased_purges":4,"victory":true,"max_hp_per_floor":[66,66,66,66,66,66,66,66,66,68,68,70,70,72,72,72,72,74,74,74,76,76,76,76,76,76,78,80,82,82,82,82,84,84,86,88,84,84,84,86,86,88,88,90,92,94,96,98,98,98,98,98,98,98,100,100],"card_choices":[{"not_picked":["Footwork","Deflect"],"picked":"Noxious Fumes","floor":1},{"not_picked":["Riddle With Holes","Slice","Expertise"],"picked":"SKIP","floor":2},{"not_picked":["Flying Knee","Underhanded Strike"],"picked":"Well Laid Plans","floor":4},{"not_picked":["Dodge and Roll","Cloak And Dagger"],"picked":"Backflip","floor":8},{"not_picked":["Outmaneuver","Blur","Flying Knee"],"picked":"Singing Bowl","floor":10},{"not_picked":["Underhanded Strike","Blade Dance","Accuracy"],"picked":"Singing Bowl","floor":12},{"not_picked":["Wraith Form v2","Dodge and Roll","Deflect"],"picked":"Singing Bowl","floor":14},{"not_picked":["Night Terror","Burst"],"picked":"Grand Finale","floor":16},{"not_picked":["Deadly Poison","Reflex","PiercingWail"],"picked":"Singing Bowl","floor":18},{"not_picked":["Bouncing Flask","Blade Dance+1","Underhanded Strike"],"picked":"Singing Bowl","floor":21},{"not_picked":["Deflect","Distraction"],"picked":"Adrenaline","floor":24},{"not_picked":["Dash","Reflex","Flying Knee"],"picked":"Singing Bowl","floor":27},{"not_picked":["Flying Knee","Riddle With Holes","Masterful Stab"],"picked":"Singing Bowl","floor":28},{"not_picked":["Prepared","Caltrops","PiercingWail"],"picked":"Singing Bowl","floor":29},{"not_picked":["Slice","Underhanded Strike"],"picked":"Catalyst+1","floor":30},{"not_picked":["Envenom","Venomology","Wraith Form v2"],"picked":"Singing Bowl","floor":33},{"not_picked":["PiercingWail+1","Prepared","Heel Hook"],"picked":"Singing Bowl","floor":35},{"not_picked":["Predator+1","Acrobatics","Flying Knee"],"picked":"Singing Bowl","floor":36},{"not_picked":["Dagger Spray","Well Laid Plans","Slice"],"picked":"Singing Bowl","floor":40},{"not_picked":["Cloak And Dagger","Flechettes","Deadly Poison"],"picked":"Singing Bowl","floor":42},{"not_picked":["Masterful Stab","Skewer","Quick Slash+1"],"picked":"Singing Bowl","floor":44},{"not_picked":["Sucker Punch","Bouncing Flask","Escape Plan+1"],"picked":"Singing Bowl","floor":45},{"not_picked":["Dodge and Roll","Acrobatics+1","Sucker Punch"],"picked":"Singing Bowl","floor":46},{"not_picked":["Outmaneuver","PiercingWail","Tools of the Trade"],"picked":"Singing Bowl","floor":47},{"not_picked":["Backflip","Outmaneuver","Tactician"],"picked":"Singing Bowl","floor":48},{"not_picked":["Expertise","Outmaneuver","Backflip"],"picked":"Singing Bowl","floor":55}],"player_experience":2013809,"relics_obtained":[{"floor":5,"key":"Turnip"},{"floor":8,"key":"PreservedInsect"},{"floor":9,"key":"Singing Bowl"},{"floor":10,"key":"Meat on the Bone"},{"floor":14,"key":"Unceasing Top"},{"floor":24,"key":"Bag of Marbles"},{"floor":28,"key":"Orichalcum"},{"floor":40,"key":"Letter Opener"},{"floor":42,"key":"Ancient Tea Set"},{"floor":43,"key":"Bottled Lightning"},{"floor":45,"key":"Art of War"},{"floor":47,"key":"Lantern"},{"floor":55,"key":"Kunai"}],"event_choices":[{"cards_removed":["Strike_G"],"damage_healed":0,"gold_gain":0,"player_choice":"Offered Basic","damage_taken":0,"max_hp_gain":0,"max_hp_loss":0,"event_name":"Bonfire Elementals","floor":3,"gold_loss":0},{"damage_healed":0,"gold_gain":0,"cards_transformed":["Eviscerate","Flechettes"],"player_choice":"Became Test Subject","damage_taken":0,"max_hp_gain":0,"max_hp_loss":0,"event_name":"Drug Dealer","floor":19,"gold_loss":0,"cards_obtained":["Dodge and Roll","Blur"]},{"damage_healed":0,"gold_gain":0,"cards_transformed":["Glass Knife"],"player_choice":"Transformed","damage_taken":0,"max_hp_gain":0,"max_hp_loss":0,"event_name":"Transmorgrifier","floor":22,"gold_loss":0,"cards_obtained":["Tools of the Trade"]},{"damage_healed":0,"gold_gain":0,"player_choice":"Max HP","damage_taken":0,"max_hp_gain":0,"max_hp_loss":4,"event_name":"Winding Halls","floor":37,"gold_loss":0},{"damage_healed":7,"gold_gain":0,"player_choice":"Full Heal","damage_taken":0,"max_hp_gain":0,"max_hp_loss":0,"event_name":"Wheel of Change","floor":38,"gold_loss":0}],"is_beta":false,"boss_relics":[{"not_picked":["Fusion Hammer","White Beast Statue"],"picked":"Pandora\u0027s Box"},{"not_picked":["Cursed Key","Calling Bell"],"picked":"Runic Pyramid"}],"items_purged_floors":[20,31,39,54],"is_endless":false,"potions_floor_spawned":[1,4,7,10,14,21,27,30,45,46,47,48,55],"ascension_level":20}