{"gold_per_floor":[117,135,135,135,7,35,54,82,164,164,176,76,106,122,122,200,200,171,221,221,221,221,221,66,66,92,92,108,441,66,96,96,96],"floor_reached":33,"playtime":906,"items_purged":["Strike_G","Strike_G","Predator","Dagger Throw"],"score":628,"play_id":"4dd71cc4-6cd3-4cda-a662-6175761c2a5d","local_time":"20190720183614","is_ascension_mode":true,"campfire_choices":[{"data":"Calculated Gamble","floor":10.0,"key":"SMITH"},{"data":"Choke","floor":15.0,"key":"SMITH"},{"data":"Tactician","floor":23.0,"key":"SMITH"},{"data":"Neutralize","floor":25.0,"key":"SMITH"},{"floor":27.0,"key":"REST"},{"floor":32,"key":"REST"}],"neow_cost":"NONE","seed_source_timestamp":175042638999049,"circlet_count":0,"master_deck":["AscendersBane","Defend_G","Defend_G","Defend_G","Defend_G","Survivor","Neutralize+1","Endless Agony","Calculated Gamble+1","Deadly Poison","Escape Plan","Endless Agony","Choke+1","Tactician+1","Backflip"],"special_seed":0,"relics":["Ring of the Snake","NeowsBlessing","Thread and Needle","Art of War","Sundial","Juzu Bracelet","Empty Cage","Anchor","Old Coin","PreservedInsect","Smiling Mask"],"potions_floor_usage":[31],"damage_taken":[{"damage":0.0,"enemies":"2 Louse","floor":1.0,"turns":1.0},{"damage":0.0,"enemies":"Jaw Worm","floor":2.0,"turns":1.0},{"damage":0.0,"enemies":"3 Sentries","floor":6.0,"turns":1.0},{"damage":1.0,"enemies":"Small Slimes","floor":7.0,"turns":3.0},{"damage":29.0,"enemies":"Lagavulin","floor":8.0,"turns":6.0},{"damage":0.0,"enemies":"Looter","floor":11.0,"turns":3.0},{"damage":0.0,"enemies":"2 Fungi Beasts","floor":14.0,"turns":2.0},{"damage":11.0,"enemies":"Slime Boss","floor":16.0,"turns":11.0},{"damage":16.0,"enemies":"2 Thieves","floor":18.0,"turns":4.0},{"damage":0.0,"enemies":"3 Byrds","floor":28.0,"turns":4.0},{"damage":24.0,"enemies":"Slavers","floor":29.0,"turns":8.0},{"damage":17,"enemies":"Gremlin Leader","floor":31,"turns":4},{"damage":22,"enemies":"Collector","floor":33,"turns":7}],"seed_played":"7287506510781316520","potions_obtained":[{"floor":1.0,"key":"AttackPotion"},{"floor":6.0,"key":"Strength Potion"},{"floor":14.0,"key":"GhostInAJar"},{"floor":16.0,"key":"Poison Potion"},{"floor":28.0,"key":"Dexterity Potion"}],"is_trial":false,"path_per_floor":["M","M","?","?","$","E","M","E","T","R","M","$","?","M","R","B",null,"M","?","?","?","?","R","$","R","T","R","M","E","$","E","R","B"],"character_chosen":"THE_SILENT","items_purchased":["Deadly Poison","Backflip","PreservedInsect","SteroidPotion"],"campfire_rested":2,"item_purchase_floors":[5,24,30,30],"current_hp_per_floor":[59,59,52,57,57,57,56,27,27,27,27,27,27,27,27,16,57,41,41,41,21,21,21,21,21,21,43,43,19,19,2,24,2],"gold":96,"neow_bonus":"THREE_ENEMY_KILL","is_prod":false,"is_daily":false,"chose_seed":false,"campfire_upgraded":4,"win_rate":0,"timestamp":1563618974,"path_taken":["M","M","?","?","?","E","M","E","T","R","M","$","?","M","R","BOSS","M","?","?","?","?","R","?","R","T","R","M","E","$","E","R","BOSS"],"build_version":"2019-07-17","purchased_purges":4,"victory":false,"max_hp_per_floor":[66,66,66,71,71,71,71,71,71,71,71,71,71,71,71,71,71,71,71,71,76,76,76,76,76,76,76,76,76,76,76,76,76],"card_choices":[{"not_picked":["Setup","Bane"],"picked":"Endless Agony","floor":1.0},{"not_picked":["Concentrate","Poisoned Stab"],"picked":"Calculated Gamble","floor":2.0},{"not_picked":["Blur","Calculated Gamble"],"picked":"Escape Plan","floor":6.0},{"not_picked":["Deadly Poison","Endless Agony"],"picked":"Dagger Spray","floor":7.0},{"not_picked":["Finisher","Outmaneuver"],"picked":"Endless Agony","floor":8.0},{"not_picked":["Masterful Stab","Quick Slash"],"picked":"Choke","floor":11.0},{"not_picked":["Poisoned Stab","Underhanded Strike","Outmaneuver"],"picked":"SKIP","floor":14.0},{"not_picked":["Deadly Poison","Flechettes"],"picked":"Tactician","floor":18.0},{"not_picked":["Outmaneuver+1","Blur","Infinite Blades"],"picked":"SKIP","floor":28.0},{"not_picked":["Masterful Stab+1","Riddle With Holes","Prepared"],"picked":"SKIP","floor":29.0},{"not_picked":["Underhanded Strike","Poisoned Stab","Cloak And Dagger"],"picked":"SKIP","floor":31}],"player_experience":2049492,"relics_obtained":[{"floor":6.0,"key":"Thread and Needle"},{"floor":8.0,"key":"Art of War"},{"floor":9.0,"key":"Sundial"},{"floor":26.0,"key":"Anchor"},{"floor":29.0,"key":"Old Coin"},{"floor":31,"key":"Smiling Mask"}],"event_choices":[{"cards_removed":["Strike_G"],"damage_healed":0.0,"max_hp_gain":0.0,"max_hp_loss":0.0,"gold_gain":0.0,"event_name":"Golden Wing","player_choice":"Card Removal","floor":3.0,"gold_loss":0.0,"damage_taken":7.0},{"damage_healed":0.0,"max_hp_gain":5.0,"max_hp_loss":0.0,"gold_gain":0.0,"event_name":"Big Fish","player_choice":"Donut","floor":4.0,"gold_loss":0.0,"damage_taken":0.0},{"damage_healed":0.0,"max_hp_gain":0.0,"max_hp_loss":0.0,"gold_gain":30.0,"event_name":"Dead Adventurer","player_choice":"Searched \u00272\u0027 times","floor":13.0,"gold_loss":0.0,"damage_taken":0.0,"relics_obtained":["Juzu Bracelet"]},{"damage_healed":0.0,"max_hp_gain":0.0,"max_hp_loss":0.0,"gold_gain":50.0,"event_name":"Nest","player_choice":"Stole From Cult","floor":19.0,"gold_loss":0.0,"damage_taken":0.0},{"damage_healed":0.0,"max_hp_gain":0.0,"max_hp_loss":0.0,"gold_gain":0.0,"cards_transformed":["Dagger Spray","Defend_G"],"event_name":"Drug Dealer","player_choice":"Became Test Subject","floor":20.0,"gold_loss":0.0,"damage_taken":0.0,"cards_obtained":["Predator","Dagger Throw"]},{"damage_healed":0.0,"max_hp_gain":5.0,"max_hp_loss":0.0,"gold_gain":0.0,"event_name":"Forgotten Altar","player_choice":"Shed Blood","floor":21.0,"gold_loss":0.0,"damage_taken":25.0},{"damage_healed":0.0,"max_hp_gain":0.0,"max_hp_loss":0.0,"gold_gain":0.0,"event_name":"Vampires","player_choice":"Ignored","floor":22.0,"gold_loss":0.0,"damage_taken":0.0}],"is_beta":false,"boss_relics":[{"not_picked":["Eternal Feather","Ring of the Serpent"],"picked":"Empty Cage"}],"items_purged_floors":[5,12,24,30],"is_endless":false,"potions_floor_spawned":[1,6,7,14,16,28],"killed_by":"Collector","ascension_level":20}