{"gold_per_floor":[116,116,116,136,136,136,150,150,174,174,203,223,223,253,253,327,327,347,31,81,36,50,50,82,82,82,114,114,125,75,89,89,163,163,182,227,238,238,43,71,71,106,129,155,155,155,155,0,0,0],"floor_reached":50,"playtime":2346,"items_purged":["Decay"],"score":1178,"play_id":"969da54a-772a-470f-9a9d-353df7bc10c2","local_time":"20181007135848","is_ascension_mode":true,"campfire_choices":[{"data":"Zap","floor":6,"key":"SMITH"},{"data":"Coolheaded","floor":8,"key":"SMITH"},{"data":"Dualcast","floor":10,"key":"SMITH"},{"data":"Genetic Algorithm","floor":13,"key":"SMITH"},{"data":"1","floor":15,"key":"LIFT"},{"data":"2","floor":23,"key":"LIFT"},{"data":"3","floor":28,"key":"LIFT"},{"data":"Biased Cognition","floor":32,"key":"SMITH"},{"data":"Panacea","floor":41,"key":"SMITH"},{"data":"Aggregate","floor":45,"key":"SMITH"},{"data":"Apotheosis","floor":49,"key":"SMITH"}],"neow_cost":"NONE","seed_source_timestamp":1977264009494216,"circlet_count":0,"master_deck":["Strike_B+1","Strike_B","Strike_B+1","Defend_B","Defend_B","Defend_B","Zap+1","Dualcast+1","AscendersBane","Ball Lightning","Ball Lightning","Coolheaded+1","BootSequence","Glacier","Genetic Algorithm+1","Cold Snap","Biased Cognition+1","Doubt","Writhe","Leap+1","Go for the Eyes","Coolheaded","Compile Driver","Reinforced Body","Self Repair+1","Cold Snap","Heatsinks+1","Electrodynamics+1","Stack+1","Coolheaded+1","Turbo+1","Panacea+1","Storm+1","Heatsinks+1","Reboot","Aggregate+1","Hologram","Master of Strategy","Apotheosis+1","Discovery"],"special_seed":0,"relics":["Cracked Core","WarpedTongs","Spirit Poop","Boot","Happy Flower","Girya","Calling Bell","Bag of Preparation","Pear","Bird Faced Urn","Runic Capacitor","The Courier","Bottled Flame","Shuriken","Frozen Egg 2","Sozu","WingedGreaves","Whetstone","Nunchaku","DataDisk","Juzu Bracelet","Red Mask"],"potions_floor_usage":[11,14,27,27],"damage_taken":[{"damage":1,"enemies":"Cultist","floor":1,"turns":3},{"damage":0,"enemies":"2 Louse","floor":4,"turns":2},{"damage":0,"enemies":"Jaw Worm","floor":7,"turns":3},{"damage":16,"enemies":"Gremlin Nob","floor":11,"turns":3},{"damage":8,"enemies":"Exordium Thugs","floor":12,"turns":4},{"damage":0,"enemies":"Lagavulin","floor":14,"turns":5},{"damage":0,"enemies":"The Guardian","floor":16,"turns":11},{"damage":5,"enemies":"2 Thieves","floor":18,"turns":4},{"damage":8,"enemies":"3 Byrds","floor":22,"turns":4},{"damage":17,"enemies":"Gremlin Leader","floor":24,"turns":8},{"damage":11,"enemies":"Book of Stabbing","floor":27,"turns":6},{"damage":0,"enemies":"Sentry and Sphere","floor":29,"turns":5},{"damage":16,"enemies":"Centurion and Healer","floor":31,"turns":7},{"damage":50,"enemies":"Automaton","floor":33,"turns":14},{"damage":0,"enemies":"3 Darklings","floor":35,"turns":5},{"damage":26,"enemies":"Mysterious Sphere","floor":36,"turns":4},{"damage":0,"enemies":"Orb Walker","floor":37,"turns":4},{"damage":26,"enemies":"Nemesis","floor":40,"turns":7},{"damage":5,"enemies":"Giant Head","floor":42,"turns":10},{"damage":4,"enemies":"2 Orb Walkers","floor":44,"turns":4},{"damage":108,"enemies":"Time Eater","floor":50,"turns":12}],"seed_played":"5199843982581559219","potions_obtained":[{"floor":1,"key":"Swift Potion"},{"floor":4,"key":"SmokeBomb"},{"floor":11,"key":"FocusPotion"},{"floor":16,"key":"Dexterity Potion"},{"floor":18,"key":"SpeedPotion"}],"is_trial":false,"path_per_floor":["M","?","?","M","?","R","M","R","T","R","E","M","R","E","R","B",null,"M","$","?","$","M","R","E","T","T","E","R","M","?","M","R","B",null,"M","?","M","?","$","E","R","E","T","E","R","?","?","?","R"],"character_chosen":"DEFECT","items_purchased":["Runic Capacitor","Go for the Eyes","Coolheaded","Panacea","Storm+1","Heatsinks+1"],"campfire_rested":0,"item_purchase_floors":[19,19,21,39,39,39],"current_hp_per_floor":[70,70,70,70,70,70,70,70,70,70,54,46,46,46,46,46,80,77,77,77,77,71,71,56,56,56,47,47,61,61,59,59,25,72,88,76,88,84,84,74,74,84,84,84,84,84,74,74,74,0],"gold":0,"neow_bonus":"TEN_PERCENT_HP_BONUS","is_prod":false,"is_daily":false,"chose_seed":false,"campfire_upgraded":8,"win_rate":0,"timestamp":1538935128,"path_taken":["M","?","?","M","?","R","M","R","T","R","E","?","R","E","R","BOSS","M","$","?","?","?","R","E","?","T","E","R","M","?","?","R","BOSS","M","?","?","?","$","E","R","E","T","E","R","?","?","?","R","BOSS"],"build_version":"2018-10-04v2","purchased_purges":1,"victory":false,"max_hp_per_floor":[78,78,78,78,78,78,78,78,78,78,78,78,78,78,78,78,88,88,88,88,88,88,88,88,88,88,88,88,88,88,88,88,88,88,88,88,88,84,84,84,84,84,84,84,84,84,84,84,84,84],"card_choices":[{"not_picked":["Aggregate","Scrape"],"picked":"Ball Lightning","floor":1},{"not_picked":["Darkness","Ball Lightning"],"picked":"Coolheaded","floor":4},{"not_picked":["Beam Cell","Gash"],"picked":"BootSequence","floor":7},{"not_picked":["Force Field","Fusion"],"picked":"Glacier","floor":11},{"not_picked":["Redo","BootSequence"],"picked":"Genetic Algorithm","floor":12},{"not_picked":["Gash","Amplify"],"picked":"Cold Snap","floor":14},{"not_picked":["Hyperbeam","Rainbow"],"picked":"Biased Cognition","floor":16},{"not_picked":["Auto Shields","Conserve Battery"],"picked":"Leap+1","floor":18},{"not_picked":["Rip and Tear","Streamline"],"picked":"Compile Driver","floor":22},{"not_picked":["Force Field","Hologram"],"picked":"Reinforced Body","floor":24},{"not_picked":["Streamline+1","Tempest"],"picked":"Self Repair","floor":27},{"not_picked":["Self Repair+1","Recycle"],"picked":"Cold Snap","floor":29},{"not_picked":["Chill+1","Rebound"],"picked":"Heatsinks+1","floor":31},{"not_picked":["Meteor Strike","Echo Form+1"],"picked":"Electrodynamics+1","floor":33},{"not_picked":["Auto Shields","Turbo"],"picked":"Stack+1","floor":35},{"not_picked":["Fusion","Ball Lightning"],"picked":"Coolheaded+1","floor":36},{"not_picked":["Lockon","Redo"],"picked":"Turbo+1","floor":37},{"not_picked":["Darkness","Steam"],"picked":"Reboot","floor":40},{"not_picked":["Reprogram","Redo"],"picked":"Aggregate","floor":42},{"not_picked":["Static Discharge+1","Sunder"],"picked":"Hologram","floor":44},{"not_picked":["Deep Breath","Madness"],"picked":"Master of Strategy","floor":47},{"not_picked":["Blind","Forethought"],"picked":"Apotheosis","floor":47},{"not_picked":["Trip","Enlightenment"],"picked":"Discovery","floor":47}],"player_experience":822822,"relics_obtained":[{"floor":9,"key":"Boot"},{"floor":11,"key":"Happy Flower"},{"floor":14,"key":"Girya"},{"floor":17,"key":"Bag of Preparation"},{"floor":17,"key":"Pear"},{"floor":17,"key":"Bird Faced Urn"},{"floor":24,"key":"The Courier"},{"floor":25,"key":"Bottled Flame"},{"floor":26,"key":"Shuriken"},{"floor":27,"key":"Frozen Egg 2"},{"floor":36,"key":"WingedGreaves"},{"floor":40,"key":"Whetstone"},{"floor":42,"key":"Nunchaku"},{"floor":43,"key":"DataDisk"},{"floor":44,"key":"Juzu Bracelet"}],"event_choices":[{"event_name":"Transmorgrifier","player_choice":"Transform","floor":2,"damage_taken":0},{"event_name":"Accursed Blacksmith","player_choice":"Rummage","floor":3,"damage_taken":0},{"event_name":"Bonfire Elementals","player_choice":"CURSE","floor":5,"damage_taken":0},{"event_name":"Nest","player_choice":"Stole From Cult","floor":20,"damage_taken":0},{"event_name":"The Joust","player_choice":"Bet on Murderer","floor":30,"damage_taken":0},{"event_name":"Mysterious Sphere","player_choice":"Fight","floor":36,"damage_taken":0},{"event_name":"Winding Halls","player_choice":"Max HP","floor":38,"damage_taken":0},{"event_name":"Falling","player_choice":"Removed Skill","floor":46,"damage_taken":0},{"event_name":"SensoryStone","player_choice":"Memory 3","floor":47,"damage_taken":0},{"event_name":"Tomb of Lord Red Mask","player_choice":"Paid","floor":48,"damage_taken":0}],"is_beta":false,"boss_relics":[{"not_picked":["Snecko Eye","Philosopher\u0027s Stone"],"picked":"Calling Bell"},{"not_picked":["Empty Cage","Inserter"],"picked":"Sozu"}],"items_purged_floors":[19],"is_endless":false,"potions_floor_spawned":[1,4,11,16,18,22,24,37,42],"killed_by":"Time Eater","ascension_level":15}