{"gold_per_floor":[111,127,140,150,325,325,357,370,397,397,397,427,427,439,439,439],"floor_reached":16,"playtime":559,"items_purged":[],"score":102,"play_id":"95fd05d7-bca0-4c5c-88c4-0ccb360fec95","local_time":"20190309234254","is_ascension_mode":false,"campfire_choices":[{"floor":6,"key":"DIG"},{"floor":12,"key":"DIG"},{"floor":15,"key":"DIG"}],"neow_cost":"CURSE","seed_source_timestamp":714851064230787,"circlet_count":0,"master_deck":["Defend_G","Defend_G","Defend_G","Defend_G","Defend_G","Strike_G","Strike_G","Strike_G","Strike_G","Strike_G","Survivor","Neutralize","Decay","Flying Knee","All Out Attack","Blur","Backstab","Blade Dance","Dagger Throw","Parasite","Outmaneuver"],"relics":["Ring of the Snake","Shovel","Ornamental Fan","Blood Vial","Ancient Tea Set","Tiny Chest","Snake Skull"],"potions_floor_usage":[4,16,16],"damage_taken":[{"damage":2,"enemies":"Cultist","floor":1,"turns":4},{"damage":0,"enemies":"2 Louse","floor":2,"turns":2},{"damage":0,"enemies":"Small Slimes","floor":3,"turns":4},{"damage":7,"enemies":"3 Louse","floor":4,"turns":4},{"damage":35,"enemies":"Gremlin Nob","floor":7,"turns":5},{"damage":8,"enemies":"Looter","floor":8,"turns":3},{"damage":0,"enemies":"2 Fungi Beasts","floor":14,"turns":2},{"damage":70,"enemies":"Hexaghost","floor":16,"turns":12}],"seed_played":"4507870528214848922","potions_obtained":[{"floor":3,"key":"Weak Potion"},{"floor":7,"key":"Energy Potion"},{"floor":14,"key":"SneckoOil"}],"is_trial":false,"path_per_floor":["M","M","M","M","?","R","E","M","T","?","?","R","?","M","R","B"],"character_chosen":"THE_SILENT","items_purchased":[],"campfire_rested":0,"item_purchase_floors":[],"current_hp_per_floor":[68,68,68,61,61,61,26,20,20,43,60,60,60,62,62,0],"gold":439,"neow_bonus":"ONE_RARE_RELIC","is_prod":false,"is_daily":false,"chose_seed":false,"campfire_upgraded":0,"win_rate":0,"timestamp":1552192974,"path_taken":["M","M","M","M","?","R","E","M","T","?","?","R","?","M","R","BOSS"],"build_version":"2019-01-23","purchased_purges":0,"victory":false,"max_hp_per_floor":[70,70,70,70,70,70,70,70,70,70,70,70,70,70,70,70],"card_choices":[{"not_picked":["Outmaneuver","Prepared"],"picked":"Flying Knee","floor":1},{"not_picked":["Backflip","Noxious Fumes"],"picked":"All Out Attack","floor":2},{"not_picked":["Deadly Poison","Slice"],"picked":"Blur","floor":3},{"not_picked":["Masterful Stab","Calculated Gamble"],"picked":"Backstab","floor":4},{"not_picked":["Bane","Deadly Poison"],"picked":"Blade Dance","floor":7},{"not_picked":["Predator","Deadly Poison"],"picked":"Dagger Throw","floor":8},{"not_picked":["Skewer","Calculated Gamble"],"picked":"Outmaneuver","floor":14}],"player_experience":656177,"relics_obtained":[{"floor":6,"key":"Ornamental Fan"},{"floor":7,"key":"Blood Vial"},{"floor":9,"key":"Ancient Tea Set"},{"floor":12,"key":"Tiny Chest"},{"floor":15,"key":"Snake Skull"}],"event_choices":[{"damage_healed":0,"gold_gain":175,"player_choice":"AGREE","damage_taken":0,"max_hp_gain":0,"max_hp_loss":0,"event_name":"Liars Game","floor":5,"gold_loss":0,"cards_obtained":["Doubt"]},{"damage_healed":23,"gold_gain":0,"player_choice":"Banana","damage_taken":0,"max_hp_gain":0,"max_hp_loss":0,"event_name":"Big Fish","floor":10,"gold_loss":0},{"damage_healed":17,"gold_gain":0,"player_choice":"Healed and dodged fight","damage_taken":0,"max_hp_gain":0,"max_hp_loss":0,"event_name":"Mushrooms","floor":11,"gold_loss":0,"cards_obtained":["Parasite"]},{"cards_removed":["Doubt"],"damage_healed":0,"gold_gain":0,"player_choice":"Forget","damage_taken":0,"max_hp_gain":0,"max_hp_loss":0,"event_name":"Living Wall","floor":13,"gold_loss":0}],"is_beta":false,"boss_relics":[],"items_purged_floors":[],"is_endless":false,"potions_floor_spawned":[3,7,14],"killed_by":"Hexaghost","ascension_level":0}