{"gold_per_floor":[109,109,127,147,219,219,184,184,234,253,282,282,282,329,329,329],"floor_reached":16,"playtime":986,"items_purged":[],"score":123,"play_id":"e899a9cf-ef56-4a7c-aaa2-1e5487b3a078","local_time":"20180723145922","is_ascension_mode":false,"campfire_choices":[{"data":"Power Through","floor":6,"key":"SMITH"},{"data":"Carnage","floor":8,"key":"SMITH"},{"data":"Flex","floor":12,"key":"SMITH"},{"data":"Bash","floor":15,"key":"SMITH"}],"neow_cost":"FIFTY_PERCENT_DAMAGE","seed_source_timestamp":160107531588139,"circlet_count":0,"master_deck":["Strike_R","Strike_R","Strike_R","Strike_R+1","Strike_R+1","Defend_R","Defend_R+1","Defend_R","Defend_R","Bash+1","Carnage+1","Thunderclap+1","Power Through+1","Flex+1","Injury"],"relics":["Burning Blood","Calipers","Whetstone","Anchor","Golden Idol","Boot"],"potions_floor_usage":[4,11],"damage_taken":[{"damage":0,"enemies":"2 Louse","floor":1,"turns":4},{"damage":0,"enemies":"Cultist","floor":3,"turns":3},{"damage":3,"enemies":"Jaw Worm","floor":4,"turns":3},{"damage":0,"enemies":"2 Fungi Beasts","floor":10,"turns":4},{"damage":0,"enemies":"3 Sentries","floor":11,"turns":5},{"damage":73,"enemies":"Hexaghost","floor":16,"turns":11}],"seed_played":"-7095292219233502288","potions_obtained":[{"floor":3,"key":"Weak Potion"},{"floor":4,"key":"Block Potion"}],"is_trial":false,"path_per_floor":["M","?","M","M","?","R","?","R","T","M","E","R","?","T","R"],"character_chosen":"IRONCLAD","items_purchased":[],"campfire_rested":0,"item_purchase_floors":[],"current_hp_per_floor":[46,30,36,39,39,39,59,59,59,65,71,71,71,71,71,0],"gold":329,"neow_bonus":"ONE_RARE_RELIC","is_prod":false,"is_daily":false,"chose_seed":false,"campfire_upgraded":4,"win_rate":0,"timestamp":1532372362,"path_taken":["M","?","?","M","?","R","?","R","T","M","E","R","?","?","R","BOSS"],"build_version":"2018-07-19v2","purchased_purges":0,"victory":false,"max_hp_per_floor":[80,80,80,80,80,80,80,80,80,80,80,80,80,80,80,80],"card_choices":[{"not_picked":["Pommel Strike","Twin Strike"],"picked":"Carnage","floor":1},{"not_picked":["Rupture","Clash"],"picked":"Thunderclap","floor":3},{"not_picked":["Pummel","Shrug It Off"],"picked":"Power Through","floor":4},{"not_picked":["Havoc","Battle Trance"],"picked":"Flex","floor":10},{"not_picked":["True Grit","Twin Strike","Havoc"],"picked":"SKIP","floor":11}],"player_experience":88920,"relics_obtained":[{"floor":9,"key":"Whetstone"},{"floor":11,"key":"Anchor"},{"floor":14,"key":"Boot"}],"event_choices":[{"event_name":"Shining Light","player_choice":"Entered Light","floor":2,"damage_taken":0},{"event_name":"Golden Wing","player_choice":"Gained Gold","floor":5,"damage_taken":0},{"event_name":"The Cleric","player_choice":"Healed","floor":7,"damage_taken":0},{"event_name":"Golden Idol","player_choice":"Take Wound","floor":13,"damage_taken":0}],"is_beta":false,"boss_relics":[],"items_purged_floors":[],"is_endless":false,"potions_floor_spawned":[3,4],"killed_by":"Hexaghost","ascension_level":0}