{"gold_per_floor":[111,111,128,144,163,197,197,212,257,286,297,312,312,323,323,427,427,442,108,123,141,151,151,151],"floor_reached":24,"playtime":2231,"items_purged":["Strike_R"],"score":370,"play_id":"c20e5f70-a98d-4ed0-95a0-dd10c841fd02","local_time":"20180726222543","is_ascension_mode":true,"campfire_choices":[{"data":"Iron Wave","floor":7.0,"key":"SMITH"},{"data":"True Grit","floor":13.0,"key":"SMITH"},{"data":"Inflame","floor":15,"key":"SMITH"},{"data":"Body Slam","floor":23,"key":"SMITH"}],"neow_cost":"TEN_PERCENT_HP_LOSS","seed_source_timestamp":0,"circlet_count":0,"master_deck":["Strike_R","Strike_R","Strike_R","Strike_R","Defend_R+1","Defend_R","Defend_R","Defend_R","Bash+1","Sentinel","Iron Wave+1","Headbutt","Heavy Blade","Exhume","True Grit+1","Battle Trance","Inflame+1","Pommel Strike","Sword Boomerang","Impervious","Metallicize","Dual Wield+1","Shrug It Off","Body Slam+1"],"special_seed":0,"relics":["Black Blood","Bird Faced Urn","Incense Burner","Potion Belt","Pear","Dodecahedron"],"potions_floor_usage":[16,24],"damage_taken":[{"damage":10.0,"enemies":"Small Slimes","floor":1.0,"turns":5.0},{"damage":8.0,"enemies":"2 Louse","floor":3.0,"turns":3.0},{"damage":1.0,"enemies":"Cultist","floor":4.0,"turns":3.0},{"damage":11.0,"enemies":"Gremlin Gang","floor":5.0,"turns":6.0},{"damage":32.0,"enemies":"3 Sentries","floor":6.0,"turns":14.0},{"damage":0.0,"enemies":"Looter","floor":8.0,"turns":4.0},{"damage":32.0,"enemies":"Gremlin Nob","floor":10.0,"turns":4.0},{"damage":12.0,"enemies":"Exordium Thugs","floor":11.0,"turns":4.0},{"damage":11.0,"enemies":"Gremlin Gang","floor":12.0,"turns":7.0},{"damage":0.0,"enemies":"Large Slime","floor":14.0,"turns":7.0},{"damage":0,"enemies":"Slime Boss","floor":16,"turns":8},{"damage":12,"enemies":"Spheric Guardian","floor":18,"turns":7},{"damage":4,"enemies":"Chosen","floor":20,"turns":5},{"damage":12,"enemies":"Snecko","floor":21,"turns":8},{"damage":13,"enemies":"Centurion and Healer","floor":22,"turns":10},{"damage":84,"enemies":"Gremlin Leader","floor":24,"turns":7}],"seed_played":"-8829295762548146068","potions_obtained":[{"floor":3.0,"key":"SkillPotion"},{"floor":5.0,"key":"Regen Potion"},{"floor":6.0,"key":"FearPotion"},{"floor":14.0,"key":"Regen Potion"},{"floor":16,"key":"FearPotion"},{"floor":21,"key":"Dexterity Potion"}],"is_trial":false,"path_per_floor":["M","?","M","M","M","E","R","M","T","E","M","M","R","M","R","B",null,"M","$","M","M","M","R"],"character_chosen":"IRONCLAD","items_purchased":["Dodecahedron"],"campfire_rested":0,"item_purchase_floors":[19],"current_hp_per_floor":[68,54,52,57,52,41,41,47,47,31,25,22,22,30,30,53,75,75,75,82,81,81,81,0],"gold":151,"neow_bonus":"ONE_RARE_RELIC","is_prod":false,"is_daily":false,"chose_seed":false,"campfire_upgraded":4,"win_rate":0,"timestamp":1532658343,"path_taken":["M","?","M","M","M","E","R","M","T","E","M","?","R","M","R","BOSS","M","$","M","M","M","R","E"],"build_version":"2018-07-26","purchased_purges":1,"victory":false,"max_hp_per_floor":[72,72,72,72,72,72,72,72,72,82,82,82,82,82,82,82,82,82,82,82,82,82,82,82],"card_choices":[{"not_picked":["Perfected Strike","Twin Strike"],"picked":"Sentinel","floor":1.0},{"not_picked":["Hemokinesis","Entrench"],"picked":"Iron Wave","floor":3.0},{"not_picked":["Fire Breathing","Clothesline"],"picked":"Headbutt","floor":4.0},{"not_picked":["Sentinel","Anger"],"picked":"Heavy Blade","floor":5.0},{"not_picked":["Body Slam","Entrench"],"picked":"Exhume","floor":6.0},{"not_picked":["Anger","Searing Blow"],"picked":"True Grit","floor":8.0},{"not_picked":["Pummel","Body Slam"],"picked":"Battle Trance","floor":10.0},{"not_picked":["Havoc","Infernal Blade"],"picked":"Inflame","floor":11.0},{"not_picked":["Intimidate","Wild Strike"],"picked":"Pommel Strike","floor":12.0},{"not_picked":["Wild Strike","Blood for Blood"],"picked":"Sword Boomerang","floor":14.0},{"not_picked":["Berserk","Offering"],"picked":"Impervious","floor":16},{"not_picked":["Clothesline","Warcry+1"],"picked":"Metallicize","floor":18},{"not_picked":["Dropkick+1","Clothesline"],"picked":"Dual Wield+1","floor":20},{"not_picked":["Wild Strike","Reaper"],"picked":"Shrug It Off","floor":21},{"not_picked":["Wild Strike","Anger"],"picked":"Body Slam","floor":22}],"player_experience":347407,"relics_obtained":[{"floor":6.0,"key":"Incense Burner"},{"floor":9.0,"key":"Potion Belt"},{"floor":10.0,"key":"Pear"}],"event_choices":[{"event_name":"Shining Light","player_choice":"Entered Light","floor":2.0,"damage_taken":0.0}],"is_beta":false,"boss_relics":[{"not_picked":["Calling Bell","Runic Dome"],"picked":"Black Blood"}],"items_purged_floors":[19],"is_endless":false,"potions_floor_spawned":[3,5,6,14,16,21],"killed_by":"Gremlin Leader","ascension_level":8}