{"gold_per_floor":[118,118,118,137,61,61,72,106,106,106,123,123,123,139,139,244,244,263,274,373,373,384,416,426,426,452,467,494,494,513,513,513,611,611,625,625,641,641,489,489,517,517,517,517,527,527,527,540,540,540],"floor_reached":50,"playtime":2854,"items_purged":["Regret"],"score":827,"play_id":"40bc8ac0-039c-4367-a213-5c26ebad0fb6","local_time":"20190529174004","is_ascension_mode":true,"campfire_choices":[{"floor":6,"key":"DIG"},{"data":"Body Slam","floor":10,"key":"SMITH"},{"floor":12,"key":"REST"},{"data":"Perfected Strike","floor":15,"key":"SMITH"},{"floor":25,"key":"REST"},{"floor":29,"key":"DIG"},{"floor":32,"key":"REST"},{"floor":40,"key":"REST"},{"data":"Body Slam","floor":42,"key":"SMITH"},{"floor":46,"key":"REST"},{"data":"Body Slam","floor":49,"key":"SMITH"}],"neow_cost":"NONE","seed_source_timestamp":284200957182626,"circlet_count":0,"master_deck":["Strike_R","Strike_R","Defend_R","Defend_R","Defend_R","Defend_R","Bash","Body Slam+1","Corruption","Feel No Pain","Body Slam+1","Perfected Strike+1","Pommel Strike","Flex","Double Tap+1","True Grit+1","Armaments+1","Inflame","Double Tap","Dual Wield+1","Clumsy","Perfected Strike","Shame","Havoc","Decay","Fiend Fire","Iron Wave+1","Iron Wave+1","Decay","Perfected Strike+1","Jack Of All Trades","Feel No Pain","Injury","Normality","Flame Barrier+1","Body Slam+1"],"relics":["Burning Blood","Ancient Tea Set","Shovel","Ice Cream","Orichalcum","Dead Branch","Bottled Lightning","Thread and Needle","Cursed Key","Bag of Marbles","Centennial Puzzle","War Paint","Potion Belt","Astrolabe","Vajra","Girya","Self Forming Clay"],"potions_floor_usage":[8,22,23,24,30,33,50],"damage_taken":[{"damage":14,"enemies":"Jaw Worm","floor":1,"turns":5},{"damage":7,"enemies":"2 Louse","floor":4,"turns":3},{"damage":14,"enemies":"Small Slimes","floor":7,"turns":4},{"damage":17,"enemies":"Gremlin Nob","floor":8,"turns":5},{"damage":13,"enemies":"Red Slaver","floor":11,"turns":4},{"damage":0,"enemies":"Exordium Thugs","floor":14,"turns":3},{"damage":27,"enemies":"Hexaghost","floor":16,"turns":7},{"damage":4,"enemies":"3 Byrds","floor":18,"turns":5},{"damage":7,"enemies":"Chosen","floor":19,"turns":3},{"damage":6,"enemies":"Snake Plant","floor":22,"turns":2},{"damage":42,"enemies":"Book of Stabbing","floor":23,"turns":6},{"damage":15,"enemies":"Centurion and Healer","floor":24,"turns":8},{"damage":9,"enemies":"Cultist and Chosen","floor":27,"turns":6},{"damage":22,"enemies":"Shelled Parasite and Fungi","floor":30,"turns":4},{"damage":41,"enemies":"Champ","floor":33,"turns":8},{"damage":6,"enemies":"3 Shapes","floor":35,"turns":5},{"damage":38,"enemies":"3 Darklings","floor":37,"turns":5},{"damage":12,"enemies":"Nemesis","floor":41,"turns":1},{"damage":10,"enemies":"Sphere and 2 Shapes","floor":45,"turns":4},{"damage":16,"enemies":"Transient","floor":48,"turns":5},{"damage":65,"enemies":"Awakened One","floor":50,"turns":6}],"seed_played":"4926952379316420672","potions_obtained":[{"floor":7,"key":"SteroidPotion"},{"floor":14,"key":"Explosive Potion"},{"floor":16,"key":"AttackPotion"},{"floor":22,"key":"SteroidPotion"},{"floor":23,"key":"GamblersBrew"},{"floor":30,"key":"Fire Potion"},{"floor":33,"key":"EssenceOfSteel"},{"floor":37,"key":"SmokeBomb"},{"floor":48,"key":"SmokeBomb"}],"is_trial":false,"path_per_floor":["M","?","T","M","$","R","M","E","T","R","M","R","?","M","R","B",null,"M","M","?","?","M","E","M","R","T","M","T","R","M","?","R","B",null,"M","?","M","?","$","R","E","R","T","T","M","R","?","M","R","B"],"character_chosen":"IRONCLAD","items_purchased":["Feel No Pain","Feel No Pain"],"campfire_rested":5,"item_purchase_floors":[5,39],"current_hp_per_floor":[64,61,61,60,60,60,52,41,41,41,34,58,58,64,64,43,71,73,72,72,72,72,36,27,51,51,48,48,48,32,32,56,21,65,65,65,33,33,33,57,51,51,51,51,47,71,71,61,61,0],"gold":540,"neow_bonus":"RANDOM_COMMON_RELIC","is_prod":false,"is_daily":false,"chose_seed":false,"campfire_upgraded":4,"win_rate":0,"timestamp":1559166004,"path_taken":["M","?","?","M","$","R","M","E","T","R","M","R","?","M","R","BOSS","M","M","?","?","?","E","M","R","T","M","?","R","M","?","R","BOSS","M","?","?","?","$","R","E","R","T","?","M","R","?","M","R","BOSS"],"build_version":"2019-01-23","purchased_purges":1,"victory":false,"max_hp_per_floor":[80,80,80,80,80,80,80,80,80,80,80,80,80,80,80,80,80,80,80,80,80,80,80,80,80,80,80,80,80,80,80,80,80,80,80,80,80,80,80,80,80,80,80,80,80,80,80,80,80,80],"card_choices":[{"not_picked":["Wild Strike","Armaments"],"picked":"Body Slam","floor":1},{"not_picked":["Seeing Red","Pommel Strike"],"picked":"Corruption","floor":4},{"not_picked":["Second Wind","True Grit"],"picked":"Body Slam","floor":7},{"not_picked":["Double Tap","Evolve"],"picked":"Perfected Strike","floor":8},{"not_picked":["Warcry","Fire Breathing"],"picked":"Pommel Strike","floor":11},{"not_picked":["Thunderclap","Twin Strike"],"picked":"Flex","floor":14},{"not_picked":["Offering","Immolate"],"picked":"Double Tap","floor":16},{"not_picked":["Anger+1","Uppercut"],"picked":"True Grit+1","floor":18},{"not_picked":["Thunderclap","Clothesline"],"picked":"Armaments","floor":19},{"not_picked":["Wild Strike","Cleave"],"picked":"Dual Wield+1","floor":22},{"not_picked":["Thunderclap","Searing Blow","Cleave"],"picked":"SKIP","floor":23},{"not_picked":["Wild Strike+1","Bludgeon","Twin Strike+1"],"picked":"SKIP","floor":24},{"not_picked":["Sword Boomerang","Shockwave+1"],"picked":"Perfected Strike","floor":27},{"not_picked":["Thunderclap","Hemokinesis"],"picked":"Havoc","floor":30},{"not_picked":["Immolate","Feed"],"picked":"Fiend Fire","floor":33},{"not_picked":["True Grit","Anger","Sever Soul+1"],"picked":"SKIP","floor":35},{"not_picked":["Pommel Strike","Entrench"],"picked":"Perfected Strike+1","floor":37},{"not_picked":["Purity","Forethought"],"picked":"Jack Of All Trades","floor":38},{"not_picked":["True Grit","Clash+1","Sword Boomerang+1"],"picked":"SKIP","floor":41},{"not_picked":["Havoc+1","Clash+1"],"picked":"Flame Barrier+1","floor":45},{"not_picked":["Immolate","Clash+1"],"picked":"Body Slam","floor":48}],"player_experience":1035989,"relics_obtained":[{"floor":3,"key":"Ice Cream"},{"floor":6,"key":"Orichalcum"},{"floor":8,"key":"Dead Branch"},{"floor":9,"key":"Bottled Lightning"},{"floor":23,"key":"Bag of Marbles"},{"floor":26,"key":"Centennial Puzzle"},{"floor":28,"key":"War Paint"},{"floor":29,"key":"Potion Belt"},{"floor":41,"key":"Vajra"},{"floor":43,"key":"Girya"},{"floor":44,"key":"Self Forming Clay"}],"event_choices":[{"damage_healed":0,"gold_gain":0,"player_choice":"Success","damage_taken":3,"relics_obtained":["Shovel"],"max_hp_gain":0,"max_hp_loss":0,"event_name":"Scrap Ooze","floor":2,"gold_loss":0},{"damage_healed":0,"gold_gain":0,"player_choice":"Box","damage_taken":0,"relics_obtained":["Thread and Needle"],"max_hp_gain":0,"max_hp_loss":0,"event_name":"Big Fish","floor":13,"gold_loss":0,"cards_obtained":["Regret"]},{"damage_healed":0,"gold_gain":99,"player_choice":"Stole From Cult","damage_taken":0,"max_hp_gain":0,"max_hp_loss":0,"event_name":"Nest","floor":20,"gold_loss":0},{"damage_healed":0,"gold_gain":0,"player_choice":"2 cards matched","damage_taken":0,"max_hp_gain":0,"max_hp_loss":0,"event_name":"Match and Keep!","floor":21,"gold_loss":0,"cards_obtained":["Inflame","Double Tap"]},{"damage_healed":0,"gold_gain":0,"player_choice":"Smashed Altar","damage_taken":0,"max_hp_gain":0,"max_hp_loss":0,"event_name":"Forgotten Altar","floor":31,"gold_loss":0,"cards_obtained":["Decay"]},{"damage_healed":0,"gold_gain":0,"player_choice":"Cursed","damage_taken":0,"max_hp_gain":0,"max_hp_loss":0,"event_name":"Wheel of Change","floor":36,"gold_loss":0,"cards_obtained":["Decay"]},{"damage_healed":0,"gold_gain":0,"player_choice":"Memory 1","damage_taken":0,"max_hp_gain":0,"max_hp_loss":0,"event_name":"SensoryStone","floor":38,"gold_loss":0},{"cards_removed":["Corruption"],"damage_healed":0,"gold_gain":0,"player_choice":"Removed Power","damage_taken":0,"max_hp_gain":0,"max_hp_loss":0,"event_name":"Falling","floor":47,"gold_loss":0}],"is_beta":false,"boss_relics":[{"not_picked":["Tiny House","Runic Pyramid"],"picked":"Cursed Key"},{"not_picked":["Black Blood","Philosopher\u0027s Stone"],"picked":"Astrolabe"}],"items_purged_floors":[39],"is_endless":false,"potions_floor_spawned":[7,14,16,22,23,30,33,37,48],"killed_by":"Awakened One","ascension_level":6}