{"gold_per_floor":[119,133,16,16,35,35,61,77,77,77,252,252,101,118,118,222,222,222,21,21,21,21,21,21,21,21,21,21,21,21,21,21,21,21,21,21,21,21,21,21,21,21,21,21,21,21],"floor_reached":46,"playtime":2305,"items_purged":["Doubt"],"score":784,"play_id":"69b55ba2-294c-4be2-8794-956edabc0149","local_time":"20190723131732","is_ascension_mode":true,"campfire_choices":[{"data":"Rage","floor":6.0,"key":"SMITH"},{"data":"Armaments","floor":12.0,"key":"SMITH"},{"data":"Flame Barrier","floor":15.0,"key":"SMITH"},{"data":"Body Slam","floor":23.0,"key":"SMITH"},{"floor":25.0,"key":"REST"},{"floor":32.0,"key":"REST"},{"data":"Body Slam","floor":40,"key":"SMITH"},{"floor":42,"key":"REST"},{"floor":44,"key":"REST"}],"neow_cost":"NONE","seed_source_timestamp":0,"circlet_count":0,"master_deck":["AscendersBane","Defend_R","Defend_R","Defend_R","Defend_R","Rage+1","Fire Breathing","Flame Barrier+1","Metallicize","Offering","Armaments+1","Rage","Flame Barrier","Demon Form","Body Slam","Metallicize","Demon Form","Body Slam+1","Body Slam+1","Armaments+1","Bite","Bite","Bite","Bite","Bite","Fire Breathing","Impervious","Evolve+1","Hemokinesis+1","Infernal Blade+1","Body Slam+1","Body Slam+1"],"special_seed":0,"relics":["Burning Blood","NeowsBlessing","Prayer Wheel","Mercury Hourglass","Ectoplasm","OrangePellets","Letter Opener","Happy Flower","Astrolabe","Bird Faced Urn","Turnip","Boot"],"potions_floor_usage":[35,46],"damage_taken":[{"damage":0.0,"enemies":"Small Slimes","floor":1.0,"turns":2.0},{"damage":0.0,"enemies":"Cultist","floor":2.0,"turns":1.0},{"damage":0.0,"enemies":"Jaw Worm","floor":5.0,"turns":1.0},{"damage":9.0,"enemies":"3 Sentries","floor":7.0,"turns":9.0},{"damage":3.0,"enemies":"3 Louse","floor":8.0,"turns":5.0},{"damage":1.0,"enemies":"Exordium Thugs","floor":14.0,"turns":5.0},{"damage":43.0,"enemies":"Hexaghost","floor":16.0,"turns":13.0},{"damage":19.0,"enemies":"Shell Parasite","floor":18.0,"turns":7.0},{"damage":7.0,"enemies":"Chosen","floor":20.0,"turns":6.0},{"damage":52.0,"enemies":"Gremlin Leader","floor":24.0,"turns":8.0},{"damage":28.0,"enemies":"Centurion and Healer","floor":27.0,"turns":6.0},{"damage":22.0,"enemies":"Colosseum Slavers","floor":29.0,"turns":6.0},{"damage":13.0,"enemies":"Snake Plant","floor":30.0,"turns":5.0},{"damage":30.0,"enemies":"Snecko","floor":31.0,"turns":6.0},{"damage":48.0,"enemies":"Champ","floor":33.0,"turns":10.0},{"damage":18,"enemies":"3 Darklings","floor":35,"turns":5},{"damage":32,"enemies":"2 Orb Walkers","floor":36,"turns":4},{"damage":0,"enemies":"Orb Walker","floor":39,"turns":3},{"damage":53,"enemies":"Giant Head","floor":41,"turns":7},{"damage":68,"enemies":"Reptomancer","floor":46,"turns":5}],"seed_played":"-2690487427135238461","potions_obtained":[{"floor":1.0,"key":"Fruit Juice"},{"floor":2.0,"key":"PowerPotion"},{"floor":4.0,"key":"Fruit Juice"},{"floor":4.0,"key":"AttackPotion"},{"floor":4.0,"key":"Poison Potion"},{"floor":7.0,"key":"BloodPotion"},{"floor":20.0,"key":"LiquidBronze"},{"floor":24.0,"key":"FearPotion"},{"floor":33.0,"key":"AttackPotion"},{"floor":36,"key":"Explosive Potion"}],"is_trial":false,"path_per_floor":["M","M","$","?","M","R","E","M","T","$","?","R","$","M","R","B",null,"M","$","M","?","?","R","E","R","T","M","?","?","M","M","R","B",null,"M","?","?","$","M","R","E","R","T","R","$","E"],"character_chosen":"IRONCLAD","items_purchased":["Flame Barrier","Metallicize","Rage","OrangePellets"],"campfire_rested":4,"item_purchase_floors":[3,3,13,19],"current_hp_per_floor":[78,80,80,90,90,90,87,90,90,90,90,90,90,90,90,53,81,68,68,67,67,67,67,21,48,48,48,48,40,40,24,42,24,53,49,31,31,31,47,47,14,31,31,48,48,0],"gold":21,"neow_bonus":"THREE_ENEMY_KILL","is_prod":false,"is_daily":false,"chose_seed":false,"campfire_upgraded":5,"win_rate":0,"timestamp":1563902252,"path_taken":["M","M","$","?","M","R","E","M","T","?","?","R","$","M","R","BOSS","M","$","M","?","?","R","E","R","T","?","?","?","M","M","R","BOSS","M","?","?","?","M","R","E","R","T","R","$","E"],"build_version":"2019-07-17","purchased_purges":1,"victory":false,"max_hp_per_floor":[80,80,80,90,90,90,90,90,90,90,90,90,90,90,90,90,90,90,90,90,90,90,90,90,90,90,90,62,62,62,62,62,62,62,62,62,59,59,59,59,59,59,59,59,59,59],"card_choices":[{"not_picked":["Combust","Headbutt"],"picked":"Rage","floor":1.0},{"not_picked":["Headbutt","Clash"],"picked":"Fire Breathing","floor":2.0},{"not_picked":["True Grit","Headbutt","Thunderclap"],"picked":"SKIP","floor":5.0},{"not_picked":["Bloodletting","Combust"],"picked":"Offering","floor":7.0},{"not_picked":["Blood for Blood","Headbutt"],"picked":"Havoc","floor":8.0},{"not_picked":["Wild Strike","Anger"],"picked":"Armaments","floor":8.0},{"not_picked":["Dual Wield","True Grit"],"picked":"Flame Barrier","floor":14.0},{"not_picked":["Clothesline","Sentinel","Sever Soul"],"picked":"SKIP","floor":14.0},{"not_picked":["Berserk","Immolate"],"picked":"Demon Form","floor":16.0},{"not_picked":["Cleave","Clash"],"picked":"Body Slam","floor":18.0},{"not_picked":["Havoc+1","Hemokinesis"],"picked":"Feel No Pain","floor":18.0},{"not_picked":["Evolve","Flex"],"picked":"Metallicize","floor":20.0},{"not_picked":["Thunderclap","Twin Strike+1"],"picked":"Demon Form","floor":20.0},{"not_picked":["Thunderclap","Carnage"],"picked":"Armaments+1","floor":24.0},{"not_picked":["Clothesline","Thunderclap","True Grit"],"picked":"SKIP","floor":27.0},{"not_picked":["Combust","Intimidate+1","Whirlwind+1"],"picked":"SKIP","floor":27.0},{"not_picked":["Sword Boomerang","Twin Strike"],"picked":"Fire Breathing","floor":30.0},{"not_picked":["Flex+1","Body Slam","Havoc"],"picked":"SKIP","floor":30.0},{"not_picked":["Carnage","Double Tap","Pommel Strike"],"picked":"SKIP","floor":31.0},{"not_picked":["Pommel Strike","Feel No Pain","Dropkick"],"picked":"SKIP","floor":31.0},{"not_picked":["Feed","Exhume"],"picked":"Impervious","floor":33.0},{"not_picked":["True Grit","Sword Boomerang","Inflame"],"picked":"SKIP","floor":35},{"not_picked":["Disarm+1","Intimidate","Dropkick"],"picked":"SKIP","floor":35},{"not_picked":["Bloodletting","Infernal Blade+1"],"picked":"Body Slam+1","floor":36},{"not_picked":["Anger+1","Clash"],"picked":"Body Slam+1","floor":39},{"not_picked":["True Grit","Carnage","Iron Wave+1"],"picked":"SKIP","floor":39},{"not_picked":["Disarm+1","Berserk","Burning Pact"],"picked":"SKIP","floor":41}],"player_experience":1099652,"relics_obtained":[{"floor":7.0,"key":"Prayer Wheel"},{"floor":9.0,"key":"Mercury Hourglass"},{"floor":24.0,"key":"Letter Opener"},{"floor":26.0,"key":"Happy Flower"},{"floor":36,"key":"Bird Faced Urn"},{"floor":41,"key":"Turnip"},{"floor":43,"key":"Boot"}],"event_choices":[{"damage_healed":0.0,"max_hp_gain":0.0,"max_hp_loss":0.0,"gold_gain":0.0,"event_name":"Lab","player_choice":"Got Potions","floor":4.0,"gold_loss":0.0,"damage_taken":0.0},{"damage_healed":0.0,"max_hp_gain":0.0,"max_hp_loss":0.0,"gold_gain":175.0,"event_name":"Liars Game","player_choice":"AGREE","floor":11.0,"gold_loss":0.0,"damage_taken":0.0,"cards_obtained":["Doubt"]},{"damage_healed":0.0,"max_hp_gain":0.0,"max_hp_loss":0.0,"gold_gain":0.0,"event_name":"The Library","player_choice":"Read","floor":21.0,"gold_loss":0.0,"damage_taken":0.0,"cards_obtained":["Body Slam"]},{"damage_healed":0.0,"max_hp_gain":0.0,"max_hp_loss":0.0,"gold_gain":0.0,"event_name":"Duplicator","player_choice":"Copied","floor":22.0,"gold_loss":0.0,"damage_taken":0.0,"cards_obtained":["Body Slam"]},{"damage_healed":0.0,"max_hp_gain":0.0,"max_hp_loss":28.0,"gold_gain":0.0,"event_name":"Vampires","player_choice":"Became a vampire","floor":28.0,"gold_loss":0.0,"damage_taken":0.0,"cards_obtained":["Bite","Bite","Bite","Bite","Bite"]},{"damage_healed":0.0,"max_hp_gain":0.0,"max_hp_loss":0.0,"gold_gain":0.0,"event_name":"Colosseum","player_choice":"Fight","floor":29.0,"gold_loss":0.0,"damage_taken":0.0},{"damage_healed":0.0,"max_hp_gain":0.0,"max_hp_loss":0.0,"gold_gain":0.0,"event_name":"Colosseum","player_choice":"Fled From Nobs","floor":29.0,"gold_loss":0.0,"damage_taken":0.0},{"damage_healed":0,"gold_gain":0,"player_choice":"Fight","damage_taken":0,"max_hp_gain":0,"max_hp_loss":0,"event_name":"Mysterious Sphere","floor":36,"gold_loss":0},{"damage_healed":0,"gold_gain":0,"player_choice":"Max HP","damage_taken":0,"max_hp_gain":0,"max_hp_loss":3,"event_name":"Winding Halls","floor":37,"gold_loss":0}],"is_beta":false,"boss_relics":[{"not_picked":["Orrery","Eternal Feather"],"picked":"Ectoplasm"},{"not_picked":["Black Blood","Runic Cube"],"picked":"Astrolabe"}],"items_purged_floors":[13],"is_endless":false,"potions_floor_spawned":[1,2,7,20,24,33,36],"killed_by":"Reptomancer","ascension_level":10}