{"gold_per_floor":[112,130,61,9,26,51,51,86,86,114,134,134,163,177,177,273,273,285,285,285,285,36,68,68,97,124,124,150,150,164,181,181,181],"floor_reached":33,"playtime":1576,"items_purged":[],"score":381,"play_id":"db034baf-ec9e-4d07-ac9a-ad6c72489888","local_time":"20190506175815","is_ascension_mode":true,"campfire_choices":[{"floor":7,"key":"REST"},{"floor":12,"key":"REST"},{"floor":15,"key":"REST"},{"floor":24,"key":"REST"},{"data":"Consume","floor":27,"key":"SMITH"},{"floor":32,"key":"REST"}],"neow_cost":"NONE","seed_source_timestamp":889603553617147,"circlet_count":0,"master_deck":["Strike_B","Strike_B","Strike_B","Strike_B","Defend_B","Defend_B","Defend_B","Defend_B","Zap+1","Dualcast","Ball Lightning","BootSequence","Melter","Sunder","Ball Lightning","Core Surge","Conserve Battery","Reinforced Body","Static Discharge","Core Surge","Consume+1","Consume+1","Static Discharge","Double Energy+1"],"relics":["Cracked Core","Incense Burner","Gremlin Horn","Dead Branch","Cables","Regal Pillow","Pen Nib","Inserter","Symbiotic Virus","Toxic Egg 2","Blood Vial","Potion Belt","Boot","Mummified Hand","Bottled Lightning"],"potions_floor_usage":[6,16,23,23],"damage_taken":[{"damage":10,"enemies":"Small Slimes","floor":1,"turns":4},{"damage":0,"enemies":"Cultist","floor":2,"turns":2},{"damage":0,"enemies":"2 Louse","floor":5,"turns":2},{"damage":25,"enemies":"3 Sentries","floor":6,"turns":6},{"damage":21,"enemies":"Lagavulin","floor":8,"turns":5},{"damage":20,"enemies":"3 Sentries","floor":10,"turns":5},{"damage":3,"enemies":"Blue Slaver","floor":11,"turns":2},{"damage":18,"enemies":"Gremlin Nob","floor":13,"turns":3},{"damage":1,"enemies":"Red Slaver","floor":14,"turns":2},{"damage":11,"enemies":"The Guardian","floor":16,"turns":8},{"damage":19,"enemies":"Shell Parasite","floor":18,"turns":4},{"damage":18,"enemies":"Gremlin Leader","floor":23,"turns":4},{"damage":35,"enemies":"Book of Stabbing","floor":25,"turns":4},{"damage":30,"enemies":"Slavers","floor":28,"turns":6},{"damage":2,"enemies":"Chosen","floor":30,"turns":3},{"damage":9,"enemies":"Centurion and Healer","floor":31,"turns":3},{"damage":60,"enemies":"Automaton","floor":33,"turns":6}],"seed_played":"-5006553351560416248","potions_obtained":[{"floor":5,"key":"FocusPotion"},{"floor":6,"key":"Ancient Potion"},{"floor":10,"key":"SpeedPotion"},{"floor":11,"key":"Energy Potion"},{"floor":16,"key":"LiquidBronze"},{"floor":18,"key":"SkillPotion"},{"floor":30,"key":"Ancient Potion"},{"floor":31,"key":"FearPotion"}],"is_trial":false,"path_per_floor":["M","M","$","?","M","E","R","E","T","E","M","R","E","M","R","B",null,"M","T","$","?","$","E","R","E","T","R","E","T","M","M","R","B"],"character_chosen":"DEFECT","items_purchased":["Melter","Toxic Egg 2"],"campfire_rested":5,"item_purchase_floors":[3,22],"current_hp_per_floor":[65,65,65,65,65,40,62,41,41,21,18,55,37,36,73,62,75,56,56,56,56,56,38,75,40,40,40,12,12,12,5,42,0],"gold":181,"neow_bonus":"UPGRADE_CARD","is_prod":false,"is_daily":false,"chose_seed":false,"campfire_upgraded":1,"win_rate":0,"timestamp":1557179895,"path_taken":["M","M","$","?","M","E","R","E","T","E","M","R","E","M","R","BOSS","M","?","$","?","$","E","R","E","T","R","E","?","?","M","R","BOSS"],"build_version":"2019-01-23","purchased_purges":0,"victory":false,"max_hp_per_floor":[75,75,75,75,75,75,75,75,75,75,75,75,75,75,75,75,75,75,75,75,75,75,75,75,75,75,75,75,75,75,75,75,75],"card_choices":[{"not_picked":["Steam","Streamline"],"picked":"Ball Lightning","floor":1},{"not_picked":["Leap","Turbo"],"picked":"BootSequence","floor":2},{"not_picked":["Recycle","Fusion"],"picked":"Sunder","floor":5},{"not_picked":["Coolheaded","Chaos"],"picked":"Ball Lightning","floor":6},{"not_picked":["Steam Power","Darkness","Aggregate"],"picked":"SKIP","floor":8},{"not_picked":["Undo","Conserve Battery"],"picked":"Core Surge","floor":10},{"not_picked":["Cold Snap","FTL"],"picked":"Conserve Battery","floor":11},{"not_picked":["Streamline","Machine Learning"],"picked":"Reinforced Body","floor":13},{"not_picked":["Go for the Eyes","Coolheaded"],"picked":"Static Discharge","floor":14},{"not_picked":["Fission","Machine Learning"],"picked":"Core Surge","floor":16},{"not_picked":["Go for the Eyes+1","Hello World"],"picked":"Consume","floor":18},{"not_picked":["Static Discharge","Heatsinks"],"picked":"Consume+1","floor":23},{"not_picked":["Steam Power+1","Stack+1"],"picked":"Static Discharge","floor":25},{"not_picked":["Force Field+1","Steam+1"],"picked":"Double Energy+1","floor":28},{"not_picked":["Sweeping Beam","Ball Lightning","Beam Cell"],"picked":"SKIP","floor":30},{"not_picked":["Streamline+1","Go for the Eyes","Coolheaded+1"],"picked":"SKIP","floor":31}],"player_experience":956721,"relics_obtained":[{"floor":6,"key":"Gremlin Horn"},{"floor":8,"key":"Dead Branch"},{"floor":9,"key":"Cables"},{"floor":10,"key":"Regal Pillow"},{"floor":13,"key":"Pen Nib"},{"floor":23,"key":"Blood Vial"},{"floor":25,"key":"Potion Belt"},{"floor":26,"key":"Boot"},{"floor":28,"key":"Mummified Hand"},{"floor":29,"key":"Bottled Lightning"}],"event_choices":[{"damage_healed":0,"gold_gain":0,"player_choice":"Paid Gold","damage_taken":0,"relics_obtained":["Incense Burner"],"max_hp_gain":0,"max_hp_loss":0,"event_name":"WeMeetAgain","floor":4,"gold_loss":52},{"damage_healed":0,"gold_gain":0,"player_choice":"Opened","damage_taken":0,"relics_obtained":["Symbiotic Virus"],"max_hp_gain":0,"max_hp_loss":0,"event_name":"The Mausoleum","floor":21,"gold_loss":0}],"is_beta":false,"boss_relics":[{"not_picked":["Velvet Choker","Philosopher\u0027s Stone"],"picked":"Inserter"}],"items_purged_floors":[],"is_endless":false,"potions_floor_spawned":[5,6,10,11,16,18,30,31],"killed_by":"Automaton","ascension_level":3}