{"gold_per_floor":[119,79,90,15,27,54,66,84,84,84,97,123,123,146,146,275,275,294,294,10,25,40,71,71],"floor_reached":24,"playtime":3327,"items_purged":["Strike_G"],"score":230,"play_id":"3a60b4ea-554b-425c-8bd7-d93c4d523ea5","local_time":"20190712180311","is_ascension_mode":false,"campfire_choices":[{"floor":15,"key":"REST"}],"neow_cost":"NONE","seed_source_timestamp":153757589754700,"circlet_count":0,"master_deck":["Strike_G","Strike_G","Strike_G","Strike_G","Defend_G","Defend_G","Defend_G","Defend_G","Defend_G","Survivor","Neutralize","Flying Knee","Slice","Heel Hook","Choke+1","Endless Agony+1","Deadly Poison","Slice+1","Sucker Punch+1","Deflect","Injury","Heel Hook+1","Bane+1","Adrenaline","Dash+1","Skewer+1","Caltrops","Choke+1","Choke+1","Terror+1","Adrenaline","Blade Dance+1"],"relics":["Ring of the Snake","NeowsBlessing","Molten Egg 2","Prayer Wheel","Ninja Scroll","Black Star","Nloth\u0027s Gift","Bottled Lightning","WingedGreaves","Anchor"],"potions_floor_usage":[6,7,7,7,11,12,12,16,18,23,23,24],"damage_taken":[{"damage":0,"enemies":"Jaw Worm","floor":1,"turns":1},{"damage":0,"enemies":"Cultist","floor":3,"turns":1},{"damage":0,"enemies":"2 Louse","floor":5,"turns":1},{"damage":31,"enemies":"3 Sentries","floor":6,"turns":11},{"damage":6,"enemies":"Lots of Slimes","floor":7,"turns":5},{"damage":2,"enemies":"Large Slime","floor":8,"turns":4},{"damage":4,"enemies":"3 Louse","floor":11,"turns":3},{"damage":11,"enemies":"Lagavulin","floor":12,"turns":4},{"damage":0,"enemies":"Lots of Slimes","floor":14,"turns":4},{"damage":34,"enemies":"Hexaghost","floor":16,"turns":9},{"damage":1,"enemies":"3 Byrds","floor":18,"turns":4},{"damage":0,"enemies":"Chosen","floor":21,"turns":3},{"damage":11,"enemies":"Snake Plant","floor":22,"turns":3},{"damage":30,"enemies":"Slavers","floor":23,"turns":5},{"damage":32,"enemies":"Gremlin Leader","floor":24,"turns":2}],"seed_played":"4808502139475407365","potions_obtained":[{"floor":2,"key":"GamblersBrew"},{"floor":2,"key":"AttackPotion"},{"floor":2,"key":"FearPotion"},{"floor":5,"key":"Regen Potion"},{"floor":6,"key":"EssenceOfSteel"},{"floor":7,"key":"PowerPotion"},{"floor":10,"key":"LiquidBronze"},{"floor":10,"key":"Ancient Potion"},{"floor":10,"key":"LiquidBronze"},{"floor":11,"key":"Fire Potion"},{"floor":12,"key":"GamblersBrew"},{"floor":16,"key":"SpeedPotion"},{"floor":18,"key":"Ancient Potion"},{"floor":22,"key":"Energy Potion"}],"is_trial":false,"path_per_floor":["M","?","M","$","M","E","M","M","T","?","M","E","?","M","R","B",null,"M","?","$","M","M","E","E"],"character_chosen":"THE_SILENT","items_purchased":["Bottled Lightning","Caltrops"],"campfire_rested":1,"item_purchase_floors":[20,20],"current_hp_per_floor":[70,70,70,70,70,39,47,45,45,45,41,30,30,30,51,17,70,69,69,69,69,58,28,0],"gold":71,"neow_bonus":"THREE_ENEMY_KILL","is_prod":false,"is_daily":false,"chose_seed":false,"campfire_upgraded":0,"win_rate":0.0,"timestamp":1562972591,"path_taken":["M","?","M","$","M","E","M","?","T","?","?","E","?","M","R","BOSS","M","?","$","M","?","E","E"],"build_version":"2019-07-05","purchased_purges":1,"victory":false,"max_hp_per_floor":[70,70,70,70,70,70,70,70,70,70,70,70,70,70,70,70,70,70,70,70,70,70,70,70],"card_choices":[{"not_picked":["Eviscerate","PiercingWail"],"picked":"Flying Knee","floor":1},{"not_picked":["Deadly Poison","Dodge and Roll"],"picked":"Slice","floor":3},{"not_picked":["Catalyst","Masterful Stab"],"picked":"Heel Hook","floor":5},{"not_picked":["Quick Slash","Acrobatics"],"picked":"Choke","floor":6},{"not_picked":["Bane+1","A Thousand Cuts"],"picked":"Endless Agony+1","floor":7},{"not_picked":["Prepared","Infinite Blades"],"picked":"Deadly Poison","floor":8},{"not_picked":["Outmaneuver","Catalyst"],"picked":"Slice+1","floor":11},{"not_picked":["PiercingWail","Acrobatics"],"picked":"Sucker Punch+1","floor":11},{"not_picked":["Glass Knife+1","Noxious Fumes"],"picked":"Deflect","floor":12},{"not_picked":["Dodge and Roll","Deflect"],"picked":"Heel Hook+1","floor":14},{"not_picked":["Backflip","Dagger Throw+1"],"picked":"Bane+1","floor":14},{"not_picked":["Tools of the Trade","Bullet Time"],"picked":"Adrenaline","floor":16},{"not_picked":["Sucker Punch+1","Prepared"],"picked":"Dash+1","floor":18},{"not_picked":["Prepared","Acrobatics"],"picked":"Skewer+1","floor":18},{"not_picked":["Sucker Punch+1","Blade Dance"],"picked":"Choke+1","floor":21},{"not_picked":["Dodge and Roll","Backflip"],"picked":"Choke+1","floor":21},{"not_picked":["Distraction","Dash+1"],"picked":"Terror+1","floor":22},{"not_picked":["Deadly Poison+1","Dagger Spray+1"],"picked":"Adrenaline","floor":22},{"not_picked":["Leg Sweep","Blur"],"picked":"Blade Dance+1","floor":23}],"player_experience":99265,"relics_obtained":[{"floor":6,"key":"Molten Egg 2"},{"floor":9,"key":"Prayer Wheel"},{"floor":12,"key":"Ninja Scroll"},{"floor":23,"key":"WingedGreaves"},{"floor":23,"key":"Anchor"}],"event_choices":[{"damage_healed":0,"gold_gain":0,"player_choice":"Bought 3 Potions","damage_taken":0,"max_hp_gain":0,"max_hp_loss":0,"event_name":"The Woman in Blue","floor":2,"gold_loss":0},{"damage_healed":0,"gold_gain":0,"player_choice":"Got Potions","damage_taken":0,"max_hp_gain":0,"max_hp_loss":0,"event_name":"Lab","floor":10,"gold_loss":0},{"damage_healed":0,"gold_gain":0,"player_choice":"Take Wound","damage_taken":0,"relics_obtained":["Golden Idol"],"max_hp_gain":0,"max_hp_loss":0,"event_name":"Golden Idol","floor":13,"gold_loss":0,"cards_obtained":["Injury"]},{"damage_healed":0,"gold_gain":0,"player_choice":"Traded Relic","damage_taken":0,"relics_obtained":["Nloth\u0027s Gift"],"max_hp_gain":0,"max_hp_loss":0,"event_name":"N\u0027loth","floor":19,"relics_lost":["Golden Idol"],"gold_loss":0}],"is_beta":false,"boss_relics":[{"not_picked":["Snecko Eye","WristBlade"],"picked":"Black Star"}],"items_purged_floors":[4],"is_endless":false,"potions_floor_spawned":[5,6,7,11,12,16,18,22],"killed_by":"Gremlin Leader","ascension_level":0}