{"gold_per_floor":[109,184,199,499,133,161,161,86,136,148,148,148,148,163,163,240,240,256,256,274,274,189,189,30,30,75,75,75,100,173,186,186,260,260,276,151,164,14,34,34,85,118,169,169,169,182,199,231,231,231,231,231,231,152,182,182],"floor_reached":57,"playtime":1429,"items_purged":["Strike_G","Strike_G","Bane","Glass Knife"],"score":2923,"play_id":"dd494766-8918-477d-8c96-b2363516dcc7","local_time":"20190722233731","is_ascension_mode":true,"campfire_choices":[{"data":"Neutralize","floor":7.0,"key":"SMITH"},{"data":"Well Laid Plans","floor":11.0,"key":"SMITH"},{"data":"Skewer","floor":15.0,"key":"SMITH"},{"data":"Terror","floor":23.0,"key":"SMITH"},{"data":"Grand Finale","floor":25.0,"key":"SMITH"},{"floor":28.0,"key":"RECALL"},{"floor":32.0,"key":"REST"},{"floor":40,"key":"REST"},{"data":"Footwork","floor":49,"key":"SMITH"},{"data":"Well Laid Plans","floor":53,"key":"SMITH"}],"neow_cost":"NONE","seed_source_timestamp":365225953440364,"circlet_count":0,"master_deck":["AscendersBane","Survivor","Neutralize+1","Terror+1","Well Laid Plans+1","Backstab","Skewer+1","Grand Finale+1","PiercingWail+1","Backflip+1","Heel Hook","Adrenaline+1","Deflect+1","Well Laid Plans+1","Acrobatics+1","Madness+1","Flash of Steel","Footwork+1"],"special_seed":0,"relics":["Ring of the Snake","NeowsBlessing","Old Coin","Happy Flower","Toxic Egg 2","Centennial Puzzle","Runic Dome","Bottled Tornado","Juzu Bracelet","Bag of Marbles","Pen Nib","Shuriken","Pandora\u0027s Box","Nunchaku","Calipers","Question Card","Ancient Tea Set","Tough Bandages"],"potions_floor_usage":[41,56],"damage_taken":[{"damage":0.0,"enemies":"2 Louse","floor":1.0,"turns":1.0},{"damage":0.0,"enemies":"Jaw Worm","floor":3.0,"turns":1.0},{"damage":0.0,"enemies":"Lagavulin","floor":6.0,"turns":1.0},{"damage":0.0,"enemies":"Small Slimes","floor":10.0,"turns":3.0},{"damage":0.0,"enemies":"3 Louse","floor":14.0,"turns":3.0},{"damage":1.0,"enemies":"Slime Boss","floor":16.0,"turns":6.0},{"damage":1.0,"enemies":"Spheric Guardian","floor":18.0,"turns":3.0},{"damage":15.0,"enemies":"Chosen","floor":20.0,"turns":5.0},{"damage":15.0,"enemies":"Book of Stabbing","floor":29.0,"turns":3.0},{"damage":10.0,"enemies":"Centurion and Healer","floor":31.0,"turns":2.0},{"damage":10,"enemies":"Champ","floor":33,"turns":6},{"damage":11,"enemies":"Orb Walker","floor":35,"turns":2},{"damage":4,"enemies":"3 Darklings","floor":37,"turns":3},{"damage":0,"enemies":"Transient","floor":39,"turns":4},{"damage":0,"enemies":"2 Orb Walkers","floor":41,"turns":1},{"damage":11,"enemies":"Nemesis","floor":42,"turns":3},{"damage":0,"enemies":"Writhing Mass","floor":46,"turns":2},{"damage":0,"enemies":"Sphere and 2 Shapes","floor":47,"turns":2},{"damage":0,"enemies":"Giant Head","floor":48,"turns":3},{"damage":0,"enemies":"Time Eater","floor":50,"turns":2},{"damage":14,"enemies":"Donu and Deca","floor":51,"turns":2},{"damage":4,"enemies":"Shield and Spear","floor":55,"turns":2},{"damage":4,"enemies":"The Heart","floor":56,"turns":7}],"seed_played":"4774966505485836351","potions_obtained":[{"floor":1.0,"key":"Swift Potion"},{"floor":10.0,"key":"GamblersBrew"},{"floor":29.0,"key":"Ancient Potion"},{"floor":31.0,"key":"GamblersBrew"},{"floor":41,"key":"Regen Potion"}],"is_trial":false,"path_per_floor":["M","?","M","?","$","E","R","?","T","M","R","?","?","M","R","B",null,"M","?","M","T","?","R","$","R","T","$","R","E","T","M","R","B",null,"M","$","M","$","M","R","?","E","T","?","T","M","M","E","R","B","B",null,"R","$","E","B",null],"character_chosen":"THE_SILENT","items_purchased":["Well Laid Plans","Happy Flower","Backstab","Backflip+1","GhostInAJar"],"campfire_rested":2,"item_purchase_floors":[5,5,5,24,54],"current_hp_per_floor":[59,48,48,13,13,13,13,13,13,13,13,13,13,13,13,12,53,52,52,37,37,37,37,37,37,37,37,37,22,22,12,31,21,55,44,44,40,40,40,59,59,48,48,38,38,38,38,38,38,38,24,56,56,56,52,48],"gold":182,"neow_bonus":"THREE_ENEMY_KILL","is_prod":false,"is_daily":false,"chose_seed":false,"campfire_upgraded":7,"win_rate":0,"timestamp":1563809851,"path_taken":["M","?","M","?","$","E","R","?","T","M","R","?","?","M","R","BOSS","M","?","?","?","?","R","$","R","T","?","R","E","?","M","R","BOSS","M","$","M","$","M","R","?","E","T","?","?","M","M","E","R","BOSS","BOSS","R","$","E","BOSS"],"build_version":"2019-07-17","purchased_purges":4,"victory":true,"max_hp_per_floor":[66,66,66,66,66,66,66,66,66,66,66,66,66,66,66,66,66,66,66,66,66,66,66,66,66,66,66,66,66,66,66,66,66,66,66,66,66,66,66,66,66,66,66,66,66,66,66,66,66,66,66,66,66,66,66,66],"card_choices":[{"not_picked":["Backflip","Setup"],"picked":"Terror","floor":1.0},{"not_picked":["Dagger Throw","Slice","Setup"],"picked":"SKIP","floor":3.0},{"not_picked":["Sucker Punch","Finisher","Outmaneuver"],"picked":"SKIP","floor":6.0},{"not_picked":["Riddle With Holes","Bane","Setup+1"],"picked":"SKIP","floor":10.0},{"not_picked":["Setup+1","PiercingWail+1"],"picked":"Skewer","floor":14.0},{"not_picked":["Doppelganger+1","Bullet Time+1"],"picked":"Grand Finale","floor":16.0},{"not_picked":["Flying Knee","Well Laid Plans"],"picked":"PiercingWail+1","floor":18.0},{"not_picked":["Catalyst+1","Quick Slash","Deadly Poison+1"],"picked":"SKIP","floor":20.0},{"not_picked":["Cloak And Dagger+1","Well Laid Plans","Dodge and Roll+1"],"picked":"SKIP","floor":29.0},{"not_picked":["Prepared+1","Dodge and Roll+1","Outmaneuver+1"],"picked":"SKIP","floor":31.0},{"not_picked":["Quick Slash","Catalyst+1","Heel Hook"],"picked":"SKIP","floor":35},{"not_picked":["Bane","Blade Dance+1","PiercingWail+1"],"picked":"SKIP","floor":37},{"not_picked":["Backflip+1","Choke+1","Flying Knee+1"],"picked":"SKIP","floor":39},{"not_picked":["Malaise+1","Prepared+1"],"picked":"Acrobatics+1","floor":42},{"not_picked":["PanicButton+1","Panache"],"picked":"Madness+1","floor":44},{"not_picked":["Forethought+1","Madness+1"],"picked":"Flash of Steel","floor":44},{"not_picked":["Flying Knee","Calculated Gamble+1","Prepared+1","Dagger Throw"],"picked":"SKIP","floor":46},{"not_picked":["Backflip+1","Reflex+1","Flying Knee+1"],"picked":"Footwork","floor":47},{"not_picked":["Cloak And Dagger+1","Deflect+1","Flying Knee","Footwork"],"picked":"SKIP","floor":48},{"not_picked":["Leg Sweep+1","Storm of Steel+1","Die Die Die","Prepared+1"],"picked":"SKIP","floor":55}],"player_experience":2064209,"relics_obtained":[{"floor":6.0,"key":"Toxic Egg 2"},{"floor":9.0,"key":"Centennial Puzzle"},{"floor":21.0,"key":"Bottled Tornado"},{"floor":26.0,"key":"Bag of Marbles"},{"floor":29.0,"key":"Pen Nib"},{"floor":30.0,"key":"Shuriken"},{"floor":41,"key":"Nunchaku"},{"floor":42,"key":"Calipers"},{"floor":45,"key":"Question Card"},{"floor":48,"key":"Ancient Tea Set"},{"floor":55,"key":"Tough Bandages"}],"event_choices":[{"damage_healed":0.0,"max_hp_gain":0.0,"max_hp_loss":0.0,"gold_gain":75.0,"event_name":"World of Goop","player_choice":"Gather Gold","floor":2.0,"gold_loss":0.0,"damage_taken":11.0},{"damage_healed":0.0,"max_hp_gain":0.0,"max_hp_loss":0.0,"gold_gain":0.0,"event_name":"Scrap Ooze","player_choice":"Success","floor":4.0,"gold_loss":0.0,"damage_taken":35.0,"relics_obtained":["Old Coin"]},{"cards_removed":["Strike_G"],"damage_healed":0.0,"max_hp_gain":0.0,"max_hp_loss":0.0,"gold_gain":0.0,"event_name":"The Cleric","player_choice":"Card Removal","floor":8.0,"gold_loss":75.0,"damage_taken":0.0},{"damage_healed":0.0,"max_hp_gain":0.0,"max_hp_loss":0.0,"gold_gain":0.0,"event_name":"Liars Game","player_choice":"Ignored","floor":12.0,"gold_loss":0.0,"damage_taken":0.0},{"damage_healed":0.0,"max_hp_gain":0.0,"max_hp_loss":0.0,"gold_gain":0.0,"event_name":"Shining Light","player_choice":"Ignored","floor":13.0,"gold_loss":0.0,"damage_taken":0.0},{"cards_removed":["Strike_G"],"damage_healed":0.0,"max_hp_gain":0.0,"max_hp_loss":0.0,"gold_gain":0.0,"event_name":"Purifier","player_choice":"Purged","floor":19.0,"gold_loss":0.0,"damage_taken":0.0},{"damage_healed":0.0,"max_hp_gain":0.0,"max_hp_loss":0.0,"gold_gain":0.0,"event_name":"Addict","player_choice":"Obtained Relic","floor":22.0,"gold_loss":85.0,"damage_taken":0.0,"relics_obtained":["Juzu Bracelet"]},{"damage_healed":0,"gold_gain":0,"player_choice":"Fight","damage_taken":0,"max_hp_gain":0,"max_hp_loss":0,"event_name":"Mysterious Sphere","floor":41,"gold_loss":0},{"damage_healed":0,"gold_gain":0,"player_choice":"Memory 3","damage_taken":10,"max_hp_gain":0,"max_hp_loss":0,"event_name":"SensoryStone","floor":44,"gold_loss":0}],"is_beta":false,"boss_relics":[{"not_picked":["Velvet Choker","Busted Crown"],"picked":"Runic Dome"},{"not_picked":["Coffee Dripper","HoveringKite"],"picked":"Pandora\u0027s Box"}],"items_purged_floors":[5,24,36,38],"is_endless":false,"potions_floor_spawned":[1,10,29,31,37,41,47,48,55],"ascension_level":20}