{"gold_per_floor":[117,292,64,74,349,374,388,32,32,67,86,104,104,124,124,219,219,233,158,171,171,188,188,188,220,220,245,245,16,16,16,16,16],"floor_reached":33,"playtime":1218,"items_purged":["Doubt","Regret"],"score":318,"play_id":"c85551de-676a-472a-8923-3f04641961c4","local_time":"20190324133336","is_ascension_mode":false,"campfire_choices":[{"data":"Static Discharge","floor":13,"key":"SMITH"},{"floor":15,"key":"REST"},{"data":"Electrodynamics","floor":23,"key":"SMITH"},{"floor":28,"key":"REST"},{"floor":32,"key":"RECALL"}],"neow_cost":"NONE","seed_source_timestamp":95242377861953,"circlet_count":0,"master_deck":["Strike_B","Strike_B","Strike_B","Strike_B","Defend_B","Defend_B","Defend_B+1","Zap+1","Dualcast","Self Repair","Genetic Algorithm","Aggregate+1","Redo+1","Static Discharge+1","Apotheosis+1","Steam+1","Static Discharge","Leap+1","Electrodynamics+1","Auto Shields+1","Streamline+1","Shame","Writhe","Thunder Strike+1","White Noise+1"],"relics":["Cracked Core","NeowsBlessing","Regal Pillow","Toxic Egg 2","Smiling Mask","White Beast Statue","War Paint","Molten Egg 2","DataDisk","Frozen Egg 2","Blood Vial"],"potions_floor_usage":[16,25,25,33],"damage_taken":[{"damage":0,"enemies":"Small Slimes","floor":1,"turns":1},{"damage":0,"enemies":"Jaw Worm","floor":4,"turns":1},{"damage":0,"enemies":"3 Sentries","floor":6,"turns":1},{"damage":14,"enemies":"Cultist","floor":7,"turns":4},{"damage":32,"enemies":"Gremlin Nob","floor":10,"turns":4},{"damage":10,"enemies":"Large Slime","floor":11,"turns":6},{"damage":21,"enemies":"3 Louse","floor":12,"turns":2},{"damage":4,"enemies":"2 Fungi Beasts","floor":14,"turns":4},{"damage":23,"enemies":"The Guardian","floor":16,"turns":7},{"damage":12,"enemies":"Spheric Guardian","floor":18,"turns":3},{"damage":28,"enemies":"3 Byrds","floor":20,"turns":3},{"damage":14,"enemies":"Snake Plant","floor":22,"turns":3},{"damage":35,"enemies":"Book of Stabbing","floor":25,"turns":5},{"damage":20,"enemies":"Slavers","floor":27,"turns":4},{"damage":77,"enemies":"Automaton","floor":33,"turns":6}],"seed_played":"2289346409409808993","potions_obtained":[{"floor":4,"key":"FearPotion"},{"floor":7,"key":"SpeedPotion"},{"floor":12,"key":"Weak Potion"},{"floor":18,"key":"Energy Potion"},{"floor":22,"key":"FairyPotion"},{"floor":25,"key":"SteroidPotion"},{"floor":27,"key":"Poison Potion"}],"is_trial":false,"path_per_floor":["M","?","$","M","?","E","M","$","T","E","M","M","R","M","R","B",null,"M","?","M","?","M","R","?","E","T","E","R","$","?","?","R","B"],"character_chosen":"DEFECT","items_purchased":["Regal Pillow","Static Discharge","Apotheosis+1","Thunder Strike+1","White Noise+1"],"campfire_rested":2,"item_purchase_floors":[3,8,8,29,29],"current_hp_per_floor":[75,75,75,75,75,75,68,68,68,46,43,22,22,25,62,49,75,73,73,55,55,41,41,41,13,13,8,45,45,70,70,70,0],"gold":16,"neow_bonus":"THREE_ENEMY_KILL","is_prod":false,"is_daily":false,"chose_seed":false,"campfire_upgraded":2,"win_rate":0,"timestamp":1553448816,"path_taken":["M","?","$","M","?","E","M","$","T","E","?","M","R","M","R","BOSS","M","?","M","?","M","R","?","E","T","E","R","$","?","?","R","BOSS"],"build_version":"2019-01-23","purchased_purges":2,"victory":false,"max_hp_per_floor":[75,75,75,75,75,75,75,75,75,75,75,75,75,75,75,75,75,75,75,75,75,75,75,75,75,75,75,75,75,75,75,75,75],"card_choices":[{"not_picked":["Ball Lightning","Go for the Eyes"],"picked":"Self Repair","floor":1},{"not_picked":["Scrape","Hologram"],"picked":"Genetic Algorithm","floor":4},{"not_picked":["Reboot","Sunder"],"picked":"Aggregate","floor":6},{"not_picked":["Gash","BootSequence+1"],"picked":"Redo+1","floor":7},{"not_picked":["Hello World","Compile Driver"],"picked":"Steam+1","floor":10},{"not_picked":["Undo+1","Beam Cell","Barrage"],"picked":"SKIP","floor":11},{"not_picked":["Leap+1","Multi-Cast+1"],"picked":"Static Discharge","floor":12},{"not_picked":["Coolheaded+1","Blizzard"],"picked":"Leap+1","floor":14},{"not_picked":["Buffer","Amplify+1"],"picked":"Electrodynamics","floor":16},{"not_picked":["Stack+1","Barrage"],"picked":"Auto Shields+1","floor":18},{"not_picked":["Ball Lightning","Coolheaded+1"],"picked":"Streamline+1","floor":20},{"not_picked":["Gash","Go for the Eyes","Aggregate+1"],"picked":"SKIP","floor":22},{"not_picked":["Doom and Gloom+1","Compile Driver+1","Auto Shields+1"],"picked":"SKIP","floor":25},{"not_picked":["Go for the Eyes+1","Recycle+1","Compile Driver+1"],"picked":"SKIP","floor":27}],"player_experience":756382,"relics_obtained":[{"floor":6,"key":"Toxic Egg 2"},{"floor":10,"key":"Smiling Mask"},{"floor":25,"key":"DataDisk"},{"floor":26,"key":"Frozen Egg 2"},{"floor":27,"key":"Blood Vial"}],"event_choices":[{"damage_healed":0,"gold_gain":175,"player_choice":"AGREE","damage_taken":0,"max_hp_gain":0,"max_hp_loss":0,"event_name":"Liars Game","floor":2,"gold_loss":0,"cards_obtained":["Doubt"]},{"damage_healed":0,"gold_gain":275,"player_choice":"Desecrate","damage_taken":0,"max_hp_gain":0,"max_hp_loss":0,"event_name":"Golden Shrine","floor":5,"gold_loss":0,"cards_obtained":["Regret"]},{"cards_removed":["Defend_B"],"damage_healed":0,"gold_gain":0,"player_choice":"Gave Gold","damage_taken":0,"max_hp_gain":0,"max_hp_loss":0,"event_name":"Beggar","floor":19,"gold_loss":75},{"damage_healed":0,"gold_gain":0,"player_choice":"Stole Relic","damage_taken":0,"relics_obtained":["War Paint"],"max_hp_gain":0,"max_hp_loss":0,"event_name":"Addict","floor":21,"gold_loss":0,"cards_obtained":["Shame"]},{"damage_healed":0,"gold_gain":0,"player_choice":"Opened","damage_taken":0,"relics_obtained":["Molten Egg 2"],"max_hp_gain":0,"max_hp_loss":0,"event_name":"The Mausoleum","floor":24,"gold_loss":0,"cards_obtained":["Writhe"]},{"damage_healed":25,"gold_gain":0,"player_choice":"Heal","damage_taken":0,"max_hp_gain":0,"max_hp_loss":0,"event_name":"The Library","floor":30,"gold_loss":0},{"damage_healed":0,"gold_gain":0,"player_choice":"Ignored","damage_taken":0,"max_hp_gain":0,"max_hp_loss":0,"event_name":"Ghosts","floor":31,"gold_loss":0}],"is_beta":false,"boss_relics":[{"not_picked":["Tiny House","Ectoplasm"],"picked":"White Beast Statue"}],"items_purged_floors":[3,8],"is_endless":false,"potions_floor_spawned":[4,7,12,14,18,20,22,25,27],"killed_by":"Automaton","ascension_level":0}