{"gold_per_floor":[118,6,20,20,88,88,138,173,173,187,187,202,202,302,302,302],"floor_reached":16,"playtime":252,"items_purged":["Strike_R"],"score":200,"play_id":"8ab0f141-f384-4e46-b54d-cf1c9fbcd0de","local_time":"20190603211220","is_ascension_mode":true,"campfire_choices":[{"data":"Searing Blow","floor":6.0,"key":"SMITH"},{"data":"Searing Blow+1","floor":11.0,"key":"SMITH"},{"data":"Searing Blow+2","floor":13.0,"key":"SMITH"},{"data":"Searing Blow+3","floor":15.0,"key":"SMITH"}],"neow_cost":"NONE","seed_source_timestamp":107441646167508,"circlet_count":0,"master_deck":["AscendersBane","Strike_R","Strike_R","Strike_R","Strike_R","Defend_R","Defend_R","Defend_R","Defend_R","Bash","Body Slam","Searing Blow+4","Burning Pact","Shrug It Off"],"special_seed":0,"relics":["Burning Blood","NeowsBlessing","SsserpentHead","Gambling Chip","Champion Belt"],"potions_floor_usage":[16],"damage_taken":[{"damage":0.0,"enemies":"2 Louse","floor":1.0,"turns":1.0},{"damage":0.0,"enemies":"Cultist","floor":3.0,"turns":1.0},{"damage":0.0,"enemies":"Jaw Worm","floor":5.0,"turns":1.0},{"damage":62.0,"enemies":"3 Sentries","floor":8.0,"turns":11.0},{"damage":14.0,"enemies":"2 Fungi Beasts","floor":10.0,"turns":5.0},{"damage":10.0,"enemies":"Red Slaver","floor":12.0,"turns":3.0},{"damage":38,"enemies":"Slime Boss","floor":16,"turns":3}],"seed_played":"617326003223310222","potions_obtained":[{"floor":8.0,"key":"Strength Potion"},{"floor":10.0,"key":"EssenceOfSteel"},{"floor":12.0,"key":"Explosive Potion"}],"is_trial":false,"path_per_floor":["M","$","M","?","M","R","?","E","T","M","R","M","R","?","R","B"],"character_chosen":"IRONCLAD","items_purchased":["Searing Blow"],"campfire_rested":0,"item_purchase_floors":[2],"current_hp_per_floor":[74,74,75,75,75,75,80,24,24,16,16,12,12,12,12,0],"gold":302,"neow_bonus":"THREE_ENEMY_KILL","is_prod":false,"is_daily":false,"chose_seed":false,"campfire_upgraded":4,"win_rate":0,"timestamp":1559567540,"path_taken":["M","$","M","?","?","R","?","E","T","M","R","M","R","?","R","BOSS"],"build_version":"2019-01-23","purchased_purges":1,"victory":false,"max_hp_per_floor":[75,75,75,75,75,75,80,80,80,80,80,80,80,80,80,80],"card_choices":[{"not_picked":["Armaments","Twin Strike"],"picked":"Body Slam","floor":1.0},{"not_picked":["Twin Strike","Flex"],"picked":"Burning Pact","floor":3.0},{"not_picked":["Cleave","Iron Wave","Shrug It Off"],"picked":"SKIP","floor":5.0},{"not_picked":["Cleave","Iron Wave"],"picked":"Shrug It Off","floor":5.0},{"not_picked":["Dropkick","Cleave","Iron Wave"],"picked":"SKIP","floor":8.0},{"not_picked":["Brutality","Pommel Strike","Infernal Blade"],"picked":"SKIP","floor":10.0},{"not_picked":["Body Slam","Anger","Flex"],"picked":"SKIP","floor":12.0}],"player_experience":1850330,"relics_obtained":[{"floor":8.0,"key":"Gambling Chip"},{"floor":9.0,"key":"Champion Belt"}],"event_choices":[{"damage_healed":0.0,"max_hp_gain":0.0,"max_hp_loss":0.0,"gold_gain":0.0,"event_name":"FaceTrader","player_choice":"Trade","floor":4.0,"gold_loss":0.0,"damage_taken":0.0,"relics_obtained":["SsserpentHead"]},{"damage_healed":0.0,"max_hp_gain":5.0,"max_hp_loss":0.0,"gold_gain":0.0,"event_name":"Big Fish","player_choice":"Donut","floor":7.0,"gold_loss":0.0,"damage_taken":0.0},{"damage_healed":0.0,"max_hp_gain":0.0,"max_hp_loss":0.0,"gold_gain":50.0,"event_name":"Golden Shrine","player_choice":"Pray","floor":14.0,"gold_loss":0.0,"damage_taken":0.0}],"is_beta":false,"boss_relics":[],"items_purged_floors":[2],"is_endless":false,"potions_floor_spawned":[8,10,12],"killed_by":"Slime Boss","ascension_level":20}