{"gold_per_floor":[109,129,204,204,224,224,254,254,277,277,295,311,84,102,102,179,179,190,80,80,100,150,150,50,84,111,111,32,43,43,43,43,117,117,134,134],"floor_reached":36,"playtime":1216,"items_purged":["Strike_G","Defend_G"],"score":910,"play_id":"a9467fd7-a54c-4119-917f-6d8975152804","local_time":"20190516155838","is_ascension_mode":true,"campfire_choices":[{"data":"Flechettes","floor":6.0,"key":"SMITH"},{"floor":8.0,"key":"REST"},{"data":"Neutralize","floor":10.0,"key":"SMITH"},{"data":"Impatience","floor":15.0,"key":"SMITH"},{"data":"Well Laid Plans","floor":23,"key":"SMITH"},{"data":"Acrobatics","floor":27,"key":"SMITH"},{"data":"Tactician","floor":32,"key":"SMITH"}],"neow_cost":"PERCENT_DAMAGE","seed_source_timestamp":0,"circlet_count":0,"master_deck":["AscendersBane","Defend_G","Defend_G","Defend_G+1","Defend_G","Survivor","Neutralize+1","Flechettes+1","Backstab","Terror","Well Laid Plans+1","Impatience+1","Endless Agony","Tools of the Trade","Acrobatics+1","Well Laid Plans","Calculated Gamble","Tactician+1","Ghostly","Ghostly","Ghostly","Grand Finale"],"special_seed":0,"relics":["Ring of the Snake","Happy Flower","Juzu Bracelet","Runic Dome","Ornamental Fan","Lantern","Runic Pyramid"],"potions_floor_usage":[20],"damage_taken":[{"damage":0.0,"enemies":"Jaw Worm","floor":1.0,"turns":10.0},{"damage":7.0,"enemies":"Small Slimes","floor":2.0,"turns":5.0},{"damage":0.0,"enemies":"Cultist","floor":5.0,"turns":4.0},{"damage":20.0,"enemies":"Lagavulin","floor":7.0,"turns":8.0},{"damage":1.0,"enemies":"Large Slime","floor":11.0,"turns":5.0},{"damage":0.0,"enemies":"Exordium Wildlife","floor":12.0,"turns":4.0},{"damage":5.0,"enemies":"Exordium Thugs","floor":14.0,"turns":5.0},{"damage":7.0,"enemies":"Slime Boss","floor":16.0,"turns":8.0},{"damage":11.0,"enemies":"Spheric Guardian","floor":18.0,"turns":4.0},{"damage":3,"enemies":"Colosseum Slavers","floor":20,"turns":3},{"damage":11,"enemies":"Chosen","floor":21,"turns":5},{"damage":0,"enemies":"Gremlin Leader","floor":25,"turns":4},{"damage":0,"enemies":"Centurion and Healer","floor":29,"turns":3},{"damage":0,"enemies":"Automaton","floor":33,"turns":5},{"damage":9,"enemies":"3 Shapes","floor":35,"turns":8},{"damage":25,"enemies":"2 Orb Walkers","floor":36,"turns":5}],"seed_played":"-3862342068425299498","potions_obtained":[{"floor":1.0,"key":"Block Potion"},{"floor":2.0,"key":"Energy Potion"},{"floor":12.0,"key":"Strength Potion"},{"floor":18.0,"key":"FearPotion"},{"floor":21,"key":"Weak Potion"}],"is_trial":false,"path_per_floor":["M","M","?","?","M","R","E","R","T","R","M","M","$","M","R","B",null,"M","?","?","M","?","R","$","E","T","R","$","M","?","?","R","B",null,"M","?"],"character_chosen":"THE_SILENT","items_purchased":["Impatience","AttackPotion","Calculated Gamble"],"campfire_rested":1,"item_purchase_floors":[13,13,28],"current_hp_per_floor":[44,37,26,26,26,26,6,25,25,25,24,24,24,19,19,12,53,42,42,39,28,28,28,28,28,28,28,28,28,28,21,21,21,34,25,0],"gold":134,"neow_bonus":"REMOVE_TWO","is_prod":false,"is_daily":false,"chose_seed":false,"campfire_upgraded":6,"win_rate":0,"timestamp":1557993518,"path_taken":["M","M","?","?","M","R","E","R","T","R","M","M","$","M","R","BOSS","M","?","?","M","?","R","$","E","T","R","?","M","?","?","R","BOSS","M","?"],"build_version":"2019-01-23","purchased_purges":2,"victory":false,"max_hp_per_floor":[66,66,66,66,66,66,66,66,66,66,66,66,66,66,66,66,66,66,66,66,66,66,66,66,66,66,66,66,66,33,38,38,38,38,38,38],"card_choices":[{"not_picked":["Predator","Quick Slash"],"picked":"Flechettes","floor":1.0},{"not_picked":["Endless Agony","Cloak And Dagger"],"picked":"Backstab","floor":2.0},{"not_picked":["Bane","Underhanded Strike","Dagger Throw"],"picked":"SKIP","floor":5.0},{"not_picked":["Quick Slash","Tools of the Trade"],"picked":"Terror","floor":7.0},{"not_picked":["Dagger Spray","Setup"],"picked":"Well Laid Plans","floor":11.0},{"not_picked":["Dagger Throw","Blur","Poisoned Stab"],"picked":"SKIP","floor":12.0},{"not_picked":["Accuracy","Cloak And Dagger"],"picked":"Endless Agony","floor":14.0},{"not_picked":["Die Die Die","Envenom"],"picked":"Tools of the Trade","floor":16.0},{"not_picked":["Accuracy","Quick Slash","Dagger Spray"],"picked":"SKIP","floor":18.0},{"not_picked":["Dodge and Roll","Slice"],"picked":"Acrobatics","floor":21},{"not_picked":["Masterful Stab","Setup"],"picked":"Well Laid Plans","floor":25},{"not_picked":["Backflip","Underhanded Strike"],"picked":"Tactician","floor":29},{"not_picked":["Malaise","Die Die Die"],"picked":"Grand Finale","floor":33},{"not_picked":["Terror","Deflect+1","Heel Hook+1"],"picked":"SKIP","floor":35}],"player_experience":1706802,"relics_obtained":[{"floor":7.0,"key":"Happy Flower"},{"floor":9.0,"key":"Juzu Bracelet"},{"floor":25,"key":"Ornamental Fan"},{"floor":26,"key":"Lantern"}],"event_choices":[{"damage_healed":0.0,"max_hp_gain":0.0,"max_hp_loss":0.0,"gold_gain":75.0,"event_name":"World of Goop","player_choice":"Gather Gold","floor":3.0,"gold_loss":0.0,"damage_taken":11.0},{"cards_removed":["Strike_G"],"damage_healed":0.0,"max_hp_gain":0.0,"max_hp_loss":0.0,"gold_gain":0.0,"event_name":"Living Wall","player_choice":"Forget","floor":4.0,"gold_loss":0.0,"damage_taken":0.0},{"cards_removed":["Strike_G"],"damage_healed":0.0,"max_hp_gain":0.0,"max_hp_loss":0.0,"gold_gain":0.0,"event_name":"Designer","player_choice":"Upgrade and Remove","floor":19.0,"gold_loss":110.0,"damage_taken":0.0,"cards_upgraded":["Defend_G"]},{"damage_healed":0,"gold_gain":0,"player_choice":"Fight","damage_taken":0,"max_hp_gain":0,"max_hp_loss":0,"event_name":"Colosseum","floor":20,"gold_loss":0},{"damage_healed":0,"gold_gain":0,"player_choice":"Fled From Nobs","damage_taken":0,"max_hp_gain":0,"max_hp_loss":0,"event_name":"Colosseum","floor":20,"gold_loss":0},{"damage_healed":0,"gold_gain":50,"player_choice":"Stole From Cult","damage_taken":0,"max_hp_gain":0,"max_hp_loss":0,"event_name":"Nest","floor":22,"gold_loss":0},{"damage_healed":0,"gold_gain":0,"player_choice":"Became a Ghost","damage_taken":0,"max_hp_gain":0,"max_hp_loss":33,"event_name":"Ghosts","floor":30,"gold_loss":0,"cards_obtained":["Ghostly","Ghostly","Ghostly"]},{"damage_healed":0,"gold_gain":0,"player_choice":"Shed Blood","damage_taken":12,"max_hp_gain":5,"max_hp_loss":0,"event_name":"Forgotten Altar","floor":31,"gold_loss":0},{"damage_healed":0,"gold_gain":0,"player_choice":"Fight","damage_taken":0,"max_hp_gain":0,"max_hp_loss":0,"event_name":"Mysterious Sphere","floor":36,"gold_loss":0}],"is_beta":false,"boss_relics":[{"not_picked":["Tiny House","Busted Crown"],"picked":"Runic Dome"},{"not_picked":["Snecko Eye","Black Star"],"picked":"Runic Pyramid"}],"items_purged_floors":[13,24],"is_endless":false,"potions_floor_spawned":[1,2,12,18,21],"killed_by":"2 Orb Walkers","ascension_level":20}