{"gold_per_floor":[116,136,66,66,76,108,108,120,146,146,166,193,193,206,206,304],"floor_reached":16,"playtime":886,"items_purged":[],"score":243,"play_id":"22e9a5f5-1ce2-4979-b97f-854ad34e6284","local_time":"20190731175229","is_ascension_mode":true,"campfire_choices":[{"data":"Bludgeon","floor":7,"key":"SMITH"},{"floor":10,"key":"REST"},{"data":"Infernal Blade","floor":13,"key":"SMITH"},{"data":"Armaments","floor":15,"key":"SMITH"}],"neow_cost":"NONE","seed_source_timestamp":625637616640489,"circlet_count":0,"master_deck":["AscendersBane","Strike_R","Strike_R","Strike_R","Strike_R","Strike_R","Defend_R","Defend_R","Defend_R","Defend_R","Iron Wave","Infernal Blade+1","Feel No Pain","Bludgeon+1","Burning Pact","Armaments+1","Uppercut"],"relics":["Burning Blood","NeowsBlessing","Dream Catcher","Boot","Bag of Preparation"],"potions_floor_usage":[12,12,16],"damage_taken":[{"damage":0,"enemies":"Small Slimes","floor":1,"turns":1},{"damage":0,"enemies":"Cultist","floor":2,"turns":1},{"damage":0,"enemies":"Jaw Worm","floor":5,"turns":1},{"damage":32,"enemies":"Lagavulin","floor":6,"turns":5},{"damage":12,"enemies":"Looter","floor":8,"turns":3},{"damage":13,"enemies":"Large Slime","floor":11,"turns":5},{"damage":15,"enemies":"3 Sentries","floor":12,"turns":6},{"damage":2,"enemies":"2 Fungi Beasts","floor":14,"turns":4},{"damage":37,"enemies":"Slime Boss","floor":16,"turns":7}],"seed_played":"5814741616553354074","potions_obtained":[{"floor":2,"key":"Regen Potion"},{"floor":6,"key":"Strength Potion"},{"floor":11,"key":"Energy Potion"},{"floor":16,"key":"Dexterity Potion"}],"is_trial":false,"path_per_floor":["M","M","$","?","M","E","R","M","T","R","M","E","R","M","R","B"],"character_chosen":"IRONCLAD","items_purchased":["Feel No Pain"],"campfire_rested":1,"item_purchase_floors":[3],"current_hp_per_floor":[78,80,80,80,80,54,54,48,48,72,65,71,71,75,75,44],"gold":304,"neow_bonus":"THREE_ENEMY_KILL","is_prod":false,"is_daily":false,"chose_seed":false,"campfire_upgraded":3,"win_rate":0,"timestamp":1564609949,"path_taken":["M","M","$","?","?","E","R","M","T","R","M","E","R","M","R","BOSS"],"build_version":"2019-07-17","purchased_purges":0,"victory":false,"max_hp_per_floor":[80,80,80,80,80,80,80,80,80,80,80,80,80,80,80,80],"card_choices":[{"not_picked":["Anger","Sword Boomerang"],"picked":"Iron Wave","floor":1},{"not_picked":["Armaments","Anger"],"picked":"Infernal Blade","floor":2},{"not_picked":["Flex","Cleave"],"picked":"Bludgeon","floor":5},{"not_picked":["Fire Breathing","Entrench"],"picked":"Burning Pact","floor":6},{"not_picked":["Clothesline","Ghostly Armor","Limit Break"],"picked":"SKIP","floor":8},{"not_picked":["Anger","Intimidate"],"picked":"Armaments","floor":10},{"not_picked":["Cleave","True Grit"],"picked":"Uppercut","floor":11},{"not_picked":["Anger","Shockwave","Dual Wield"],"picked":"SKIP","floor":12},{"not_picked":["Fiend Fire","Sword Boomerang","Iron Wave"],"picked":"SKIP","floor":14}],"player_experience":1115973,"relics_obtained":[{"floor":6,"key":"Dream Catcher"},{"floor":9,"key":"Boot"},{"floor":12,"key":"Bag of Preparation"}],"event_choices":[{"cards_removed":["Bash"],"damage_healed":0,"gold_gain":0,"player_choice":"Card Removal","damage_taken":0,"max_hp_gain":0,"max_hp_loss":0,"event_name":"Wheel of Change","floor":4,"gold_loss":0}],"is_beta":false,"boss_relics":[],"items_purged_floors":[],"is_endless":false,"potions_floor_spawned":[2,6,11,16],"killed_by":"Slime Boss","ascension_level":10}