{"gold_per_floor":[12,12,32,32,56,56,89,114,139,177,177,25,25,59,59,59],"floor_reached":16,"playtime":816,"items_purged":[],"score":190,"play_id":"30bb1af4-d5e7-41d4-a0b9-a2cd8ff8cf45","local_time":"20180726225442","is_ascension_mode":true,"campfire_choices":[{"data":"Bash","floor":6,"key":"SMITH"},{"data":"Carnage","floor":11,"key":"SMITH"},{"data":"True Grit","floor":15,"key":"SMITH"}],"neow_cost":"NO_GOLD","seed_source_timestamp":461500911460522,"circlet_count":0,"master_deck":["Strike_R","Strike_R","Strike_R","Strike_R+1","Strike_R","Defend_R+1","Defend_R+1","Defend_R+1","Defend_R","Bash+1","Heavy Blade","Dropkick","Carnage+1","Clothesline","Thunderclap","Dropkick","True Grit+1"],"relics":["Burning Blood","Golden Idol","War Paint","Juzu Bracelet","Bag of Preparation","Omamori","Darkstone Periapt"],"potions_floor_usage":[5,14,16],"damage_taken":[{"damage":13,"enemies":"Jaw Worm","floor":1,"turns":5},{"damage":0,"enemies":"2 Louse","floor":3,"turns":4},{"damage":15,"enemies":"Small Slimes","floor":5,"turns":4},{"damage":16,"enemies":"Gremlin Nob","floor":7,"turns":3},{"damage":6,"enemies":"Red Slaver","floor":8,"turns":4},{"damage":12,"enemies":"3 Sentries","floor":10,"turns":7},{"damage":21,"enemies":"Gremlin Nob","floor":14,"turns":4},{"damage":22,"enemies":"Slime Boss","floor":16,"turns":7}],"seed_played":"2207273914344024663","potions_obtained":[{"floor":3,"key":"Regen Potion"},{"floor":5,"key":"SpeedPotion"},{"floor":14,"key":"AttackPotion"}],"is_trial":false,"path_per_floor":["M","?","M","?","M","R","E","M","T","E","R","$","?","E","R"],"character_chosen":"IRONCLAD","items_purchased":["Omamori"],"campfire_rested":0,"item_purchase_floors":[12],"current_hp_per_floor":[81,62,68,44,47,47,37,37,37,31,31,31,31,16,16,0],"gold":59,"neow_bonus":"TWENTY_PERCENT_HP_BONUS","is_prod":false,"is_daily":false,"chose_seed":false,"campfire_upgraded":3,"win_rate":0,"timestamp":1532660082,"path_taken":["M","?","M","?","M","R","E","M","T","E","R","$","?","E","R","BOSS"],"build_version":"2018-07-26","purchased_purges":0,"victory":false,"max_hp_per_floor":[96,96,96,96,96,96,96,96,96,96,96,96,96,96,96,96],"card_choices":[{"not_picked":["Iron Wave","Perfected Strike"],"picked":"Heavy Blade","floor":1},{"not_picked":["Havoc","Burning Pact"],"picked":"Dropkick","floor":3},{"not_picked":["Iron Wave","Wild Strike"],"picked":"Carnage","floor":5},{"not_picked":["Perfected Strike","Corruption"],"picked":"Clothesline","floor":7},{"not_picked":["Twin Strike","Sword Boomerang"],"picked":"Thunderclap","floor":8},{"not_picked":["Intimidate","Entrench"],"picked":"Dropkick","floor":10},{"not_picked":["Heavy Blade","Clothesline"],"picked":"True Grit","floor":14}],"player_experience":350538,"relics_obtained":[{"floor":7,"key":"War Paint"},{"floor":9,"key":"Juzu Bracelet"},{"floor":10,"key":"Bag of Preparation"},{"floor":14,"key":"Darkstone Periapt"}],"event_choices":[{"event_name":"Shining Light","player_choice":"Entered Light","floor":2,"damage_taken":0},{"event_name":"Golden Idol","player_choice":"Take Damage","floor":4,"damage_taken":0},{"event_name":"The Cleric","player_choice":"Leave","floor":13,"damage_taken":0}],"is_beta":false,"boss_relics":[],"items_purged_floors":[],"is_endless":false,"potions_floor_spawned":[3,5,14],"killed_by":"Slime Boss","ascension_level":8}