{"gold_per_floor":[111,111,111,111,57,95,95,129,153,223,239,257,280,323,323,419,419,442,717,700,256,256,256,30,71,71,109,109,153,167,167,167,257,257,273,273,296,296,26,70,95,95,95,128,148,148,186,246,246,246,246,246,246,79,79],"floor_reached":55,"playtime":2146,"items_purged":["Regret"],"score":2409,"play_id":"36f90f5f-d2db-466c-b940-dc71b5315e27","local_time":"20190719151111","is_ascension_mode":true,"campfire_choices":[{"data":"Zap","floor":7.0,"key":"SMITH"},{"data":"Defragment","floor":15.0,"key":"SMITH"},{"data":"Turbo","floor":23.0,"key":"SMITH"},{"data":"Heatsinks","floor":28.0,"key":"SMITH"},{"data":"Defragment","floor":32.0,"key":"SMITH"},{"data":"Fission","floor":42,"key":"SMITH"},{"data":"Turbo","floor":46,"key":"SMITH"},{"floor":49,"key":"RECALL"},{"data":"Turbo","floor":53,"key":"SMITH"}],"neow_cost":"NONE","seed_source_timestamp":74947665372252,"circlet_count":0,"master_deck":["AscendersBane","Strike_B","Strike_B","Defend_B","Defend_B","Defend_B","Defend_B","Zap+1","Dualcast","Turbo+1","Cold Snap","Hologram","Glacier","Skim","Defragment+1","Machine Learning","Thunder Strike","Echo Form","Heatsinks+1","Tempest","Self Repair","Lockon","Coolheaded","Skim","Reboot","Tempest","Rebound","Multi-Cast","Self Repair","Defragment+1","Conserve Battery+1","Ghostly","Ghostly","Ghostly","Fission+1","Coolheaded+1","Flash of Steel","Reinforced Body","Turbo+1","Compile Driver","Skim","Turbo+1","Buffer+1"],"special_seed":0,"relics":["Cracked Core","NeowsBlessing","Golden Idol","Happy Flower","Question Card","Meat on the Bone","Odd Mushroom","Ancient Tea Set","Anchor","Oddly Smooth Stone","Orrery","Chemical X","OrangePellets","Du-Vu Doll","PreservedInsect","Cables","Mercury Hourglass","Coffee Dripper","Runic Capacitor","Frozen Egg 2","Lantern","Boot","StoneCalendar","Centennial Puzzle"],"potions_floor_usage":[44],"damage_taken":[{"damage":0.0,"enemies":"Jaw Worm","floor":1.0,"turns":1.0},{"damage":0.0,"enemies":"Gremlin Nob","floor":6.0,"turns":1.0},{"damage":0.0,"enemies":"The Mushroom Lair","floor":8.0,"turns":1.0},{"damage":41.0,"enemies":"3 Sentries","floor":10.0,"turns":11.0},{"damage":0.0,"enemies":"2 Louse","floor":11.0,"turns":2.0},{"damage":0.0,"enemies":"Small Slimes","floor":12.0,"turns":3.0},{"damage":0.0,"enemies":"2 Fungi Beasts","floor":13.0,"turns":3.0},{"damage":8.0,"enemies":"Lagavulin","floor":14.0,"turns":6.0},{"damage":10.0,"enemies":"The Guardian","floor":16.0,"turns":13.0},{"damage":8.0,"enemies":"3 Byrds","floor":18.0,"turns":5.0},{"damage":21.0,"enemies":"2 Thieves","floor":20.0,"turns":4.0},{"damage":21.0,"enemies":"Gremlin Leader","floor":25.0,"turns":6.0},{"damage":0.0,"enemies":"Book of Stabbing","floor":27.0,"turns":4.0},{"damage":17.0,"enemies":"Slavers","floor":29.0,"turns":2.0},{"damage":4.0,"enemies":"Centurion and Healer","floor":30.0,"turns":3.0},{"damage":16.0,"enemies":"Automaton","floor":33.0,"turns":8.0},{"damage":2.0,"enemies":"Orb Walker","floor":35.0,"turns":4.0},{"damage":0,"enemies":"3 Darklings","floor":37,"turns":4},{"damage":2,"enemies":"Reptomancer","floor":40,"turns":3},{"damage":0,"enemies":"Transient","floor":41,"turns":6},{"damage":23,"enemies":"Nemesis","floor":44,"turns":5},{"damage":0,"enemies":"Spire Growth","floor":45,"turns":4},{"damage":0,"enemies":"Giant Head","floor":47,"turns":4},{"damage":11,"enemies":"2 Orb Walkers","floor":48,"turns":4},{"damage":0,"enemies":"Awakened One","floor":50,"turns":7},{"damage":0,"enemies":"Time Eater","floor":51,"turns":10},{"damage":35,"enemies":"Shield and Spear","floor":55,"turns":3}],"seed_played":"-1339334484966887381","potions_obtained":[{"floor":6.0,"key":"Regen Potion"},{"floor":11.0,"key":"Block Potion"},{"floor":13.0,"key":"EssenceOfSteel"},{"floor":16.0,"key":"Swift Potion"},{"floor":20.0,"key":"Weak Potion"},{"floor":29.0,"key":"GamblersBrew"},{"floor":33.0,"key":"LiquidBronze"},{"floor":44,"key":"Dexterity Potion"},{"floor":45,"key":"Ancient Potion"}],"is_trial":false,"path_per_floor":["M","?","?","T","$","E","R","?","T","?","M","M","M","E","R","B",null,"M","?","M","$","?","R","$","E","T","E","R","E","M","?","R","B",null,"M","?","M","?","$","E","M","R","T","E","M","R","E","?","R","B","B",null,"R","$","E"],"character_chosen":"DEFECT","items_purchased":["Turbo","Chemical X","Reboot","OrangePellets","Turbo","Runic Capacitor","Centennial Puzzle"],"campfire_rested":0,"item_purchase_floors":[5,21,21,24,39,39,54],"current_hp_per_floor":[64,64,19,19,19,19,19,31,31,17,29,41,41,33,33,35,57,56,56,42,42,42,42,42,33,33,47,47,49,45,32,32,32,32,32,32,32,32,32,30,32,32,32,32,32,32,32,32,32,32,32,32,32,32,0],"gold":79,"neow_bonus":"THREE_ENEMY_KILL","is_prod":false,"is_daily":false,"chose_seed":false,"campfire_upgraded":8,"win_rate":0,"timestamp":1563520271,"path_taken":["M","?","?","?","$","E","R","?","T","?","?","M","M","E","R","BOSS","M","?","?","$","?","R","?","E","T","E","R","E","M","?","R","BOSS","M","?","M","?","$","E","?","R","T","E","M","R","E","?","R","BOSS","BOSS","R","$","E"],"build_version":"2019-07-17","purchased_purges":1,"victory":false,"max_hp_per_floor":[71,64,64,64,64,64,64,64,64,64,64,64,64,64,64,64,64,64,64,64,64,64,64,64,64,64,64,64,64,64,32,32,32,32,32,32,32,32,32,32,32,32,32,32,32,32,32,32,32,32,32,32,32,32,32],"card_choices":[{"not_picked":["Leap","Gash","Static Discharge"],"picked":"SKIP","floor":1.0},{"not_picked":["Seek","Melter","FTL"],"picked":"Cold Snap","floor":6.0},{"not_picked":["Doom and Gloom","Beam Cell","Static Discharge"],"picked":"Hologram","floor":8.0},{"not_picked":["Stack","Barrage","Steam"],"picked":"Glacier","floor":10.0},{"not_picked":["Conserve Battery","Capacitor","Storm"],"picked":"Skim","floor":11.0},{"not_picked":["Leap","Rebound","Beam Cell"],"picked":"Defragment","floor":12.0},{"not_picked":["Fusion","Steam","Barrage"],"picked":"Machine Learning","floor":13.0},{"not_picked":["Conserve Battery","Coolheaded","Double Energy"],"picked":"Thunder Strike","floor":14.0},{"not_picked":["Creative AI","Thunder Strike","Rainbow"],"picked":"Echo Form","floor":16.0},{"not_picked":["Gash","Redo","Leap"],"picked":"Heatsinks","floor":17.0},{"not_picked":["Gash","Streamline","Reprogram"],"picked":"Tempest","floor":17.0},{"not_picked":["Redo","Reprogram","Hello World"],"picked":"Self Repair","floor":17.0},{"not_picked":["FTL","Steam","Sunder"],"picked":"Lockon","floor":17.0},{"not_picked":["Force Field","Streamline","Gash"],"picked":"Coolheaded","floor":18.0},{"not_picked":["Amplify","Redo","Cold Snap"],"picked":"Skim","floor":20.0},{"not_picked":["Consume","Tempest","Redo"],"picked":"Multi-Cast","floor":25.0},{"not_picked":["Chaos","Sweeping Beam+1","Darkness"],"picked":"Self Repair","floor":27.0},{"not_picked":["Skim","Reprogram","Tempest"],"picked":"Defragment","floor":29.0},{"not_picked":["Rebound","Melter","Genetic Algorithm"],"picked":"Conserve Battery+1","floor":30.0},{"not_picked":["Rainbow","Electrodynamics","Echo Form"],"picked":"Fission","floor":33.0},{"not_picked":["Rebound","Conserve Battery+1","Steam Power"],"picked":"Coolheaded+1","floor":35.0},{"not_picked":["Dark Shackles","Mind Blast","Good Instincts"],"picked":"Flash of Steel","floor":36},{"not_picked":["Redo","Genetic Algorithm+1","FTL"],"picked":"Reinforced Body","floor":37},{"not_picked":["Melter","Redo","FTL"],"picked":"Compile Driver","floor":40},{"not_picked":["Redo","Blizzard","Genetic Algorithm+1","Scrape"],"picked":"SKIP","floor":41},{"not_picked":["Redo","Blizzard","Genetic Algorithm+1","Scrape"],"picked":"SKIP","floor":41},{"not_picked":["BootSequence","Capacitor+1","Core Surge"],"picked":"Skim","floor":44},{"not_picked":["Self Repair+1","Streamline","Barrage","Sunder"],"picked":"SKIP","floor":45},{"not_picked":["Double Energy","Steam","Rebound"],"picked":"Turbo","floor":47},{"not_picked":["Beam Cell+1","Hello World+1","Stack+1"],"picked":"Buffer+1","floor":48}],"player_experience":2034626,"relics_obtained":[{"floor":4.0,"key":"Question Card"},{"floor":6.0,"key":"Meat on the Bone"},{"floor":8.0,"key":"Odd Mushroom"},{"floor":9.0,"key":"Ancient Tea Set"},{"floor":10.0,"key":"Anchor"},{"floor":14.0,"key":"Oddly Smooth Stone"},{"floor":25.0,"key":"Du-Vu Doll"},{"floor":26.0,"key":"PreservedInsect"},{"floor":27.0,"key":"Cables"},{"floor":29.0,"key":"Mercury Hourglass"},{"floor":40,"key":"Frozen Egg 2"},{"floor":44,"key":"Lantern"},{"floor":47,"key":"Boot"},{"floor":48,"key":"StoneCalendar"}],"event_choices":[{"damage_healed":0.0,"max_hp_gain":0.0,"max_hp_loss":7.0,"gold_gain":0.0,"event_name":"Golden Idol","player_choice":"Lose Max HP","floor":2.0,"gold_loss":0.0,"damage_taken":0.0,"relics_obtained":["Golden Idol"]},{"damage_healed":0.0,"max_hp_gain":0.0,"max_hp_loss":0.0,"gold_gain":0.0,"event_name":"Scrap Ooze","player_choice":"Success","floor":3.0,"gold_loss":0.0,"damage_taken":45.0,"relics_obtained":["Happy Flower"]},{"damage_healed":0.0,"max_hp_gain":0.0,"max_hp_loss":0.0,"gold_gain":0.0,"event_name":"Mushrooms","player_choice":"Fought Mushrooms","floor":8.0,"gold_loss":0.0,"damage_taken":0.0},{"damage_healed":0.0,"max_hp_gain":0.0,"max_hp_loss":0.0,"gold_gain":0.0,"event_name":"Dead Adventurer","player_choice":"Searched \u00272\u0027 times","floor":10.0,"gold_loss":0.0,"damage_taken":0.0},{"damage_healed":0.0,"max_hp_gain":0.0,"max_hp_loss":0.0,"gold_gain":275.0,"event_name":"Golden Shrine","player_choice":"Desecrate","floor":19.0,"gold_loss":0.0,"damage_taken":0.0,"cards_obtained":["Regret"]},{"damage_healed":0.0,"max_hp_gain":0.0,"max_hp_loss":0.0,"gold_gain":0.0,"cards_transformed":["Strike_B","Strike_B"],"event_name":"Drug Dealer","player_choice":"Became Test Subject","floor":22.0,"gold_loss":0.0,"damage_taken":0.0,"cards_obtained":["Tempest","Rebound"]},{"damage_healed":0.0,"max_hp_gain":0.0,"max_hp_loss":32.0,"gold_gain":0.0,"event_name":"Ghosts","player_choice":"Became a Ghost","floor":31.0,"gold_loss":0.0,"damage_taken":0.0,"cards_obtained":["Ghostly","Ghostly","Ghostly"]},{"damage_healed":0,"gold_gain":0,"player_choice":"Memory 1","damage_taken":0,"max_hp_gain":0,"max_hp_loss":0,"event_name":"SensoryStone","floor":36,"gold_loss":0},{"damage_healed":0,"gold_gain":0,"player_choice":"Ignored","damage_taken":0,"max_hp_gain":0,"max_hp_loss":0,"event_name":"SecretPortal","floor":38,"gold_loss":0},{"damage_healed":0,"gold_gain":0,"player_choice":"Fight","damage_taken":0,"max_hp_gain":0,"max_hp_loss":0,"event_name":"Mysterious Sphere","floor":48,"gold_loss":0}],"is_beta":false,"boss_relics":[{"not_picked":["FrozenCore","Fusion Hammer"],"picked":"Orrery"},{"not_picked":["Eternal Feather","Snecko Eye"],"picked":"Coffee Dripper"}],"items_purged_floors":[21],"is_endless":false,"potions_floor_spawned":[6,11,13,16,20,29,33,37,44,45,47],"killed_by":"Shield and Spear","ascension_level":20}