{"gold_per_floor":[113,131,131,131,146,146,181,181,235,263,1,13,13,31,31,103,103,116,116,135,153,153,181,196,222,222,239,239,259,286,306,306,379,379,396,413,413,430,430,459,459,491,514,546,546,576,586,600,600,600,600,600,19,53,53],"floor_reached":56,"playtime":2732,"items_purged":["Strike_R+1"],"score":2100,"play_id":"af0a502b-bcdb-41d2-9574-3728d695f058","local_time":"20190803033244","is_ascension_mode":true,"campfire_choices":[{"data":"Flame Barrier","floor":6,"key":"SMITH"},{"data":"Body Slam","floor":8,"key":"SMITH"},{"data":"Metallicize","floor":13,"key":"SMITH"},{"data":"Spot Weakness","floor":15,"key":"SMITH"},{"data":"Feel No Pain","floor":28,"key":"SMITH"},{"data":"Inflame","floor":32,"key":"SMITH"},{"floor":41,"key":"RECALL"},{"data":"Exhume","floor":49,"key":"SMITH"},{"data":"Discovery","floor":52,"key":"SMITH"}],"neow_cost":"NONE","seed_source_timestamp":614314770274868,"circlet_count":0,"master_deck":["AscendersBane","Strike_R+1","Strike_R+1","Strike_R+1","Strike_R+1","Defend_R+1","Defend_R+1","Defend_R+1","Defend_R+1","Bash+1","Flame Barrier+1","Anger","Body Slam+1","Metallicize+1","Pummel","Shrug It Off+1","Spot Weakness+1","Limit Break+1","Feed","Entrench+1","Reaper","Headbutt+1","Feel No Pain+1","Dropkick+1","Exhume+1","Shrug It Off","Seeing Red+1","Reaper","Flash of Steel","Finesse","Discovery+1","Apotheosis","Discovery","Havoc+1"],"relics":["Burning Blood","Potion Belt","Red Skull","Singing Bowl","Pantograph","Runic Pyramid","War Paint","Gremlin Horn","Happy Flower","Kunai","Busted Crown","Dream Catcher","Mango","Bottled Tornado","Art of War","Bronze Scales","Strawberry"],"potions_floor_usage":[7,25,25,29,55,55,55,55],"damage_taken":[{"damage":4,"enemies":"Jaw Worm","floor":1,"turns":6},{"damage":1,"enemies":"2 Louse","floor":2,"turns":3},{"damage":1,"enemies":"Small Slimes","floor":5,"turns":5},{"damage":16,"enemies":"Gremlin Nob","floor":7,"turns":4},{"damage":28,"enemies":"3 Sentries","floor":10,"turns":11},{"damage":7,"enemies":"2 Fungi Beasts","floor":12,"turns":3},{"damage":18,"enemies":"Exordium Wildlife","floor":14,"turns":4},{"damage":36,"enemies":"Hexaghost","floor":16,"turns":8},{"damage":9,"enemies":"Shell Parasite","floor":18,"turns":4},{"damage":0,"enemies":"Spheric Guardian","floor":20,"turns":3},{"damage":14,"enemies":"3 Cultists","floor":21,"turns":5},{"damage":29,"enemies":"Book of Stabbing","floor":23,"turns":4},{"damage":13,"enemies":"Centurion and Healer","floor":24,"turns":4},{"damage":51,"enemies":"Slavers","floor":25,"turns":5},{"damage":24,"enemies":"Snake Plant","floor":27,"turns":2},{"damage":12,"enemies":"Cultist and Chosen","floor":29,"turns":6},{"damage":36,"enemies":"Book of Stabbing","floor":30,"turns":5},{"damage":20,"enemies":"Centurion and Healer","floor":31,"turns":3},{"damage":47,"enemies":"Automaton","floor":33,"turns":10},{"damage":11,"enemies":"Orb Walker","floor":35,"turns":2},{"damage":29,"enemies":"3 Darklings","floor":36,"turns":6},{"damage":10,"enemies":"Sphere and 2 Shapes","floor":38,"turns":6},{"damage":63,"enemies":"Nemesis","floor":40,"turns":9},{"damage":67,"enemies":"Giant Head","floor":42,"turns":9},{"damage":54,"enemies":"Reptomancer","floor":44,"turns":6},{"damage":2,"enemies":"Nemesis","floor":46,"turns":7},{"damage":1,"enemies":"4 Shapes","floor":47,"turns":7},{"damage":20,"enemies":"Spire Growth","floor":48,"turns":6},{"damage":62,"enemies":"Donu and Deca","floor":50,"turns":8},{"damage":121,"enemies":"Shield and Spear","floor":54,"turns":9},{"damage":165,"enemies":"The Heart","floor":55,"turns":11}],"seed_played":"5543039025541253057","potions_obtained":[{"floor":1,"key":"Strength Potion"},{"floor":7,"key":"Regen Potion"},{"floor":16,"key":"PowerPotion"},{"floor":18,"key":"SkillPotion"},{"floor":23,"key":"FearPotion"},{"floor":30,"key":"Swift Potion"},{"floor":35,"key":"SpeedPotion"},{"floor":38,"key":"SteroidPotion"},{"floor":47,"key":"LiquidBronze"}],"is_trial":false,"path_per_floor":["M","M","?","?","M","R","E","R","T","E","$","M","R","M","R","B",null,"M","?","M","M","?","E","M","E","T","M","R","M","E","M","R","B",null,"M","M","?","M","?","E","R","E","T","E","?","E","M","M","R","B",null,"R","$","E","B",null],"character_chosen":"IRONCLAD","items_purchased":["Shrug It Off","Pantograph","Bronze Scales","Ancient Potion","Apotheosis","Discovery"],"campfire_rested":0,"item_purchase_floors":[11,11,53,53,53,53],"current_hp_per_floor":[77,82,82,82,82,82,72,72,72,50,50,51,51,39,39,34,72,71,71,77,71,71,51,47,37,37,19,19,35,26,56,56,83,103,101,115,115,120,120,110,110,103,103,112,102,123,155,160,160,147,159,159,159,127,35],"gold":53,"neow_bonus":"TEN_PERCENT_HP_BONUS","is_prod":false,"is_daily":false,"chose_seed":false,"campfire_upgraded":8,"win_rate":0,"timestamp":1564817564,"path_taken":["M","M","?","?","M","R","E","R","T","E","$","M","R","?","R","BOSS","M","?","M","M","?","E","M","E","T","M","R","M","E","M","R","BOSS","M","M","?","M","?","E","R","E","T","E","?","E","M","M","R","BOSS","R","$","E","BOSS"],"build_version":"2019-07-17","purchased_purges":1,"victory":true,"max_hp_per_floor":[82,82,82,82,82,82,82,82,82,82,82,84,84,84,84,84,84,86,86,86,88,88,91,94,97,97,97,97,102,107,107,107,110,110,113,115,115,120,120,125,125,142,142,145,145,150,155,160,160,163,163,163,163,174,174],"card_choices":[{"not_picked":["Body Slam","Armaments"],"picked":"Flame Barrier","floor":1},{"not_picked":["Iron Wave","Fire Breathing"],"picked":"Anger","floor":2},{"not_picked":["Intimidate","Sentinel"],"picked":"Body Slam","floor":5},{"not_picked":["Double Tap","Bloodletting"],"picked":"Metallicize","floor":7},{"not_picked":["Infernal Blade","Rampage"],"picked":"Pummel","floor":10},{"not_picked":["Perfected Strike","Fire Breathing","Entrench"],"picked":"Singing Bowl","floor":12},{"not_picked":["Dual Wield","Sentinel"],"picked":"Spot Weakness","floor":14},{"not_picked":["Impervious","Berserk"],"picked":"Limit Break","floor":16},{"not_picked":["Hemokinesis","Entrench","Perfected Strike"],"picked":"Singing Bowl","floor":18},{"not_picked":["Fire Breathing","Cleave"],"picked":"Inflame","floor":20},{"not_picked":["Power Through","Armaments","Clothesline"],"picked":"Singing Bowl","floor":21},{"not_picked":["Iron Wave","Dropkick"],"picked":"Entrench+1","floor":23},{"not_picked":["Feel No Pain","Iron Wave"],"picked":"Reaper","floor":24},{"not_picked":["Sword Boomerang","Immolate"],"picked":"Headbutt+1","floor":25},{"not_picked":["Heavy Blade","Headbutt"],"picked":"Feel No Pain","floor":27},{"not_picked":["Dual Wield","Metallicize","Sever Soul+1"],"picked":"Singing Bowl","floor":29},{"not_picked":["Carnage+1","Power Through","Burning Pact"],"picked":"Singing Bowl","floor":30},{"not_picked":["Headbutt","Perfected Strike"],"picked":"Dropkick+1","floor":31},{"not_picked":["Dark Embrace","Bludgeon"],"picked":"Exhume","floor":33},{"not_picked":[],"picked":"Shrug It Off","floor":35},{"not_picked":["Clash"],"picked":"Singing Bowl","floor":36},{"not_picked":["Burning Pact"],"picked":"Singing Bowl","floor":38},{"not_picked":["Sever Soul"],"picked":"Singing Bowl","floor":40},{"not_picked":[],"picked":"Seeing Red+1","floor":42},{"not_picked":[],"picked":"Reaper","floor":44},{"not_picked":[],"picked":"Flash of Steel","floor":45},{"not_picked":[],"picked":"Finesse","floor":45},{"not_picked":[],"picked":"Discovery","floor":45},{"not_picked":["Heavy Blade"],"picked":"Singing Bowl","floor":46},{"not_picked":["Hemokinesis"],"picked":"Singing Bowl","floor":47},{"not_picked":["Power Through+1"],"picked":"Singing Bowl","floor":48},{"not_picked":[],"picked":"Havoc+1","floor":54}],"player_experience":1660289,"relics_obtained":[{"floor":7,"key":"Potion Belt"},{"floor":9,"key":"Red Skull"},{"floor":10,"key":"Singing Bowl"},{"floor":23,"key":"War Paint"},{"floor":25,"key":"Gremlin Horn"},{"floor":26,"key":"Happy Flower"},{"floor":30,"key":"Kunai"},{"floor":40,"key":"Dream Catcher"},{"floor":42,"key":"Mango"},{"floor":44,"key":"Bottled Tornado"},{"floor":46,"key":"Art of War"},{"floor":54,"key":"Strawberry"}],"event_choices":[{"damage_healed":0,"gold_gain":0,"player_choice":"Grow","damage_taken":0,"max_hp_gain":0,"max_hp_loss":0,"event_name":"Living Wall","floor":3,"gold_loss":0,"cards_upgraded":["Bash"]},{"damage_healed":0,"gold_gain":0,"player_choice":"Ignored","damage_taken":0,"max_hp_gain":0,"max_hp_loss":0,"event_name":"Liars Game","floor":4,"gold_loss":0},{"damage_healed":0,"gold_gain":0,"player_choice":"Simplicity","damage_taken":0,"max_hp_gain":0,"max_hp_loss":0,"event_name":"Back to Basics","floor":19,"gold_loss":0,"cards_upgraded":["Strike_R","Strike_R","Strike_R","Strike_R","Strike_R","Defend_R","Defend_R","Defend_R","Defend_R"]},{"damage_healed":0,"gold_gain":0,"player_choice":"Read","damage_taken":0,"max_hp_gain":0,"max_hp_loss":0,"event_name":"The Library","floor":22,"gold_loss":0,"cards_obtained":["Feed"]},{"cards_removed":["Inflame"],"damage_healed":0,"gold_gain":0,"player_choice":"Removed Power","damage_taken":0,"max_hp_gain":0,"max_hp_loss":0,"event_name":"Falling","floor":37,"gold_loss":0},{"damage_healed":0,"gold_gain":0,"player_choice":"Ignored","damage_taken":0,"max_hp_gain":0,"max_hp_loss":0,"event_name":"Tomb of Lord Red Mask","floor":39,"gold_loss":0},{"damage_healed":0,"gold_gain":0,"player_choice":"Memory 3","damage_taken":10,"max_hp_gain":0,"max_hp_loss":0,"event_name":"SensoryStone","floor":45,"gold_loss":0}],"is_beta":false,"boss_relics":[{"not_picked":["Pandora\u0027s Box","Coffee Dripper"],"picked":"Runic Pyramid"},{"not_picked":["Runic Cube","Mark of Pain"],"picked":"Busted Crown"}],"items_purged_floors":[53],"is_endless":false,"potions_floor_spawned":[1,7,16,18,23,24,30,35,38,46,47],"ascension_level":15}