{"gold_per_floor":[114,114,129,144,159,189,204,204,229,229,229,244,113,128,128,228,228,243,243,124,139,154,184,54,329,329,344,359,359,389,434,434,534,534,549,564,839,854,93,93,123,138,213,228,258,273,297,312,312,312],"floor_reached":51,"playtime":4778,"items_purged":["Parasite"],"score":930,"play_id":"59b471ec-f9b9-4e86-a759-9e682c8023d7","local_time":"20180814170658","daily_mods":["Specialized","Lethality","Vintage"],"is_ascension_mode":false,"campfire_choices":[{"floor":11,"key":"REST"},{"data":"Adrenaline","floor":15,"key":"SMITH"},{"data":"Choke","floor":32,"key":"SMITH"},{"data":"PiercingWail","floor":40,"key":"SMITH"},{"data":"Flechettes","floor":49,"key":"SMITH"}],"neow_cost":"","seed_source_timestamp":0,"circlet_count":0,"master_deck":["Survivor","Neutralize","Adrenaline+1","Adrenaline","Adrenaline","Adrenaline+1","Adrenaline","Outmaneuver+1","PiercingWail+1","Caltrops","Deadly Poison","Acrobatics","After Image","Poisoned Stab+1","Slice+1","Distraction","Outmaneuver","Bane","Endless Agony","Prepared","Quick Slash","Sucker Punch","Leg Sweep+1","Calculated Gamble+1","Choke+1","Adrenaline+1","PiercingWail+1","Regret","Ghostly+1","Ghostly+1","Ghostly+1","Ghostly+1","Ghostly+1","Backflip+1","Storm of Steel+1","Calculated Gamble+1","Outmaneuver+1","Backflip+1","PiercingWail+1","Tactician+1","Regret","Flechettes+1","Noxious Fumes","Doppelganger+1","PiercingWail+1","Prepared+1"],"special_seed":17757,"relics":["Ring of the Snake","Oddly Smooth Stone","Bag of Preparation","Question Card","Blue Candle","Bottled Flame","Darkstone Periapt","Pen Nib","Juzu Bracelet","Strawberry","Smiling Mask","Bird Faced Urn","Pandora\u0027s Box","Centennial Puzzle","Toxic Egg 2","Pantograph","Happy Flower","Kunai","The Specimen","Paper Crane","Mercury Hourglass","Bottled Tornado","Tiny Chest","Bag of Marbles","Orrery","Letter Opener","Meat on the Bone","Whetstone","StoneCalendar","Torii","Gremlin Horn","War Paint","Ninja Scroll","The Courier","Omamori","Snake Skull","Turnip","Frozen Egg 2"],"potions_floor_usage":[16,31,50,50,50],"damage_taken":[{"damage":0,"enemies":"2 Louse","floor":1,"turns":1},{"damage":0,"enemies":"Small Slimes","floor":3,"turns":2},{"damage":0,"enemies":"Jaw Worm","floor":4,"turns":1},{"damage":0,"enemies":"Lots of Slimes","floor":5,"turns":4},{"damage":3,"enemies":"Lagavulin","floor":6,"turns":5},{"damage":0,"enemies":"Looter","floor":7,"turns":2},{"damage":0,"enemies":"3 Louse","floor":12,"turns":2},{"damage":3,"enemies":"Red Slaver","floor":14,"turns":2},{"damage":40,"enemies":"Slime Boss","floor":16,"turns":14},{"damage":4,"enemies":"Chosen","floor":18,"turns":4},{"damage":0,"enemies":"Spheric Guardian","floor":21,"turns":2},{"damage":1,"enemies":"3 Cultists","floor":22,"turns":4},{"damage":3,"enemies":"Book of Stabbing","floor":23,"turns":3},{"damage":2,"enemies":"Cultist and Chosen","floor":27,"turns":2},{"damage":1,"enemies":"Sentry and Sphere","floor":28,"turns":4},{"damage":5,"enemies":"Slavers","floor":30,"turns":5},{"damage":9,"enemies":"3 Cultists","floor":31,"turns":4},{"damage":17,"enemies":"Champ","floor":33,"turns":10},{"damage":0,"enemies":"Orb Walker","floor":35,"turns":1},{"damage":0,"enemies":"3 Shapes","floor":36,"turns":2},{"damage":2,"enemies":"Flame Bruiser 2 Orb","floor":38,"turns":2},{"damage":6,"enemies":"Nemesis","floor":41,"turns":7},{"damage":4,"enemies":"3 Darklings","floor":42,"turns":3},{"damage":3,"enemies":"4 Shapes","floor":44,"turns":1},{"damage":0,"enemies":"2 Orb Walkers","floor":45,"turns":1},{"damage":0,"enemies":"Flame Bruiser 2 Orb","floor":46,"turns":3},{"damage":1,"floor":47,"turns":1},{"damage":0,"enemies":"Sphere and 2 Shapes","floor":48,"turns":1},{"damage":46,"enemies":"Awakened One","floor":50,"turns":14}],"seed_played":"7071705515201836070","potions_obtained":[{"floor":1,"key":"Explosive Potion"},{"floor":5,"key":"Energy Potion"},{"floor":14,"key":"LiquidBronze"},{"floor":27,"key":"AttackPotion"},{"floor":28,"key":"GamblersBrew"},{"floor":35,"key":"GhostInAJar"},{"floor":46,"key":"Block Potion"}],"is_trial":false,"path_per_floor":["M","?","M","M","M","E","M","?","T","?","R","M","$","M","R","B",null,"M","?","$","M","M","E","$","?","T","M","M","?","E","M","R","B",null,"M","M","?","M","$","R","E","M","T","M","E","M","?","M","R","B"],"character_chosen":"THE_SILENT","items_purchased":["Caltrops","Deadly Poison","Acrobatics","Leg Sweep+1","Calculated Gamble+1","Adrenaline+1","PiercingWail+1","StoneCalendar","Torii","Flechettes","Noxious Fumes"],"campfire_rested":1,"item_purchase_floors":[13,13,13,20,20,24,24,39,39,39,39],"current_hp_per_floor":[70,70,70,70,70,67,67,25,25,48,70,77,77,74,74,34,83,79,79,79,81,83,80,80,86,86,86,89,44,43,37,37,28,44,44,44,50,48,47,47,42,43,43,42,42,46,46,46,46,14],"gold":312,"neow_bonus":"","is_prod":false,"is_daily":true,"chose_seed":false,"campfire_upgraded":4,"win_rate":0,"timestamp":1534234018,"path_taken":["M","?","?","M","M","E","M","?","T","?","R","M","$","M","R","BOSS","M","?","$","M","M","E","$","?","T","M","M","?","E","M","R","BOSS","M","M","?","M","$","R","E","M","T","M","E","M","?","M","R","BOSS"],"build_version":"2018-08-09","purchased_purges":1,"victory":true,"max_hp_per_floor":[70,70,70,70,70,70,70,70,70,76,76,83,83,83,83,83,83,83,83,83,83,83,83,83,89,89,89,89,44,44,44,44,44,44,44,44,50,50,47,47,47,47,47,47,47,47,47,47,47,47],"card_choices":[{"not_picked":["Distraction","Quick Slash","Skewer"],"picked":"PiercingWail","floor":6},{"not_picked":["Malaise","Die Die Die","Tools of the Trade"],"picked":"After Image","floor":16},{"not_picked":["Bane","Masterful Stab","Cloak And Dagger+1"],"picked":"Choke","floor":23},{"not_picked":["Flechettes+1","Outmaneuver+1","Concentrate+1"],"picked":"Backflip+1","floor":30},{"not_picked":["Wraith Form v2","Venomology+1","Adrenaline+1"],"picked":"Storm of Steel+1","floor":33},{"not_picked":["Poisoned Stab","Dodge and Roll+1","Deflect+1"],"picked":"Calculated Gamble+1","floor":34},{"not_picked":["Poisoned Stab","Concentrate+1","Sucker Punch"],"picked":"Outmaneuver+1","floor":34},{"not_picked":["Dagger Throw","Flechettes","Grand Finale"],"picked":"Backflip+1","floor":34},{"not_picked":["Escape Plan+1","Backflip+1","Quick Slash"],"picked":"PiercingWail+1","floor":34},{"not_picked":["Endless Agony","Eviscerate","Poisoned Stab"],"picked":"Tactician+1","floor":34},{"not_picked":["Backflip+1","Dagger Spray+1","Underhanded Strike"],"picked":"Doppelganger+1","floor":41},{"not_picked":["Infinite Blades+1","Poisoned Stab","Dagger Throw"],"picked":"PiercingWail+1","floor":45},{"not_picked":["Terror+1","Dagger Throw","Quick Slash"],"picked":"Prepared+1","floor":47}],"player_experience":187046,"relics_obtained":[{"floor":1,"key":"Oddly Smooth Stone"},{"floor":3,"key":"Bag of Preparation"},{"floor":4,"key":"Question Card"},{"floor":5,"key":"Blue Candle"},{"floor":6,"key":"Bottled Flame"},{"floor":7,"key":"Darkstone Periapt"},{"floor":9,"key":"Juzu Bracelet"},{"floor":12,"key":"Strawberry"},{"floor":14,"key":"Smiling Mask"},{"floor":16,"key":"Bird Faced Urn"},{"floor":18,"key":"Centennial Puzzle"},{"floor":21,"key":"Pantograph"},{"floor":22,"key":"Happy Flower"},{"floor":23,"key":"Kunai"},{"floor":26,"key":"The Specimen"},{"floor":27,"key":"Paper Crane"},{"floor":28,"key":"Mercury Hourglass"},{"floor":30,"key":"Bottled Tornado"},{"floor":31,"key":"Tiny Chest"},{"floor":33,"key":"Bag of Marbles"},{"floor":35,"key":"Letter Opener"},{"floor":36,"key":"Meat on the Bone"},{"floor":38,"key":"Whetstone"},{"floor":41,"key":"Gremlin Horn"},{"floor":42,"key":"War Paint"},{"floor":43,"key":"Ninja Scroll"},{"floor":44,"key":"The Courier"},{"floor":45,"key":"Omamori"},{"floor":46,"key":"Snake Skull"},{"floor":47,"key":"Turnip"},{"floor":48,"key":"Frozen Egg 2"}],"event_choices":[{"event_name":"Living Wall","player_choice":"Change","floor":2,"damage_taken":0},{"event_name":"Scrap Ooze","player_choice":"success","floor":8,"damage_taken":42},{"event_name":"Mushrooms","player_choice":"Healed and dodged fight","floor":10,"damage_taken":0},{"event_name":"WeMeetAgain","player_choice":"Potion","floor":19,"damage_taken":0},{"event_name":"Golden Shrine","player_choice":"Desecrate","floor":25,"damage_taken":0},{"event_name":"Ghosts","player_choice":"Became a Ghost","floor":29,"damage_taken":0},{"event_name":"Golden Shrine","player_choice":"Desecrate","floor":37,"damage_taken":0},{"event_name":"Mysterious Sphere","player_choice":"Fight","floor":47,"damage_taken":0}],"is_beta":false,"boss_relics":[{"not_picked":["Ectoplasm","WristBlade"],"picked":"Pandora\u0027s Box"},{"not_picked":["Ring of the Serpent","HoveringKite"],"picked":"Orrery"}],"items_purged_floors":[39],"is_endless":false,"potions_floor_spawned":[1,5,14,27,28,30,35,36,41,46,47],"ascension_level":0}