{"gold_per_floor":[115,129,129,142,67,105,30,30,30,30,30,30,30],"floor_reached":13,"playtime":266,"items_purged":["Strike_R"],"score":142,"play_id":"2e4dd810-779a-4f95-9b75-334c5da2b525","local_time":"20190803015550","is_ascension_mode":true,"campfire_choices":[{"floor":11,"key":"REST"}],"neow_cost":"TEN_PERCENT_HP_LOSS","seed_source_timestamp":610990244283988,"circlet_count":0,"master_deck":["AscendersBane","Strike_R","Strike_R","Defend_R","Defend_R","Defend_R","Defend_R","Bash","Perfected Strike","Reckless Charge","Corruption","Havoc"],"relics":["Burning Blood","Torii","Golden Idol","Gremlin Horn","Singing Bowl"],"potions_floor_usage":[],"damage_taken":[{"damage":7,"enemies":"Jaw Worm","floor":1,"turns":4},{"damage":0,"enemies":"Small Slimes","floor":2,"turns":3},{"damage":0,"enemies":"2 Louse","floor":4,"turns":2},{"damage":40,"enemies":"Lagavulin","floor":6,"turns":7},{"damage":23,"enemies":"3 Sentries","floor":13,"turns":5}],"seed_played":"-1109637800211516782","potions_obtained":[{"floor":4,"key":"LiquidBronze"},{"floor":6,"key":"Ancient Potion"}],"is_trial":false,"path_per_floor":["M","M","?","M","$","E","?","?","T","T","R","$","E"],"character_chosen":"IRONCLAD","items_purchased":[],"campfire_rested":1,"item_purchase_floors":[],"current_hp_per_floor":[67,68,45,51,51,17,17,10,10,10,30,30,7],"gold":30,"neow_bonus":"ONE_RARE_RELIC","is_prod":false,"is_daily":false,"chose_seed":false,"campfire_upgraded":0,"win_rate":0,"timestamp":1564811750,"path_taken":["M","M","?","M","$","E","?","?","T","?","R","$","E"],"build_version":"2019-07-17","purchased_purges":1,"victory":false,"max_hp_per_floor":[68,68,68,68,68,68,68,68,68,68,68,68,68],"card_choices":[{"not_picked":["Clash","Intimidate"],"picked":"Perfected Strike","floor":1},{"not_picked":["Iron Wave","Wild Strike"],"picked":"Reckless Charge","floor":2},{"not_picked":["Cleave","Sword Boomerang"],"picked":"Corruption","floor":4},{"not_picked":["Intimidate","Seeing Red"],"picked":"Havoc","floor":6}],"player_experience":1657024,"relics_obtained":[{"floor":6,"key":"Gremlin Horn"},{"floor":10,"key":"Singing Bowl"}],"event_choices":[{"damage_healed":0,"gold_gain":0,"player_choice":"Take Damage","damage_taken":23,"relics_obtained":["Golden Idol"],"max_hp_gain":0,"max_hp_loss":0,"event_name":"Golden Idol","floor":3,"gold_loss":0},{"cards_removed":["Strike_R"],"damage_healed":0,"gold_gain":0,"player_choice":"Card Removal","damage_taken":0,"max_hp_gain":0,"max_hp_loss":0,"event_name":"The Cleric","floor":7,"gold_loss":75},{"cards_removed":["Strike_R"],"damage_healed":0,"gold_gain":0,"player_choice":"Card Removal","damage_taken":7,"max_hp_gain":0,"max_hp_loss":0,"event_name":"Golden Wing","floor":8,"gold_loss":0}],"is_beta":false,"boss_relics":[],"items_purged_floors":[5],"is_endless":false,"potions_floor_spawned":[4,6],"killed_by":"3 Sentries","ascension_level":15}