{"gold_per_floor":[111,36,36,36,53,53,83,83,83,103,128,128,138,154,154,231,231,244,244,255,275,275,275,295,295,321,321,354,354,354,66,66,141,141,155,168,93,111,111,137,137,37,37,70,87,187,537,18,18,18,18,18,18,18,50,50],"floor_reached":57,"playtime":2925,"items_purged":["Distraction","Leg Sweep","Dodge and Roll"],"score":2947,"play_id":"d2260cfc-796f-4772-b919-da83b713424a","local_time":"20190624145708","is_ascension_mode":true,"campfire_choices":[{"data":"Neutralize","floor":6.0,"key":"SMITH"},{"data":"Terror","floor":8.0,"key":"SMITH"},{"data":"Cloak And Dagger","floor":15.0,"key":"SMITH"},{"floor":23.0,"key":"REST"},{"data":"Flechettes","floor":25.0,"key":"SMITH"},{"floor":27.0,"key":"REST"},{"data":"Prepared","floor":30.0,"key":"SMITH"},{"floor":32.0,"key":"REST"},{"data":"Acrobatics","floor":41.0,"key":"SMITH"},{"floor":49.0,"key":"RECALL"},{"data":"Burst","floor":53.0,"key":"SMITH"}],"neow_cost":"NONE","seed_source_timestamp":1896422360441875,"circlet_count":0,"master_deck":["AscendersBane","Survivor","Neutralize+1","Backflip","Terror+1","Heel Hook","Cloak And Dagger+1","Catalyst+1","Burst+1","Noxious Fumes","Escape Plan","Prepared+1","Grand Finale","Accuracy","Acrobatics+1","Calculated Gamble+1","Footwork","Tactician+1"],"special_seed":0,"relics":["Ring of the Snake","NeowsBlessing","Kunai","Potion Belt","Letter Opener","Snake Skull","Pandora\u0027s Box","Vajra","WingedGreaves","Medical Kit","Runic Dome","Ginger","FossilizedHelix","Prayer Wheel","Old Coin","Pantograph","Bottled Flame"],"potions_floor_usage":[56],"damage_taken":[{"damage":0.0,"enemies":"Small Slimes","floor":1.0,"turns":1.0},{"damage":0.0,"enemies":"Cultist","floor":5.0,"turns":1.0},{"damage":0.0,"enemies":"3 Sentries","floor":7.0,"turns":1.0},{"damage":0.0,"enemies":"2 Louse","floor":10.0,"turns":4.0},{"damage":16.0,"enemies":"Lagavulin","floor":11.0,"turns":8.0},{"damage":6.0,"enemies":"Lots of Slimes","floor":13.0,"turns":3.0},{"damage":3.0,"enemies":"Exordium Wildlife","floor":14.0,"turns":4.0},{"damage":26.0,"enemies":"Hexaghost","floor":16.0,"turns":10.0},{"damage":8.0,"enemies":"Chosen","floor":18.0,"turns":6.0},{"damage":17.0,"enemies":"3 Byrds","floor":20.0,"turns":4.0},{"damage":6.0,"enemies":"Centurion and Healer","floor":21.0,"turns":4.0},{"damage":9.0,"enemies":"Shelled Parasite and Fungi","floor":24.0,"turns":4.0},{"damage":31.0,"enemies":"Book of Stabbing","floor":28.0,"turns":6.0},{"damage":31.0,"enemies":"Automaton","floor":33.0,"turns":9.0},{"damage":15.0,"enemies":"Orb Walker","floor":35.0,"turns":4.0},{"damage":6.0,"enemies":"3 Darklings","floor":36.0,"turns":5.0},{"damage":0.0,"enemies":"Transient","floor":38.0,"turns":6.0},{"damage":0.0,"enemies":"Giant Head","floor":40.0,"turns":4.0},{"damage":7.0,"enemies":"Nemesis","floor":44.0,"turns":7.0},{"damage":0.0,"enemies":"4 Shapes","floor":45.0,"turns":1.0},{"damage":0.0,"enemies":"Mind Bloom Boss Battle","floor":46.0,"turns":5.0},{"damage":0.0,"enemies":"2 Orb Walkers","floor":47.0,"turns":4.0},{"damage":40.0,"enemies":"Time Eater","floor":50.0,"turns":8.0},{"damage":30.0,"enemies":"Donu and Deca","floor":51.0,"turns":7.0},{"damage":16.0,"enemies":"Shield and Spear","floor":55.0,"turns":5.0},{"damage":62,"enemies":"The Heart","floor":56,"turns":7}],"seed_played":"-380679485847468566","potions_obtained":[{"floor":11.0,"key":"FearPotion"},{"floor":13.0,"key":"PowerPotion"},{"floor":14.0,"key":"SpeedPotion"},{"floor":16.0,"key":"Explosive Potion"},{"floor":18.0,"key":"LiquidBronze"},{"floor":21.0,"key":"Regen Potion"},{"floor":24.0,"key":"Poison Potion"},{"floor":40.0,"key":"Weak Potion"},{"floor":44.0,"key":"Dexterity Potion"}],"is_trial":false,"path_per_floor":["M","?","?","$","M","R","E","R","T","M","E","?","M","M","R","B",null,"M","?","M","M","?","R","M","R","T","R","E","?","R","$","R","B",null,"M","M","?","M","?","E","R","$","T","E","M","?","?","$","R","B","B",null,"R","$","E","B",null],"character_chosen":"THE_SILENT","items_purchased":["Medical Kit","Footwork","Ancient Potion","Pantograph"],"campfire_rested":3,"item_purchase_floors":[31,48,48,48],"current_hp_per_floor":[59,59,54,54,54,54,54,54,54,54,38,38,32,29,29,3,50,42,42,25,19,1,22,25,25,25,46,15,15,15,15,36,5,55,40,34,34,34,34,34,34,34,34,27,27,27,27,27,27,12,7,55,55,55,39,2],"gold":50,"neow_bonus":"THREE_ENEMY_KILL","is_prod":false,"is_daily":false,"chose_seed":false,"campfire_upgraded":7,"win_rate":0,"timestamp":1561359428,"path_taken":["M","?","?","$","M","R","E","R","T","M","E","?","?","M","R","BOSS","M","?","M","?","?","R","M","R","T","R","E","?","R","$","R","BOSS","M","?","?","?","?","E","R","?","T","E","?","?","?","$","R","BOSS","BOSS","R","$","E","BOSS"],"build_version":"2019-01-23","purchased_purges":3,"victory":true,"max_hp_per_floor":[66,66,66,66,66,66,66,66,66,66,66,66,66,66,66,66,66,66,66,66,66,71,71,71,71,71,71,71,71,71,71,71,71,71,71,71,71,71,71,71,71,71,71,71,71,71,71,71,71,71,71,71,71,71,71,71],"card_choices":[{"not_picked":["Leg Sweep","Outmaneuver"],"picked":"Backflip","floor":1.0},{"not_picked":["Underhanded Strike","Deflect","Bane"],"picked":"SKIP","floor":5.0},{"not_picked":["Slice","Burst"],"picked":"Terror","floor":7.0},{"not_picked":["Deadly Poison","Dash"],"picked":"Finisher","floor":10.0},{"not_picked":["Reflex","All Out Attack","Terror"],"picked":"SKIP","floor":11.0},{"not_picked":["Acrobatics","Deadly Poison"],"picked":"Cloak And Dagger","floor":13.0},{"not_picked":["Riddle With Holes","Deadly Poison","Poisoned Stab"],"picked":"SKIP","floor":14.0},{"not_picked":["Crippling Poison","Prepared","Deflect"],"picked":"SKIP","floor":18.0},{"not_picked":["Slice","Quick Slash"],"picked":"Escape Plan","floor":20.0},{"not_picked":["Escape Plan","Backflip","Bane"],"picked":"SKIP","floor":21.0},{"not_picked":["Expertise","Deadly Poison+1","Deflect"],"picked":"SKIP","floor":24.0},{"not_picked":["Deadly Poison+1","Heel Hook","Bane"],"picked":"SKIP","floor":28.0},{"not_picked":["Adrenaline","Phantasmal Killer"],"picked":"Grand Finale","floor":33.0},{"not_picked":["Backflip","Blade Dance","Deflect+1"],"picked":"SKIP","floor":35.0},{"not_picked":["Blade Dance","Dash+1","Prepared+1"],"picked":"SKIP","floor":36.0},{"not_picked":["Accuracy","Dagger Spray+1"],"picked":"Acrobatics","floor":38.0},{"not_picked":["Grand Finale","Slice","Flechettes+1"],"picked":"SKIP","floor":40.0},{"not_picked":["Cloak And Dagger","Flying Knee+1","Doppelganger"],"picked":"SKIP","floor":44.0},{"not_picked":["Backflip","Slice+1","Terror+1"],"picked":"SKIP","floor":45.0},{"not_picked":["Masterful Stab","Quick Slash"],"picked":"Calculated Gamble+1","floor":46.0},{"not_picked":["Backflip","Reflex+1"],"picked":"Tactician+1","floor":55.0}],"player_experience":1982264,"relics_obtained":[{"floor":7.0,"key":"Potion Belt"},{"floor":9.0,"key":"Letter Opener"},{"floor":11.0,"key":"Snake Skull"},{"floor":26.0,"key":"Vajra"},{"floor":28.0,"key":"WingedGreaves"},{"floor":40.0,"key":"Ginger"},{"floor":44.0,"key":"FossilizedHelix"},{"floor":46.0,"key":"Prayer Wheel"},{"floor":47.0,"key":"Old Coin"},{"floor":55.0,"key":"Bottled Flame"}],"event_choices":[{"cards_removed":["Strike_G"],"damage_healed":0.0,"max_hp_gain":0.0,"max_hp_loss":0.0,"gold_gain":0.0,"event_name":"The Cleric","player_choice":"Card Removal","floor":2.0,"gold_loss":75.0,"damage_taken":0.0},{"damage_healed":0.0,"max_hp_gain":0.0,"max_hp_loss":0.0,"gold_gain":0.0,"event_name":"Scrap Ooze","player_choice":"Success","floor":3.0,"gold_loss":0.0,"damage_taken":5.0,"relics_obtained":["Kunai"]},{"damage_healed":0.0,"max_hp_gain":0.0,"max_hp_loss":0.0,"gold_gain":0.0,"cards_transformed":["Strike_G"],"event_name":"Transmorgrifier","player_choice":"Transformed","floor":12.0,"gold_loss":0.0,"damage_taken":0.0,"cards_obtained":["Heel Hook"]},{"damage_healed":0.0,"max_hp_gain":0.0,"max_hp_loss":0.0,"gold_gain":0.0,"event_name":"Upgrade Shrine","player_choice":"Upgraded","floor":19.0,"gold_loss":0.0,"damage_taken":0.0,"cards_upgraded":["Catalyst"]},{"damage_healed":0.0,"max_hp_gain":5.0,"max_hp_loss":0.0,"gold_gain":0.0,"event_name":"Forgotten Altar","player_choice":"Shed Blood","floor":22.0,"gold_loss":0.0,"damage_taken":23.0},{"damage_healed":0.0,"max_hp_gain":0.0,"max_hp_loss":0.0,"gold_gain":0.0,"cards_transformed":["Dagger Throw"],"event_name":"Transmorgrifier","player_choice":"Transformed","floor":29.0,"gold_loss":0.0,"damage_taken":0.0,"cards_obtained":["Prepared"]},{"damage_healed":0.0,"max_hp_gain":0.0,"max_hp_loss":0.0,"gold_gain":0.0,"cards_transformed":["Heel Hook","Flechettes"],"event_name":"Designer","player_choice":"Transformed Cards","floor":37.0,"gold_loss":75.0,"damage_taken":0.0,"cards_obtained":["Leg Sweep","Accuracy"]},{"cards_removed":["Finisher"],"damage_healed":0.0,"max_hp_gain":0.0,"max_hp_loss":0.0,"gold_gain":0.0,"event_name":"Purifier","player_choice":"Purged","floor":39.0,"gold_loss":0.0,"damage_taken":0.0},{"damage_healed":0.0,"max_hp_gain":0.0,"max_hp_loss":0.0,"gold_gain":0.0,"event_name":"MindBloom","player_choice":"Fight","floor":46.0,"gold_loss":0.0,"damage_taken":0.0},{"damage_healed":0.0,"max_hp_gain":0.0,"max_hp_loss":0.0,"gold_gain":0.0,"event_name":"Mysterious Sphere","player_choice":"Fight","floor":47.0,"gold_loss":0.0,"damage_taken":0.0}],"is_beta":false,"boss_relics":[{"not_picked":["Black Star","HoveringKite"],"picked":"Pandora\u0027s Box"},{"not_picked":["WristBlade","Fusion Hammer"],"picked":"Runic Dome"}],"items_purged_floors":[31,42,48],"is_endless":false,"potions_floor_spawned":[11,13,14,16,18,21,24,35,40,44,47],"ascension_level":20}