{"gold_per_floor":[16,32,50,0,10,24,42,42,68,101,119,132,132,163,163,267,267,281,294,209,309,319,319,349,349,349,47,60,95,95,106,106,206,206,219,319,366,383,400,434,434,469,469,484,22,22,34,51,51,51,51,51,51,83,83],"floor_reached":55,"playtime":3828,"items_purged":[],"score":758,"play_id":"6a0804e4-fea7-4251-ac39-9b52ede5ddb6","local_time":"20190310130447","is_ascension_mode":false,"campfire_choices":[{"floor":13,"key":"REST"},{"data":"Accuracy","floor":15,"key":"SMITH"},{"data":"A Thousand Cuts","floor":23,"key":"SMITH"},{"data":"Envenom","floor":25,"key":"SMITH"},{"floor":30,"key":"REST"},{"floor":32,"key":"REST"},{"floor":41,"key":"REST"},{"floor":46,"key":"REST"},{"floor":49,"key":"RECALL"},{"data":"1","floor":52,"key":"LIFT"}],"neow_cost":"NO_GOLD","seed_source_timestamp":756090828431238,"circlet_count":0,"master_deck":["Defend_G","Defend_G+1","Defend_G","Defend_G+1","Defend_G","Strike_G","Strike_G","Strike_G","Strike_G","Strike_G","Survivor","Neutralize","After Image","Blade Dance","Blade Dance","Backstab","Noxious Fumes","Dagger Spray","Choke+1","Slice","Footwork","Endless Agony","Accuracy+1","A Thousand Cuts+1","Dagger Throw+1","Envenom+1","Cloak And Dagger","Blade Dance","Footwork","Footwork","Cloak And Dagger","Dodge and Roll+1","Escape Plan+1","Cloak And Dagger+1","PiercingWail+1","Acrobatics+1","Leg Sweep+1","Finisher","Deflect+1","Blur+1","PiercingWail+1","Backstab"],"relics":["Ring of the Snake","The Courier","Dream Catcher","Happy Flower","Busted Crown","Gremlin Horn","Incense Burner","Ornamental Fan","PreservedInsect","Art of War","Sozu","Prayer Wheel","Girya","Toxic Egg 2","Regal Pillow","Omamori","War Paint","Vajra","Bag of Marbles","Pen Nib"],"potions_floor_usage":[3,10,14,14,18,28,33,50],"damage_taken":[{"damage":1,"enemies":"2 Louse","floor":1,"turns":4},{"damage":0,"enemies":"Cultist","floor":2,"turns":3},{"damage":0,"enemies":"Jaw Worm","floor":3,"turns":2},{"damage":2,"enemies":"Large Slime","floor":5,"turns":6},{"damage":20,"enemies":"Exordium Thugs","floor":6,"turns":4},{"damage":5,"enemies":"Blue Slaver","floor":7,"turns":4},{"damage":4,"enemies":"3 Sentries","floor":10,"turns":7},{"damage":0,"enemies":"2 Fungi Beasts","floor":11,"turns":2},{"damage":0,"enemies":"Exordium Thugs","floor":12,"turns":3},{"damage":12,"enemies":"Gremlin Nob","floor":14,"turns":4},{"damage":43,"enemies":"The Guardian","floor":16,"turns":11},{"damage":0,"enemies":"Chosen","floor":18,"turns":1},{"damage":16,"enemies":"Shell Parasite","floor":19,"turns":4},{"damage":0,"enemies":"3 Cultists","floor":22,"turns":5},{"damage":10,"enemies":"Gremlin Leader","floor":24,"turns":5},{"damage":0,"enemies":"Chosen and Byrds","floor":28,"turns":5},{"damage":13,"enemies":"Book of Stabbing","floor":29,"turns":4},{"damage":0,"enemies":"Snecko","floor":31,"turns":4},{"damage":32,"enemies":"Champ","floor":33,"turns":9},{"damage":0,"enemies":"3 Darklings","floor":35,"turns":3},{"damage":8,"enemies":"Mind Bloom Boss Battle","floor":36,"turns":7},{"damage":28,"enemies":"2 Orb Walkers","floor":37,"turns":6},{"damage":1,"enemies":"Orb Walker","floor":38,"turns":3},{"damage":0,"enemies":"Sphere and 2 Shapes","floor":39,"turns":4},{"damage":3,"enemies":"Nemesis","floor":40,"turns":5},{"damage":26,"enemies":"Giant Head","floor":42,"turns":9},{"damage":0,"enemies":"Writhing Mass","floor":44,"turns":5},{"damage":0,"enemies":"3 Darklings","floor":47,"turns":3},{"damage":0,"enemies":"4 Shapes","floor":48,"turns":3},{"damage":26,"enemies":"Awakened One","floor":50,"turns":14},{"damage":20,"enemies":"Shield and Spear","floor":54,"turns":4},{"damage":53,"enemies":"The Heart","floor":55,"turns":5}],"seed_played":"-4817561024438810979","potions_obtained":[{"floor":2,"key":"AttackPotion"},{"floor":6,"key":"Weak Potion"},{"floor":7,"key":"Energy Potion"},{"floor":10,"key":"SkillPotion"},{"floor":16,"key":"Fire Potion"},{"floor":18,"key":"GamblersBrew"},{"floor":24,"key":"Strength Potion"},{"floor":33,"key":"PowerPotion"}],"is_trial":false,"path_per_floor":["M","M","M","?","M","M","M","?","T","E","M","M","R","E","R","B",null,"M","M","?","?","M","R","E","R","T","$","M","E","R","M","R","B",null,"M","?","?","M","M","E","R","E","T","M","$","R","M","M","R","B",null,"R","$","E","B"],"character_chosen":"THE_SILENT","items_purchased":["PreservedInsect","Cloak And Dagger","Blade Dance","Footwork","Footwork","War Paint","Vajra","Bag of Marbles","Deflect+1","Blur+1"],"campfire_rested":5,"item_purchase_floors":[27,27,27,27,27,45,45,45,45,45],"current_hp_per_floor":[69,69,69,69,67,47,42,42,42,38,38,38,59,47,47,4,70,70,54,54,54,54,54,44,44,44,44,44,31,52,52,70,38,70,70,62,34,33,33,30,51,25,25,25,25,61,61,61,61,35,70,70,70,50,0],"gold":83,"neow_bonus":"THREE_RARE_CARDS","is_prod":false,"is_daily":false,"chose_seed":false,"campfire_upgraded":3,"win_rate":0,"timestamp":1552237487,"path_taken":["M","M","M","?","M","M","?","?","T","E","M","?","R","E","R","BOSS","M","M","?","?","M","R","E","R","T","$","M","E","R","?","R","BOSS","M","?","?","M","M","E","R","E","T","M","$","R","M","M","R","BOSS","R","$","E","BOSS"],"build_version":"2019-01-23","purchased_purges":0,"victory":false,"max_hp_per_floor":[70,70,70,70,70,70,70,70,70,70,70,70,70,70,70,70,70,70,70,70,70,70,70,70,70,70,70,70,70,70,70,70,70,70,70,70,70,70,70,70,70,70,70,70,70,70,70,70,70,70,70,70,70,70,70],"card_choices":[{"not_picked":["Night Terror","Wraith Form v2"],"picked":"After Image","floor":0},{"not_picked":["Dagger Spray","Skewer"],"picked":"Blade Dance","floor":1},{"not_picked":["Bane","Tactician"],"picked":"Blade Dance","floor":2},{"not_picked":["Deadly Poison","Noxious Fumes"],"picked":"Backstab","floor":3},{"not_picked":["Predator","Bane"],"picked":"Noxious Fumes","floor":5},{"not_picked":["Endless Agony","Flechettes"],"picked":"Dagger Spray","floor":6},{"not_picked":["Acrobatics","Deadly Poison"],"picked":"Choke","floor":7},{"not_picked":["Prepared","Deadly Poison"],"picked":"Slice","floor":10},{"not_picked":["Dodge and Roll","Bane"],"picked":"Footwork","floor":11},{"not_picked":["Poisoned Stab","Dagger Spray","Sucker Punch"],"picked":"SKIP","floor":12},{"not_picked":["Caltrops","Bane"],"picked":"Endless Agony","floor":13},{"not_picked":["Eviscerate","Crippling Poison"],"picked":"Accuracy","floor":14},{"not_picked":["Die Die Die","Burst"],"picked":"A Thousand Cuts","floor":16},{"not_picked":[],"picked":"Dagger Throw+1","floor":18},{"not_picked":["Dagger Spray"],"picked":"SKIP","floor":19},{"not_picked":["Sucker Punch"],"picked":"SKIP","floor":22},{"not_picked":[],"picked":"Envenom","floor":24},{"not_picked":["Crippling Poison+1"],"picked":"SKIP","floor":28},{"not_picked":[],"picked":"Cloak And Dagger","floor":29},{"not_picked":["Calculated Gamble+1"],"picked":"SKIP","floor":31},{"not_picked":[],"picked":"Dodge and Roll+1","floor":35},{"not_picked":[],"picked":"Escape Plan+1","floor":36},{"not_picked":["Sucker Punch"],"picked":"SKIP","floor":38},{"not_picked":["Well Laid Plans"],"picked":"SKIP","floor":38},{"not_picked":[],"picked":"Cloak And Dagger+1","floor":39},{"not_picked":["Heel Hook+1"],"picked":"SKIP","floor":39},{"not_picked":[],"picked":"PiercingWail","floor":40},{"not_picked":[],"picked":"Acrobatics+1","floor":42},{"not_picked":[],"picked":"Leg Sweep+1","floor":44},{"not_picked":[],"picked":"Finisher","floor":44},{"not_picked":[],"picked":"PiercingWail+1","floor":47},{"not_picked":[],"picked":"Backstab","floor":47},{"not_picked":["Slice"],"picked":"SKIP","floor":48},{"not_picked":["Caltrops"],"picked":"SKIP","floor":48},{"not_picked":["Deadly Poison+1"],"picked":"SKIP","floor":54}],"player_experience":657916,"relics_obtained":[{"floor":10,"key":"Dream Catcher"},{"floor":14,"key":"Happy Flower"},{"floor":24,"key":"Incense Burner"},{"floor":26,"key":"Ornamental Fan"},{"floor":29,"key":"Art of War"},{"floor":36,"key":"Prayer Wheel"},{"floor":37,"key":"Girya"},{"floor":40,"key":"Toxic Egg 2"},{"floor":42,"key":"Regal Pillow"},{"floor":43,"key":"Omamori"},{"floor":54,"key":"Pen Nib"}],"event_choices":[{"damage_healed":0,"gold_gain":0,"player_choice":"Paid Gold","damage_taken":0,"relics_obtained":["The Courier"],"max_hp_gain":0,"max_hp_loss":0,"event_name":"WeMeetAgain","floor":4,"gold_loss":50},{"damage_healed":0,"gold_gain":0,"player_choice":"Upgraded","damage_taken":0,"max_hp_gain":0,"max_hp_loss":0,"event_name":"Upgrade Shrine","floor":8,"gold_loss":0,"cards_upgraded":["Choke"]},{"damage_healed":0,"gold_gain":0,"player_choice":"Obtained Relic","damage_taken":0,"relics_obtained":["Gremlin Horn"],"max_hp_gain":0,"max_hp_loss":0,"event_name":"Addict","floor":20,"gold_loss":85},{"damage_healed":0,"gold_gain":100,"player_choice":"Pray","damage_taken":0,"max_hp_gain":0,"max_hp_loss":0,"event_name":"Golden Shrine","floor":21,"gold_loss":0},{"damage_healed":0,"gold_gain":0,"player_choice":"Fight","damage_taken":0,"max_hp_gain":0,"max_hp_loss":0,"event_name":"MindBloom","floor":36,"gold_loss":0},{"damage_healed":0,"gold_gain":0,"player_choice":"Fight","damage_taken":0,"max_hp_gain":0,"max_hp_loss":0,"event_name":"Mysterious Sphere","floor":37,"gold_loss":0}],"is_beta":false,"boss_relics":[{"not_picked":["Black Star","Snecko Eye"],"picked":"Busted Crown"},{"not_picked":["Ring of the Serpent","Orrery"],"picked":"Sozu"}],"items_purged_floors":[],"is_endless":false,"potions_floor_spawned":[2,6,7,10,16,18,24,33,39,40,47,48,54],"killed_by":"The Heart","ascension_level":0}