{"gold_per_floor":[109,284,284,298,316,316,332,13,13,13,13,32,47,70,70,70],"floor_reached":16,"playtime":1241,"items_purged":["Doubt"],"score":135,"play_id":"8d0c2c94-1e71-48dd-a9da-f5132e0f1a44","local_time":"20180724225603","is_ascension_mode":true,"campfire_choices":[{"data":"Malaise","floor":6,"key":"SMITH"},{"floor":15,"key":"REST"}],"neow_cost":"FIFTY_PERCENT_DAMAGE","seed_source_timestamp":288325319663223,"circlet_count":0,"master_deck":["Defend_G","Defend_G","Defend_G","Defend_G","Defend_G","Strike_G","Strike_G","Strike_G","Strike_G","Strike_G","Survivor","Neutralize","Malaise+1","Dagger Spray","Backflip","Bouncing Flask","Slice","Blur","Footwork","Dodge and Roll"],"relics":["Ring of the Snake","Kunai","Question Card","Golden Idol"],"potions_floor_usage":[10,10,16,16,16],"damage_taken":[{"damage":2,"enemies":"2 Louse","floor":1,"turns":4},{"damage":1,"enemies":"Jaw Worm","floor":4,"turns":9},{"damage":7,"enemies":"Small Slimes","floor":5,"turns":6},{"damage":17,"enemies":"Exordium Wildlife","floor":7,"turns":6},{"damage":8,"enemies":"Gremlin Nob","floor":10,"turns":4},{"damage":0,"enemies":"Blue Slaver","floor":12,"turns":5},{"damage":0,"enemies":"Gremlin Gang","floor":13,"turns":6},{"damage":0,"enemies":"Large Slime","floor":14,"turns":11},{"damage":25,"enemies":"Slime Boss","floor":16,"turns":13}],"seed_played":"1325529465724356166","potions_obtained":[{"floor":4,"key":"SmokeBomb"},{"floor":7,"key":"Fruit Juice"},{"floor":12,"key":"Weak Potion"},{"floor":13,"key":"Swift Potion"},{"floor":14,"key":"Block Potion"}],"is_trial":false,"path_per_floor":["M","?","?","M","M","R","M","$","T","E","?","M","M","M","R"],"character_chosen":"THE_SILENT","items_purchased":["Kunai"],"campfire_rested":1,"item_purchase_floors":[8],"current_hp_per_floor":[30,30,30,29,22,22,5,5,5,2,2,2,2,2,22,0],"gold":70,"neow_bonus":"THREE_RARE_CARDS","is_prod":false,"is_daily":false,"chose_seed":false,"campfire_upgraded":1,"win_rate":0,"timestamp":1532487363,"path_taken":["M","?","?","M","M","R","?","$","T","E","?","M","?","M","R","BOSS"],"build_version":"2018-07-19v2","purchased_purges":1,"victory":false,"max_hp_per_floor":[70,70,70,70,70,70,70,70,70,75,69,69,69,69,69,69],"card_choices":[{"not_picked":["A Thousand Cuts","Die Die Die"],"picked":"Malaise","floor":0},{"not_picked":["Acrobatics","Quick Slash"],"picked":"Dagger Spray","floor":1},{"not_picked":["Sucker Punch","Deflect"],"picked":"Backflip","floor":4},{"not_picked":["Sucker Punch","Endless Agony"],"picked":"Bouncing Flask","floor":5},{"not_picked":["Dodge and Roll","Accuracy"],"picked":"Slice","floor":7},{"not_picked":["Reflex","Setup","Bouncing Flask"],"picked":"Blur","floor":12},{"not_picked":["Caltrops","Flechettes","Acrobatics"],"picked":"Footwork","floor":13},{"not_picked":["Flechettes","Bane","Deadly Poison"],"picked":"Dodge and Roll","floor":14}],"player_experience":302973,"relics_obtained":[{"floor":9,"key":"Question Card"}],"event_choices":[{"event_name":"Liars Game","player_choice":"agreed","floor":2,"damage_taken":0},{"event_name":"Shining Light","player_choice":"Ignored","floor":3,"damage_taken":0},{"event_name":"Golden Idol","player_choice":"Lose Max HP","floor":11,"damage_taken":0}],"is_beta":false,"boss_relics":[],"items_purged_floors":[8],"is_endless":false,"potions_floor_spawned":[4,7,12,13,14],"killed_by":"Slime Boss","ascension_level":6}