{"gold_per_floor":[111,11,24,24,99,99,110,129,129,129,129,129,149,149],"floor_reached":14,"playtime":1838,"items_purged":["Strike_G"],"score":80,"play_id":"84352b12-439b-4fcc-907c-ca470f4d3a2c","local_time":"20190803080608","is_ascension_mode":false,"campfire_choices":[{"data":"Calculated Gamble","floor":6,"key":"SMITH"},{"floor":12,"key":"REST"}],"neow_cost":"NONE","seed_source_timestamp":111472141337090,"circlet_count":0,"master_deck":["Strike_G","Strike_G","Strike_G","Defend_G","Defend_G","Defend_G","Defend_G","Survivor","Neutralize","Calculated Gamble+1","Acrobatics","Blur","Acrobatics"],"relics":["Ring of the Snake","Bird Faced Urn"],"potions_floor_usage":[14,14],"damage_taken":[{"damage":2,"enemies":"Jaw Worm","floor":1,"turns":7},{"damage":0,"enemies":"Cultist","floor":3,"turns":5},{"damage":0,"enemies":"2 Louse","floor":7,"turns":6},{"damage":25,"enemies":"Large Slime","floor":8,"turns":17},{"damage":0,"enemies":"Exordium Wildlife","floor":13,"turns":11},{"damage":52,"enemies":"Lagavulin","floor":14,"turns":20}],"seed_played":"7873579590711939466","potions_obtained":[{"floor":1,"key":"Dexterity Potion"},{"floor":8,"key":"PowerPotion"}],"is_trial":false,"path_per_floor":["M","$","M","$","?","R","M","M","T","?","?","R","M","E"],"character_chosen":"THE_SILENT","items_purchased":["Acrobatics"],"campfire_rested":1,"item_purchase_floors":[2],"current_hp_per_floor":[68,68,68,68,61,61,61,36,36,29,29,50,50,0],"gold":149,"neow_bonus":"REMOVE_CARD","is_prod":false,"is_daily":false,"chose_seed":false,"campfire_upgraded":1,"win_rate":0,"timestamp":1564812368,"path_taken":["M","$","M","$","?","R","M","?","T","?","?","R","M","E"],"build_version":"2019-07-17","purchased_purges":1,"victory":false,"max_hp_per_floor":[70,70,70,70,70,70,70,70,70,70,70,70,70,70],"card_choices":[{"not_picked":["Slice","Deflect"],"picked":"Calculated Gamble","floor":1},{"not_picked":["Dash","Backflip"],"picked":"Blur","floor":3},{"not_picked":["PiercingWail","Calculated Gamble"],"picked":"Acrobatics","floor":7},{"not_picked":["Quick Slash","Deflect","Backflip"],"picked":"SKIP","floor":8},{"not_picked":["Bane","Slice","Underhanded Strike"],"picked":"SKIP","floor":13}],"player_experience":42341,"relics_obtained":[{"floor":9,"key":"Bird Faced Urn"}],"event_choices":[{"damage_healed":0,"gold_gain":75,"player_choice":"Touch","damage_taken":7,"max_hp_gain":0,"max_hp_loss":0,"event_name":"FaceTrader","floor":5,"gold_loss":0},{"cards_removed":["Defend_G"],"damage_healed":0,"gold_gain":0,"player_choice":"Card Removal","damage_taken":7,"max_hp_gain":0,"max_hp_loss":0,"event_name":"Golden Wing","floor":10,"gold_loss":0},{"damage_healed":0,"gold_gain":0,"player_choice":"Ignored","damage_taken":0,"max_hp_gain":0,"max_hp_loss":0,"event_name":"Liars Game","floor":11,"gold_loss":0}],"is_beta":false,"boss_relics":[],"items_purged_floors":[2],"is_endless":false,"potions_floor_spawned":[1,8],"killed_by":"Lagavulin","ascension_level":0}