{"gold_per_floor":[113,113,113,38,38,38,65,75,145,157,173,173,199,212,212,212],"floor_reached":16,"playtime":493,"items_purged":["Strike_B"],"score":220,"play_id":"48129ca2-7406-421a-9b11-e80269562b47","local_time":"20190520124012","is_ascension_mode":true,"campfire_choices":[{"data":"Dualcast","floor":6.0,"key":"SMITH"},{"data":"Consume","floor":12.0,"key":"SMITH"},{"data":"Chaos","floor":15.0,"key":"SMITH"}],"neow_cost":"TEN_PERCENT_HP_LOSS","seed_source_timestamp":854577840545297,"circlet_count":0,"master_deck":["AscendersBane","Strike_B+1","Strike_B","Strike_B","Defend_B","Defend_B","Defend_B+1","Defend_B","Zap+1","Dualcast+1","BootSequence","Capacitor","Melter","Consume+1","Chaos+1"],"special_seed":0,"relics":["Cracked Core","Dead Branch","Ornamental Fan","Molten Egg 2"],"potions_floor_usage":[16],"damage_taken":[{"damage":18.0,"enemies":"Small Slimes","floor":1.0,"turns":4.0},{"damage":3.0,"enemies":"3 Sentries","floor":7.0,"turns":9.0},{"damage":0.0,"enemies":"2 Louse","floor":8.0,"turns":2.0},{"damage":0.0,"enemies":"Cultist","floor":10.0,"turns":3.0},{"damage":4.0,"enemies":"2 Fungi Beasts","floor":11.0,"turns":3.0},{"damage":7.0,"enemies":"Gremlin Nob","floor":13.0,"turns":3.0},{"damage":0.0,"enemies":"Red Slaver","floor":14.0,"turns":4.0},{"damage":11,"enemies":"Hexaghost","floor":16,"turns":8}],"seed_played":"-8443795029294540370","potions_obtained":[{"floor":1.0,"key":"Block Potion"},{"floor":8.0,"key":"Weak Potion"}],"is_trial":false,"path_per_floor":["M","?","?","$","?","R","E","M","T","M","M","R","E","M","R","B"],"character_chosen":"DEFECT","items_purchased":[],"campfire_rested":0,"item_purchase_floors":[],"current_hp_per_floor":[46,27,27,27,27,27,24,24,24,24,20,20,13,13,13,2],"gold":212,"neow_bonus":"ONE_RARE_RELIC","is_prod":false,"is_daily":false,"chose_seed":false,"campfire_upgraded":3,"win_rate":0,"timestamp":1558327212,"path_taken":["M","?","?","$","?","R","E","M","T","M","M","R","E","?","R","BOSS"],"build_version":"2019-01-23","purchased_purges":1,"victory":false,"max_hp_per_floor":[64,64,64,64,64,64,64,64,64,64,64,64,64,64,64,64],"card_choices":[{"not_picked":["Steam Power","Hologram"],"picked":"BootSequence","floor":1.0},{"not_picked":["Leap","Static Discharge","Barrage"],"picked":"SKIP","floor":7.0},{"not_picked":["Conserve Battery","Gash"],"picked":"Capacitor","floor":8.0},{"not_picked":["Turbo","Auto Shields"],"picked":"Melter","floor":10.0},{"not_picked":["Genetic Algorithm","Scrape"],"picked":"Consume","floor":11.0},{"not_picked":["Redo","Hello World"],"picked":"Chaos","floor":13.0},{"not_picked":["Auto Shields","Melter+1","Rip and Tear+1"],"picked":"SKIP","floor":14.0}],"player_experience":1717344,"relics_obtained":[{"floor":7.0,"key":"Ornamental Fan"},{"floor":13.0,"key":"Molten Egg 2"}],"event_choices":[{"damage_healed":0.0,"max_hp_gain":0.0,"max_hp_loss":0.0,"gold_gain":0.0,"event_name":"Shining Light","player_choice":"Entered Light","floor":2.0,"gold_loss":0.0,"damage_taken":19.0,"cards_upgraded":["Defend_B","Strike_B"]},{"damage_healed":0.0,"max_hp_gain":0.0,"max_hp_loss":0.0,"gold_gain":0.0,"event_name":"Liars Game","player_choice":"Ignored","floor":3.0,"gold_loss":0.0,"damage_taken":0.0},{"damage_healed":0.0,"max_hp_gain":0.0,"max_hp_loss":0.0,"gold_gain":0.0,"event_name":"Upgrade Shrine","player_choice":"Upgraded","floor":5.0,"gold_loss":0.0,"damage_taken":0.0,"cards_upgraded":["Zap"]}],"is_beta":false,"boss_relics":[],"items_purged_floors":[4],"is_endless":false,"potions_floor_spawned":[1,8],"killed_by":"Hexaghost","ascension_level":20}