{"gold_per_floor":[113,130,148,159,176,176,191,191,264,285,298,56,76,176,176,277,277,297,315,315,315,327,327,242,542,624,636,636,636,669,688,688,790,790,805,805],"floor_reached":36,"playtime":2084,"items_purged":[],"score":428,"play_id":"c389d8c7-e1fa-4756-9425-17331ec40133","local_time":"20190420171310","is_ascension_mode":false,"campfire_choices":[{"data":"Loop","floor":6,"key":"SMITH"},{"data":"Glacier","floor":8,"key":"SMITH"},{"floor":15,"key":"REST"},{"floor":23,"key":"REST"},{"data":"Streamline","floor":32,"key":"SMITH"}],"neow_cost":"NONE","seed_source_timestamp":15922400493548,"circlet_count":0,"master_deck":["Strike_B","Strike_B","Strike_B","Strike_B","Defend_B","Defend_B","Defend_B","Defend_B","Zap","Dualcast","Loop+1","Turbo","Glacier+1","Conserve Battery","Self Repair","Streamline+1","Capacitor","Capacitor","Echo Form","Doubt","Doubt","Self Repair","Ball Lightning","Chill","Redo","Force Field","Sweeping Beam","Creative AI","Ball Lightning+1"],"relics":["Cracked Core","NeowsBlessing","Odd Mushroom","Mummified Hand","Calling Bell","Orichalcum","Symbiotic Virus","Incense Burner","Kunai","Old Coin","Pear","Ginger","Dream Catcher","Empty Cage"],"potions_floor_usage":[10,11,33],"damage_taken":[{"damage":0,"enemies":"Cultist","floor":1,"turns":1},{"damage":0,"enemies":"Small Slimes","floor":2,"turns":1},{"damage":0,"enemies":"2 Louse","floor":3,"turns":1},{"damage":6,"enemies":"2 Fungi Beasts","floor":4,"turns":4},{"damage":1,"enemies":"3 Louse","floor":5,"turns":5},{"damage":4,"enemies":"Blue Slaver","floor":7,"turns":4},{"damage":9,"enemies":"The Mushroom Lair","floor":10,"turns":5},{"damage":14,"enemies":"Exordium Wildlife","floor":11,"turns":5},{"damage":8,"enemies":"Looter","floor":13,"turns":4},{"damage":24,"enemies":"Slime Boss","floor":16,"turns":10},{"damage":34,"enemies":"3 Byrds","floor":18,"turns":7},{"damage":12,"enemies":"Shell Parasite","floor":19,"turns":6},{"damage":31,"enemies":"Snake Plant","floor":22,"turns":5},{"damage":12,"enemies":"Centurion and Healer","floor":27,"turns":8},{"damage":25,"enemies":"Book of Stabbing","floor":30,"turns":5},{"damage":16,"enemies":"Snecko","floor":31,"turns":5},{"damage":49,"enemies":"Champ","floor":33,"turns":13},{"damage":30,"enemies":"3 Darklings","floor":35,"turns":11},{"damage":79,"enemies":"2 Orb Walkers","floor":36,"turns":4}],"seed_played":"-7790204204791011319","potions_obtained":[{"floor":1,"key":"SpeedPotion"},{"floor":2,"key":"EssenceOfSteel"},{"floor":10,"key":"EssenceOfSteel"},{"floor":13,"key":"Strength Potion"},{"floor":22,"key":"LiquidBronze"}],"is_trial":false,"path_per_floor":["M","M","M","M","M","R","M","R","T","?","M","$","M","?","R","B",null,"M","M","?","?","M","R","?","?","T","M","T","?","E","M","R","B",null,"M","?"],"character_chosen":"DEFECT","items_purchased":["Mummified Hand"],"campfire_rested":2,"item_purchase_floors":[12],"current_hp_per_floor":[75,75,75,69,68,68,64,64,64,62,55,55,54,54,75,58,75,48,64,50,50,40,64,64,64,74,90,90,90,72,70,70,35,90,74,0],"gold":805,"neow_bonus":"THREE_ENEMY_KILL","is_prod":false,"is_daily":false,"chose_seed":false,"campfire_upgraded":3,"win_rate":0,"timestamp":1555794790,"path_taken":["M","M","M","M","M","R","M","R","T","?","M","$","M","?","R","BOSS","M","?","?","?","M","R","?","?","T","?","?","?","E","M","R","BOSS","M","?"],"build_version":"2019-01-23","purchased_purges":0,"victory":false,"max_hp_per_floor":[75,75,75,75,75,75,75,75,75,75,75,75,75,75,75,75,75,75,75,80,80,80,80,80,80,90,90,90,90,90,90,90,90,90,90,90],"card_choices":[{"not_picked":["Steam","Stack"],"picked":"Loop","floor":1},{"not_picked":["Beam Cell","Sweeping Beam"],"picked":"Turbo","floor":2},{"not_picked":["Lockon","Hologram","Turbo"],"picked":"SKIP","floor":3},{"not_picked":["Sweeping Beam","Stack"],"picked":"Glacier","floor":4},{"not_picked":["BootSequence","Double Energy"],"picked":"Conserve Battery","floor":5},{"not_picked":["Reprogram","Redo"],"picked":"Self Repair","floor":7},{"not_picked":["Beam Cell","FTL"],"picked":"Streamline","floor":10},{"not_picked":["Reprogram","Leap"],"picked":"Capacitor","floor":11},{"not_picked":["Hologram","Gash"],"picked":"Capacitor","floor":13},{"not_picked":["Core Surge","Hyperbeam"],"picked":"Echo Form","floor":16},{"not_picked":["Steam","Compile Driver"],"picked":"Self Repair","floor":18},{"not_picked":["Beam Cell","Self Repair"],"picked":"Ball Lightning","floor":19},{"not_picked":["Aggregate","Darkness+1"],"picked":"Chill","floor":22},{"not_picked":["Hyperbeam","Go for the Eyes"],"picked":"Redo","floor":27},{"not_picked":["Heatsinks","Darkness"],"picked":"Force Field","floor":30},{"not_picked":["Hologram","Redo"],"picked":"Sweeping Beam","floor":31},{"not_picked":["Biased Cognition","Machine Learning"],"picked":"Creative AI","floor":33},{"not_picked":["Leap+1","Gash"],"picked":"Ball Lightning+1","floor":35}],"player_experience":836499,"relics_obtained":[{"floor":10,"key":"Odd Mushroom"},{"floor":17,"key":"Orichalcum"},{"floor":17,"key":"Symbiotic Virus"},{"floor":17,"key":"Incense Burner"},{"floor":26,"key":"Pear"},{"floor":28,"key":"Ginger"},{"floor":30,"key":"Dream Catcher"}],"event_choices":[{"damage_healed":0,"gold_gain":0,"player_choice":"Fought Mushrooms","damage_taken":0,"max_hp_gain":0,"max_hp_loss":0,"event_name":"Mushrooms","floor":10,"gold_loss":0},{"damage_healed":0,"gold_gain":100,"player_choice":"Pray","damage_taken":0,"max_hp_gain":0,"max_hp_loss":0,"event_name":"Golden Shrine","floor":14,"gold_loss":0},{"damage_healed":0,"gold_gain":0,"player_choice":"Shed Blood","damage_taken":19,"max_hp_gain":5,"max_hp_loss":0,"event_name":"Forgotten Altar","floor":20,"gold_loss":0},{"damage_healed":0,"gold_gain":0,"player_choice":"Ignored","damage_taken":0,"max_hp_gain":0,"max_hp_loss":0,"event_name":"Ghosts","floor":21,"gold_loss":0},{"damage_healed":0,"gold_gain":0,"player_choice":"Obtained Relic","damage_taken":0,"relics_obtained":["Kunai"],"max_hp_gain":0,"max_hp_loss":0,"event_name":"Addict","floor":24,"gold_loss":85},{"damage_healed":0,"gold_gain":0,"player_choice":"Opened","damage_taken":0,"relics_obtained":["Old Coin"],"max_hp_gain":0,"max_hp_loss":0,"event_name":"The Mausoleum","floor":25,"gold_loss":0,"cards_obtained":["Writhe"]},{"damage_healed":0,"gold_gain":0,"player_choice":"Bought 0 Potions","damage_taken":0,"max_hp_gain":0,"max_hp_loss":0,"event_name":"The Woman in Blue","floor":29,"gold_loss":0},{"damage_healed":0,"gold_gain":0,"player_choice":"Fight","damage_taken":0,"max_hp_gain":0,"max_hp_loss":0,"event_name":"Mysterious Sphere","floor":36,"gold_loss":0}],"is_beta":false,"boss_relics":[{"not_picked":["Astrolabe","Orrery"],"picked":"Calling Bell"},{"not_picked":["Lizard Tail","Snecko Eye"],"picked":"Empty Cage"}],"items_purged_floors":[],"is_endless":false,"potions_floor_spawned":[1,2,10,13,22,27,30],"killed_by":"2 Orb Walkers","ascension_level":0}