{"gold_per_floor":[114,39,39,51,51,84,84,114,114,129,164,175,175,186,186,259,259,278,278,37,57,57,57,89,89,165,14,39,53,81,98,98,177,177,189,33,33,45,45,45,145,145,145,145,172,184,219,219,219,219,219,219,19,46,46],"floor_reached":56,"playtime":2358,"items_purged":["Strike_R"],"score":2057,"play_id":"5aaa7612-55d9-4066-9702-b486d7df5013","local_time":"20190730211259","is_ascension_mode":true,"campfire_choices":[{"data":"Bash","floor":7,"key":"SMITH"},{"data":"Inflame","floor":13,"key":"SMITH"},{"data":"Disarm","floor":15,"key":"SMITH"},{"floor":23,"key":"RECALL"},{"data":"Sword Boomerang","floor":32,"key":"SMITH"},{"data":"Feel No Pain","floor":40,"key":"SMITH"},{"data":"Metallicize","floor":42,"key":"SMITH"},{"data":"Reaper","floor":44,"key":"SMITH"},{"data":"Berserk","floor":49,"key":"SMITH"},{"data":"Feed","floor":52,"key":"SMITH"}],"neow_cost":"NONE","seed_source_timestamp":332697176821276,"circlet_count":0,"master_deck":["AscendersBane","Strike_R","Strike_R","Strike_R+1","Defend_R+1","Defend_R","Defend_R","Defend_R","Bash+1","Combust+1","Thunderclap+1","Disarm+1","Inflame+1","Dropkick","Sword Boomerang+1","Reaper+1","Evolve+1","Pummel+1","Flame Barrier+1","Metallicize+1","Ghostly Armor+1","Offering+1","Offering+1","Spot Weakness+1","Disarm+1","Feel No Pain+1","Disarm+1","Entrench+1","Berserk+1","Shrug It Off+1","Feed+1","Feel No Pain+1","Battle Trance+1"],"relics":["Burning Blood","NeowsBlessing","Pantograph","Whetstone","Bag of Preparation","Velvet Choker","Nilry\u0027s Codex","Mummified Hand","Toxic Egg 2","Mercury Hourglass","Juzu Bracelet","Singing Bowl","Black Star","CultistMask","Du-Vu Doll","Pear","Pocketwatch","Nunchaku","Torii","Orichalcum","DollysMirror","Gambling Chip","Oddly Smooth Stone"],"potions_floor_usage":[8,33,55,55],"damage_taken":[{"damage":0,"enemies":"Jaw Worm","floor":1,"turns":1},{"damage":0,"enemies":"Small Slimes","floor":4,"turns":2},{"damage":0,"enemies":"Lagavulin","floor":6,"turns":1},{"damage":28,"enemies":"3 Sentries","floor":8,"turns":6},{"damage":4,"enemies":"Cultist","floor":10,"turns":3},{"damage":15,"enemies":"Gremlin Nob","floor":11,"turns":4},{"damage":2,"enemies":"2 Fungi Beasts","floor":12,"turns":2},{"damage":4,"enemies":"Looter","floor":14,"turns":3},{"damage":42,"enemies":"The Guardian","floor":16,"turns":11},{"damage":24,"enemies":"2 Thieves","floor":18,"turns":3},{"damage":11,"enemies":"Shell Parasite","floor":21,"turns":5},{"damage":36,"enemies":"Book of Stabbing","floor":24,"turns":5},{"damage":3,"enemies":"Gremlin Leader","floor":28,"turns":4},{"damage":6,"enemies":"Centurion and Healer","floor":29,"turns":5},{"damage":25,"enemies":"Book of Stabbing","floor":30,"turns":7},{"damage":0,"enemies":"Snecko","floor":31,"turns":3},{"damage":48,"enemies":"Champ","floor":33,"turns":10},{"damage":11,"enemies":"3 Shapes","floor":35,"turns":5},{"damage":6,"enemies":"Orb Walker","floor":38,"turns":3},{"damage":4,"enemies":"Mind Bloom Boss Battle","floor":41,"turns":7},{"damage":41,"enemies":"Nemesis","floor":45,"turns":11},{"damage":15,"enemies":"Writhing Mass","floor":46,"turns":7},{"damage":40,"enemies":"Reptomancer","floor":47,"turns":10},{"damage":18,"enemies":"Time Eater","floor":50,"turns":10},{"damage":31,"enemies":"Shield and Spear","floor":54,"turns":9},{"damage":77,"enemies":"The Heart","floor":55,"turns":12}],"seed_played":"-1408741954130951181","potions_obtained":[{"floor":1,"key":"SkillPotion"},{"floor":10,"key":"Weak Potion"},{"floor":18,"key":"Ancient Potion"},{"floor":38,"key":"SpeedPotion"}],"is_trial":false,"path_per_floor":["M","?","?","M","?","E","R","E","T","M","E","M","R","M","R","B",null,"M","?","$","M","?","R","E","?","T","$","E","M","E","M","R","B",null,"M","$","?","M","?","R","?","R","T","R","E","M","E","?","R","B",null,"R","$","E","B",null],"character_chosen":"IRONCLAD","items_purchased":["Mummified Hand","Flame Barrier+1","Disarm+1","Feel No Pain","DollysMirror"],"campfire_rested":0,"item_purchase_floors":[20,27,36,36,53],"current_hp_per_floor":[74,74,75,75,52,58,58,36,36,38,29,33,33,35,35,24,62,54,33,33,41,41,41,41,41,41,41,62,73,68,76,76,48,70,65,65,65,65,65,65,77,77,87,87,87,82,87,83,83,83,83,83,83,67,37],"gold":46,"neow_bonus":"THREE_ENEMY_KILL","is_prod":false,"is_daily":false,"chose_seed":false,"campfire_upgraded":9,"win_rate":0,"timestamp":1564535579,"path_taken":["M","?","?","?","?","E","R","E","T","M","E","M","R","M","R","BOSS","M","?","$","M","?","R","E","?","T","$","E","M","E","M","R","BOSS","M","$","?","M","?","R","?","R","T","R","E","M","E","?","R","BOSS","R","$","E","BOSS"],"build_version":"2019-07-17","purchased_purges":1,"victory":true,"max_hp_per_floor":[75,75,75,75,75,75,75,75,75,75,75,75,75,75,75,75,75,75,75,75,75,75,75,75,75,75,75,75,75,75,77,77,77,77,77,77,77,77,77,77,77,77,87,87,87,87,87,83,83,83,83,83,83,83,83],"card_choices":[{"not_picked":["Infernal Blade","Twin Strike"],"picked":"Combust","floor":1},{"not_picked":["Havoc","Sword Boomerang"],"picked":"Thunderclap","floor":4},{"not_picked":["Sever Soul","Burning Pact"],"picked":"Disarm","floor":6},{"not_picked":["Armaments","Anger"],"picked":"Inflame","floor":8},{"not_picked":["Rage","Cleave"],"picked":"Dropkick","floor":10},{"not_picked":["Clash","Wild Strike"],"picked":"Sword Boomerang","floor":11},{"not_picked":["Anger","Combust","Twin Strike"],"picked":"SKIP","floor":12},{"not_picked":["Perfected Strike","Combust","Body Slam"],"picked":"SKIP","floor":14},{"not_picked":["Bludgeon","Double Tap"],"picked":"Reaper","floor":16},{"not_picked":["Cleave+1","Clothesline"],"picked":"Evolve+1","floor":18},{"not_picked":["Thunderclap","Heavy Blade"],"picked":"Pummel+1","floor":21},{"not_picked":["Anger","Iron Wave","Bludgeon"],"picked":"SKIP","floor":24},{"not_picked":["Perfected Strike","Clash"],"picked":"Metallicize","floor":28},{"not_picked":["Clash","Iron Wave"],"picked":"Ghostly Armor+1","floor":29},{"not_picked":["Shrug It Off+1","True Grit+1"],"picked":"Offering+1","floor":30},{"not_picked":["Bloodletting+1","Twin Strike","Second Wind+1"],"picked":"Singing Bowl","floor":31},{"not_picked":["Immolate","Berserk"],"picked":"Offering+1","floor":33},{"not_picked":["Armaments+1","Heavy Blade"],"picked":"Spot Weakness+1","floor":35},{"not_picked":["Clash","Combust"],"picked":"Disarm+1","floor":38},{"not_picked":["Flex+1","Pommel Strike"],"picked":"Entrench+1","floor":41},{"not_picked":["Thunderclap","Clothesline"],"picked":"Berserk","floor":45},{"not_picked":["Iron Wave+1","Rage+1"],"picked":"Shrug It Off+1","floor":46},{"not_picked":["Heavy Blade","Carnage"],"picked":"Feed","floor":47},{"not_picked":["Infernal Blade+1","Shrug It Off+1"],"picked":"Battle Trance+1","floor":54}],"player_experience":1612159,"relics_obtained":[{"floor":6,"key":"Pantograph"},{"floor":8,"key":"Whetstone"},{"floor":11,"key":"Bag of Preparation"},{"floor":19,"key":"Nilry\u0027s Codex"},{"floor":24,"key":"Toxic Egg 2"},{"floor":26,"key":"Mercury Hourglass"},{"floor":28,"key":"Juzu Bracelet"},{"floor":30,"key":"Singing Bowl"},{"floor":41,"key":"Du-Vu Doll"},{"floor":43,"key":"Pear"},{"floor":45,"key":"Pocketwatch"},{"floor":45,"key":"Nunchaku"},{"floor":47,"key":"Torii"},{"floor":47,"key":"Orichalcum"},{"floor":54,"key":"Gambling Chip"},{"floor":54,"key":"Oddly Smooth Stone"}],"event_choices":[{"cards_removed":["Strike_R"],"damage_healed":0,"gold_gain":0,"player_choice":"Card Removal","damage_taken":0,"max_hp_gain":0,"max_hp_loss":0,"event_name":"The Cleric","floor":2,"gold_loss":75},{"damage_healed":1,"gold_gain":0,"player_choice":"Full Heal","damage_taken":0,"max_hp_gain":0,"max_hp_loss":0,"event_name":"Wheel of Change","floor":3,"gold_loss":0},{"damage_healed":0,"gold_gain":0,"player_choice":"Entered Light","damage_taken":23,"max_hp_gain":0,"max_hp_loss":0,"event_name":"Shining Light","floor":5,"gold_loss":0,"cards_upgraded":["Combust","Defend_R"]},{"damage_healed":0,"gold_gain":0,"player_choice":"Obtained Book","damage_taken":21,"max_hp_gain":0,"max_hp_loss":0,"event_name":"Cursed Tome","floor":19,"gold_loss":0},{"damage_healed":0,"gold_gain":0,"player_choice":"0 cards matched","damage_taken":0,"max_hp_gain":0,"max_hp_loss":0,"event_name":"Match and Keep!","floor":25,"gold_loss":0,"cards_obtained":[]},{"damage_healed":0,"gold_gain":0,"player_choice":"Trade","damage_taken":0,"relics_obtained":["CultistMask"],"max_hp_gain":0,"max_hp_loss":0,"event_name":"FaceTrader","floor":37,"gold_loss":0},{"damage_healed":0,"gold_gain":0,"player_choice":"Got Potions","damage_taken":0,"max_hp_gain":0,"max_hp_loss":0,"event_name":"Lab","floor":39,"gold_loss":0},{"damage_healed":0,"gold_gain":0,"player_choice":"Fight","damage_taken":0,"max_hp_gain":0,"max_hp_loss":0,"event_name":"MindBloom","floor":41,"gold_loss":0},{"damage_healed":0,"gold_gain":0,"player_choice":"Max HP","damage_taken":0,"max_hp_gain":0,"max_hp_loss":4,"event_name":"Winding Halls","floor":48,"gold_loss":0}],"is_beta":false,"boss_relics":[{"not_picked":["Lizard Tail","Mark of Pain"],"picked":"Velvet Choker"},{"not_picked":["Calling Bell","Sozu"],"picked":"Black Star"}],"items_purged_floors":[27],"is_endless":false,"potions_floor_spawned":[1,10,18,31,38,46,47,54],"ascension_level":15}