{"gold_per_floor":[119,130,149,149,166,166,177,177,177,211,222,222,187,202,202,299,299,318,318,51,71,22,22,42,42,42,55,65,80,80,114,114,114],"floor_reached":33,"playtime":1490,"items_purged":["Defend_R"],"score":377,"play_id":"ed091aaf-2258-4249-b12f-50caa4e72b43","local_time":"20190603104917","is_ascension_mode":true,"campfire_choices":[{"data":"Perfected Strike","floor":6.0,"key":"SMITH"},{"data":"Perfected Strike","floor":8.0,"key":"SMITH"},{"data":"Armaments","floor":12.0,"key":"SMITH"},{"data":"Flex","floor":15.0,"key":"SMITH"},{"data":"Perfected Strike","floor":23.0,"key":"SMITH"},{"data":"Perfected Strike","floor":25.0,"key":"SMITH"},{"data":"Perfected Strike","floor":30.0,"key":"SMITH"},{"data":"Flame Barrier","floor":32.0,"key":"SMITH"}],"neow_cost":"PERCENT_DAMAGE","seed_source_timestamp":325088791684167,"circlet_count":0,"master_deck":["Strike_R","Strike_R","Strike_R","Strike_R","Strike_R","Defend_R","Defend_R","Defend_R","Bash","Disarm","Disarm","Armaments+1","Perfected Strike+1","Perfected Strike+1","Flex+1","Flame Barrier+1","Immolate","Perfected Strike+1","Perfected Strike+1","Inflame","Pommel Strike","Perfected Strike+1"],"special_seed":0,"relics":["Burning Blood","FossilizedHelix","Turnip","Meat on the Bone","Eternal Feather","Bronze Scales","Kunai","Bird Faced Urn"],"potions_floor_usage":[],"damage_taken":[{"damage":0.0,"enemies":"Jaw Worm","floor":1.0,"turns":3.0},{"damage":0.0,"enemies":"Cultist","floor":2.0,"turns":3.0},{"damage":0.0,"enemies":"2 Louse","floor":3.0,"turns":4.0},{"damage":0.0,"enemies":"Blue Slaver","floor":5.0,"turns":5.0},{"damage":1.0,"enemies":"Large Slime","floor":7.0,"turns":10.0},{"damage":43.0,"enemies":"3 Sentries","floor":10.0,"turns":10.0},{"damage":16.0,"enemies":"Lots of Slimes","floor":11.0,"turns":4.0},{"damage":4.0,"enemies":"Exordium Wildlife","floor":14.0,"turns":4.0},{"damage":12.0,"enemies":"The Guardian","floor":16.0,"turns":10.0},{"damage":33.0,"enemies":"2 Thieves","floor":18.0,"turns":5.0},{"damage":6.0,"enemies":"Chosen","floor":21.0,"turns":3.0},{"damage":0.0,"enemies":"Snake Plant","floor":24.0,"turns":3.0},{"damage":5.0,"enemies":"Shelled Parasite and Fungi","floor":27.0,"turns":3.0},{"damage":9.0,"enemies":"3 Cultists","floor":28.0,"turns":4.0},{"damage":8.0,"enemies":"Snake Plant","floor":29.0,"turns":3.0},{"damage":27.0,"enemies":"Slavers","floor":31.0,"turns":3.0},{"damage":97,"enemies":"Champ","floor":33,"turns":13}],"seed_played":"-4107573851527312720","potions_obtained":[{"floor":1.0,"key":"LiquidBronze"},{"floor":10.0,"key":"PowerPotion"},{"floor":11.0,"key":"Block Potion"},{"floor":14.0,"key":"FairyPotion"},{"floor":16.0,"key":"Strength Potion"},{"floor":27.0,"key":"Block Potion"},{"floor":31.0,"key":"Regen Potion"}],"is_trial":false,"path_per_floor":["M","M","M","?","M","R","M","R","T","E","M","R","?","M","R","B",null,"M","?","$","M","$","R","M","R","T","M","M","M","R","E","R","B"],"character_chosen":"IRONCLAD","items_purchased":["Perfected Strike","Bronze Scales","Pommel Strike"],"campfire_rested":0,"item_purchase_floors":[20,20,22],"current_hp_per_floor":[57,63,69,69,75,75,80,80,80,43,45,45,65,67,67,61,75,48,48,48,48,48,60,66,78,78,79,76,74,80,59,71,0],"gold":114,"neow_bonus":"ONE_RARE_RELIC","is_prod":false,"is_daily":false,"chose_seed":false,"campfire_upgraded":8,"win_rate":0,"timestamp":1559573357,"path_taken":["M","M","M","?","?","R","M","R","T","E","M","R","?","M","R","BOSS","M","?","$","M","$","R","M","R","T","M","M","M","R","E","R","BOSS"],"build_version":"2019-01-23","purchased_purges":1,"victory":false,"max_hp_per_floor":[80,80,80,80,80,80,80,80,80,80,80,80,80,80,80,80,80,80,80,80,80,80,80,80,80,80,80,80,80,80,80,80,80],"card_choices":[{"not_picked":["Rupture","Dual Wield"],"picked":"Disarm","floor":1.0},{"not_picked":["Sentinel","Feel No Pain"],"picked":"Disarm","floor":2.0},{"not_picked":["True Grit","Battle Trance"],"picked":"Armaments","floor":3.0},{"not_picked":["Twin Strike","Havoc"],"picked":"Perfected Strike","floor":5.0},{"not_picked":["Pommel Strike","Wild Strike"],"picked":"Perfected Strike","floor":7.0},{"not_picked":["Feed","Body Slam"],"picked":"Flex","floor":10.0},{"not_picked":["Armaments","Pummel"],"picked":"Flame Barrier","floor":11.0},{"not_picked":["Sword Boomerang","Anger","Thunderclap"],"picked":"SKIP","floor":14.0},{"not_picked":["Fiend Fire","Limit Break"],"picked":"Immolate","floor":16.0},{"not_picked":["Dropkick+1","Flex"],"picked":"Perfected Strike","floor":18.0},{"not_picked":["Evolve","Clash"],"picked":"Inflame","floor":21.0},{"not_picked":["Burning Pact","Uppercut","Evolve"],"picked":"SKIP","floor":24.0},{"not_picked":["Headbutt","Clash+1","Warcry+1"],"picked":"SKIP","floor":27.0},{"not_picked":["Thunderclap","Hemokinesis+1"],"picked":"Perfected Strike","floor":28.0},{"not_picked":["True Grit","Corruption","Thunderclap"],"picked":"SKIP","floor":29.0},{"not_picked":["Clash","Evolve","Heavy Blade+1"],"picked":"SKIP","floor":31.0}],"player_experience":1050671,"relics_obtained":[{"floor":9.0,"key":"Turnip"},{"floor":10.0,"key":"Meat on the Bone"},{"floor":26.0,"key":"Kunai"},{"floor":31.0,"key":"Bird Faced Urn"}],"event_choices":[{"damage_healed":0.0,"max_hp_gain":0.0,"max_hp_loss":0.0,"gold_gain":0.0,"event_name":"The Woman in Blue","player_choice":"Bought 0 Potions","floor":4.0,"gold_loss":0.0,"damage_taken":0.0},{"damage_healed":20.0,"max_hp_gain":0.0,"max_hp_loss":0.0,"gold_gain":0.0,"event_name":"The Cleric","player_choice":"Healed","floor":13.0,"gold_loss":35.0,"damage_taken":0.0},{"damage_healed":0.0,"max_hp_gain":0.0,"max_hp_loss":0.0,"gold_gain":0.0,"event_name":"Vampires","player_choice":"Ignored","floor":19.0,"gold_loss":0.0,"damage_taken":0.0}],"is_beta":false,"boss_relics":[{"not_picked":["Runic Dome","White Beast Statue"],"picked":"Eternal Feather"}],"items_purged_floors":[20],"is_endless":false,"potions_floor_spawned":[1,10,11,14,16,24,27,31],"killed_by":"Champ","ascension_level":6}