{"gold_per_floor":[113,38,38,38,38,71,103,144,179,203,62,79,79,96,96,169,169,180,180,190,205,205,205,205],"floor_reached":24,"playtime":730,"items_purged":[],"score":512,"play_id":"6e4c7a87-f5e8-4657-94cd-0249c7175c66","local_time":"20190621195628","is_ascension_mode":true,"campfire_choices":[{"data":"Caltrops","floor":15.0,"key":"SMITH"},{"floor":23,"key":"REST"}],"neow_cost":"NONE","seed_source_timestamp":1657167653846994,"circlet_count":0,"master_deck":["AscendersBane","Defend_G","Defend_G","Defend_G","Defend_G","Survivor","Neutralize","Caltrops+1","Die Die Die","Catalyst","Acrobatics","Prepared+1","Well Laid Plans","Crippling Poison+1","Calculated Gamble+1","Corpse Explosion+1","Quick Slash+1","Backflip+1","Acrobatics+1","Tools of the Trade"],"special_seed":0,"relics":["Ring of the Snake","NeowsBlessing","MawBank","Toxic Egg 2","Blood Vial","Astrolabe","Smiling Mask"],"potions_floor_usage":[24,24],"damage_taken":[{"damage":0.0,"enemies":"Cultist","floor":1.0,"turns":1.0},{"damage":0.0,"enemies":"3 Sentries","floor":6.0,"turns":1.0},{"damage":0.0,"enemies":"Small Slimes","floor":7.0,"turns":1.0},{"damage":53.0,"enemies":"Gremlin Nob","floor":8.0,"turns":6.0},{"damage":2.0,"enemies":"2 Louse","floor":10.0,"turns":2.0},{"damage":0.0,"enemies":"Red Slaver","floor":12.0,"turns":6.0},{"damage":0.0,"enemies":"3 Louse","floor":14.0,"turns":1.0},{"damage":9.0,"enemies":"The Guardian","floor":16.0,"turns":15.0},{"damage":13.0,"enemies":"Spheric Guardian","floor":18.0,"turns":4.0},{"damage":16,"enemies":"2 Thieves","floor":20,"turns":3},{"damage":24,"enemies":"Centurion and Healer","floor":21,"turns":7},{"damage":0,"enemies":"Slavers","floor":24,"turns":1}],"seed_played":"-1208887399209860605","potions_obtained":[{"floor":6.0,"key":"PowerPotion"},{"floor":8.0,"key":"Block Potion"},{"floor":14.0,"key":"Dexterity Potion"},{"floor":16.0,"key":"Poison Potion"},{"floor":18.0,"key":"PowerPotion"}],"is_trial":false,"path_per_floor":["M","?","$","?","?","E","M","E","T","M","$","M","?","M","R","B",null,"M","?","M","M","T","R","E"],"character_chosen":"THE_SILENT","items_purchased":["Well Laid Plans","Crippling Poison+1"],"campfire_rested":1,"item_purchase_floors":[11,11],"current_hp_per_floor":[59,59,59,59,59,59,59,6,6,6,6,8,8,10,10,3,50,39,39,25,3,3,22,24],"gold":205,"neow_bonus":"THREE_ENEMY_KILL","is_prod":false,"is_daily":false,"chose_seed":false,"campfire_upgraded":1,"win_rate":0,"timestamp":1561118188,"path_taken":["M","?","$","?","?","E","?","E","T","M","$","M","?","M","R","BOSS","M","?","?","M","?","R","E"],"build_version":"2019-01-23","purchased_purges":0,"victory":false,"max_hp_per_floor":[66,66,66,66,66,66,66,66,66,66,66,66,66,66,66,66,66,66,66,66,66,66,66,66],"card_choices":[{"not_picked":["Flying Knee","Bane"],"picked":"Caltrops","floor":1.0},{"not_picked":["Bullet Time","Slice"],"picked":"Catalyst","floor":6.0},{"not_picked":["Dagger Spray","Prepared"],"picked":"Acrobatics","floor":7.0},{"not_picked":["Bane","Outmaneuver","Acrobatics"],"picked":"SKIP","floor":8.0},{"not_picked":["Finisher","Dodge and Roll+1"],"picked":"Prepared+1","floor":10.0},{"not_picked":["Sucker Punch","Dodge and Roll+1"],"picked":"Calculated Gamble+1","floor":12.0},{"not_picked":["Dagger Throw","Sucker Punch","Wraith Form v2"],"picked":"SKIP","floor":14.0},{"not_picked":["Night Terror+1","Envenom"],"picked":"Corpse Explosion+1","floor":16.0},{"not_picked":["Sucker Punch","Slice"],"picked":"Acrobatics+1","floor":18.0},{"not_picked":["Flechettes","Skewer","Heel Hook+1"],"picked":"SKIP","floor":20},{"not_picked":["Poisoned Stab","Prepared+1","Noxious Fumes+1"],"picked":"SKIP","floor":21}],"player_experience":1964640,"relics_obtained":[{"floor":6.0,"key":"MawBank"},{"floor":8.0,"key":"Toxic Egg 2"},{"floor":9.0,"key":"Blood Vial"},{"floor":22,"key":"Smiling Mask"}],"event_choices":[{"cards_removed":["Strike_G"],"damage_healed":0.0,"max_hp_gain":0.0,"max_hp_loss":0.0,"gold_gain":0.0,"event_name":"The Cleric","player_choice":"Card Removal","floor":2.0,"gold_loss":75.0,"damage_taken":0.0},{"cards_removed":["Strike_G"],"damage_healed":0.0,"max_hp_gain":0.0,"max_hp_loss":0.0,"gold_gain":0.0,"event_name":"Living Wall","player_choice":"Forget","floor":4.0,"gold_loss":0.0,"damage_taken":0.0},{"damage_healed":0.0,"max_hp_gain":0.0,"max_hp_loss":0.0,"gold_gain":0.0,"cards_transformed":["Strike_G"],"event_name":"Transmorgrifier","player_choice":"Transformed","floor":5.0,"gold_loss":0.0,"damage_taken":0.0,"cards_obtained":["Die Die Die"]},{"damage_healed":0.0,"max_hp_gain":0.0,"max_hp_loss":0.0,"gold_gain":0.0,"event_name":"Scrap Ooze","player_choice":"Fled","floor":13.0,"gold_loss":0.0,"damage_taken":0.0},{"damage_healed":0,"gold_gain":0,"cards_transformed":["Unload"],"player_choice":"Transformed","damage_taken":0,"max_hp_gain":0,"max_hp_loss":0,"event_name":"Transmorgrifier","floor":19,"gold_loss":0,"cards_obtained":["Tools of the Trade"]}],"is_beta":false,"boss_relics":[{"not_picked":["Tiny House","Fusion Hammer"],"picked":"Astrolabe"}],"items_purged_floors":[],"is_endless":false,"potions_floor_spawned":[6,8,14,16,18],"killed_by":"Slavers","ascension_level":20}