{"gold_per_floor":[114,114,35,48,48,83,83,127,127,127,127,161,186,220,220,349,349,369,408,34,53,69,104,104,122,122,122,195,211,252,275,275,394,394,415,748,748,768,33,51,51,104,104,128,128,144,144,179,179,179],"floor_reached":50,"playtime":4777,"items_purged":["Injury","Strike_R+1"],"score":638,"play_id":"027b7efc-73c0-4464-85e7-d8253678aa00","local_time":"20190711175210","is_ascension_mode":true,"campfire_choices":[{"data":"Infernal Blade","floor":7,"key":"SMITH"},{"data":"1","floor":10,"key":"LIFT"},{"floor":15,"key":"REST"},{"data":"Dual Wield","floor":24,"key":"SMITH"},{"data":"2","floor":32,"key":"LIFT"},{"data":"3","floor":45,"key":"LIFT"},{"floor":47,"key":"REST"},{"floor":49,"key":"REST"}],"neow_cost":"NONE","seed_source_timestamp":65245776421000,"circlet_count":0,"master_deck":["Strike_R+1","Strike_R+1","Strike_R+1","Strike_R+1","Defend_R+1","Defend_R+1","Defend_R+1","Defend_R+1","Bash+1","Searing Blow+1","Infernal Blade+1","Anger","Dual Wield+1","Iron Wave","Shockwave+1","Seeing Red+1","Anger","Cleave","Impervious+1","Heavy Blade","Clash","Blind+1","Rage+1","Intimidate+1","Bludgeon","Cleave+1","Cleave+1","Headbutt+1","Impervious+1","Madness+1","Madness+1","Twin Strike+1","Parasite","Dual Wield+1","Anger","Infernal Blade+1","Seeing Red+1","Infernal Blade+1"],"relics":["Burning Blood","Pear","Girya","Gremlin Horn","Matryoshka","Toxic Egg 2","Dream Catcher","Mark of Pain","Red Mask","Lee\u0027s Waffle","Dodecahedron","PreservedInsect","Blood Vial","Bag of Preparation","Question Card","Bottled Flame","Fusion Hammer","Whetstone","Calipers","Strange Spoon","Thread and Needle","Darkstone Periapt","Boot","Omamori"],"potions_floor_usage":[1,4,6,8,14,14,16,25,25,29,30,33,33,46,50],"damage_taken":[{"damage":5,"enemies":"Jaw Worm","floor":1,"turns":4},{"damage":0,"enemies":"Small Slimes","floor":4,"turns":2},{"damage":21,"enemies":"Lagavulin","floor":6,"turns":5},{"damage":20,"enemies":"Gremlin Nob","floor":8,"turns":4},{"damage":12,"enemies":"3 Sentries","floor":12,"turns":5},{"damage":7,"enemies":"2 Louse","floor":13,"turns":2},{"damage":16,"enemies":"Gremlin Nob","floor":14,"turns":4},{"damage":41,"enemies":"The Guardian","floor":16,"turns":7},{"damage":23,"enemies":"Shell Parasite","floor":18,"turns":5},{"damage":26,"enemies":"Masked Bandits","floor":19,"turns":4},{"damage":0,"enemies":"3 Byrds","floor":21,"turns":4},{"damage":24,"enemies":"Snake Plant","floor":22,"turns":5},{"damage":18,"enemies":"Slavers","floor":23,"turns":6},{"damage":19,"enemies":"Centurion and Healer","floor":25,"turns":5},{"damage":1,"enemies":"Chosen and Byrds","floor":29,"turns":5},{"damage":8,"enemies":"Book of Stabbing","floor":30,"turns":4},{"damage":0,"enemies":"Snecko","floor":31,"turns":4},{"damage":59,"enemies":"Collector","floor":33,"turns":7},{"damage":0,"enemies":"3 Darklings","floor":35,"turns":2},{"damage":10,"enemies":"3 Shapes","floor":38,"turns":2},{"damage":15,"enemies":"Writhing Mass","floor":40,"turns":5},{"damage":2,"enemies":"2 Orb Walkers","floor":42,"turns":4},{"damage":17,"enemies":"Spire Growth","floor":46,"turns":3},{"damage":1,"enemies":"Nemesis","floor":48,"turns":3},{"damage":108,"enemies":"Awakened One","floor":50,"turns":10}],"seed_played":"5801233300583209227","potions_obtained":[{"floor":0,"key":"LiquidBronze"},{"floor":0,"key":"AttackPotion"},{"floor":0,"key":"SpeedPotion"},{"floor":6,"key":"SkillPotion"},{"floor":12,"key":"SkillPotion"},{"floor":13,"key":"SkillPotion"},{"floor":14,"key":"Strength Potion"},{"floor":22,"key":"Poison Potion"},{"floor":23,"key":"EntropicBrew"},{"floor":30,"key":"FearPotion"},{"floor":33,"key":"SmokeBomb"},{"floor":35,"key":"SteroidPotion"},{"floor":38,"key":"Swift Potion"},{"floor":48,"key":"SmokeBomb"}],"is_trial":false,"path_per_floor":["M","?","$","M","?","E","R","E","T","R","?","E","M","E","R","B",null,"M","?","$","M","M","E","R","M","T","?","T","M","E","M","R","B",null,"M","?","?","M","$","M","?","?","T","T","R","M","R","E","R","B"],"character_chosen":"IRONCLAD","items_purchased":["Infernal Blade","Lee\u0027s Waffle","Blind+1","Whetstone","Calipers","Strange Spoon"],"campfire_rested":3,"item_purchase_floors":[3,20,20,39,39,39],"current_hp_per_floor":[80,64,64,70,70,65,65,51,51,51,51,45,44,34,61,26,90,73,53,97,97,79,67,67,54,54,54,54,61,61,69,69,18,97,97,97,85,83,83,76,76,82,82,82,82,73,97,97,97,0],"gold":179,"neow_bonus":"THREE_SMALL_POTIONS","is_prod":false,"is_daily":false,"chose_seed":false,"campfire_upgraded":2,"win_rate":0,"timestamp":1562885530,"path_taken":["M","?","$","M","?","E","R","E","T","R","?","E","M","E","R","BOSS","M","?","$","M","M","E","R","M","T","?","?","?","E","?","R","BOSS","M","?","?","M","$","M","?","?","T","?","R","M","R","E","R","BOSS"],"build_version":"2019-07-05","purchased_purges":2,"victory":false,"max_hp_per_floor":[80,80,80,80,80,90,90,90,90,90,90,90,90,90,90,90,90,90,90,97,97,97,97,97,97,97,97,97,97,97,97,97,97,97,97,97,97,97,97,97,97,97,97,97,97,97,97,97,97,97],"card_choices":[{"not_picked":["Second Wind","Sword Boomerang"],"picked":"Searing Blow","floor":1},{"not_picked":["Heavy Blade","Barricade"],"picked":"Anger","floor":4},{"not_picked":["Shrug It Off","Warcry"],"picked":"Dual Wield","floor":6},{"not_picked":["Entrench","Corruption"],"picked":"Iron Wave","floor":8},{"not_picked":["Iron Wave","Power Through"],"picked":"Shockwave","floor":12},{"not_picked":["Wild Strike","Clothesline"],"picked":"Seeing Red+1","floor":13},{"not_picked":["Inflame","Rage+1"],"picked":"Anger","floor":14},{"not_picked":["Entrench+1","Evolve"],"picked":"Cleave","floor":15},{"not_picked":["Berserk","Fiend Fire"],"picked":"Impervious+1","floor":16},{"not_picked":["True Grit+1","Armaments+1"],"picked":"Heavy Blade","floor":18},{"not_picked":["Iron Wave","Warcry+1"],"picked":"Clash","floor":19},{"not_picked":["Iron Wave+1","True Grit+1"],"picked":"Rage+1","floor":21},{"not_picked":["Combust+1","Rage+1"],"picked":"Intimidate+1","floor":22},{"not_picked":["Ghostly Armor+1","Perfected Strike+1"],"picked":"Bludgeon","floor":23},{"not_picked":["Entrench+1","Warcry+1"],"picked":"Cleave+1","floor":25},{"not_picked":["Pommel Strike","Headbutt","Warcry+1"],"picked":"Flex+1","floor":29},{"not_picked":["Impervious+1","Body Slam","Inflame"],"picked":"Cleave+1","floor":30},{"not_picked":["Sword Boomerang","Clothesline","Perfected Strike"],"picked":"Headbutt+1","floor":31},{"not_picked":["Limit Break+1","Berserk","Demon Form"],"picked":"Impervious+1","floor":33},{"not_picked":["Thunderclap","Body Slam","Corruption+1","Heavy Blade"],"picked":"SKIP","floor":35},{"not_picked":["Perfected Strike","Warcry+1","Combust+1"],"picked":"Twin Strike+1","floor":38},{"not_picked":["Clash","Armaments+1","Demon Form"],"picked":"Dual Wield+1","floor":40},{"not_picked":["Heavy Blade+1","Power Through+1","Armaments+1"],"picked":"Anger","floor":46},{"not_picked":["Power Through+1","Clothesline+1","Shrug It Off+1"],"picked":"Infernal Blade+1","floor":47},{"not_picked":["Armaments+1","Shockwave+1","Sword Boomerang+1"],"picked":"Seeing Red+1","floor":48},{"not_picked":["True Grit+1","Iron Wave+1","Carnage"],"picked":"Infernal Blade+1","floor":49}],"player_experience":85827,"relics_obtained":[{"floor":6,"key":"Pear"},{"floor":8,"key":"Girya"},{"floor":9,"key":"Gremlin Horn"},{"floor":12,"key":"Toxic Egg 2"},{"floor":14,"key":"Dream Catcher"},{"floor":19,"key":"Red Mask"},{"floor":23,"key":"Dodecahedron"},{"floor":26,"key":"PreservedInsect"},{"floor":26,"key":"Blood Vial"},{"floor":28,"key":"Bag of Preparation"},{"floor":28,"key":"Question Card"},{"floor":30,"key":"Bottled Flame"},{"floor":42,"key":"Thread and Needle"},{"floor":43,"key":"Darkstone Periapt"},{"floor":44,"key":"Boot"},{"floor":48,"key":"Omamori"}],"event_choices":[{"damage_healed":0,"gold_gain":0,"player_choice":"Entered Light","damage_taken":16,"max_hp_gain":0,"max_hp_loss":0,"event_name":"Shining Light","floor":2,"gold_loss":0,"cards_upgraded":["Strike_R","Strike_R"]},{"damage_healed":0,"gold_gain":0,"player_choice":"Take Wound","damage_taken":0,"relics_obtained":["Golden Idol"],"max_hp_gain":0,"max_hp_loss":0,"event_name":"Golden Idol","floor":5,"gold_loss":0,"cards_obtained":["Injury"]},{"damage_healed":0,"gold_gain":0,"player_choice":"Searched \u00271\u0027 times","damage_taken":0,"relics_obtained":["Matryoshka"],"max_hp_gain":0,"max_hp_loss":0,"event_name":"Dead Adventurer","floor":11,"gold_loss":0},{"damage_healed":0,"gold_gain":0,"player_choice":"Fought Bandits","damage_taken":0,"max_hp_gain":0,"max_hp_loss":0,"event_name":"Masked Bandits","floor":19,"gold_loss":0},{"damage_healed":0,"gold_gain":0,"player_choice":"Simplicity","damage_taken":0,"max_hp_gain":0,"max_hp_loss":0,"event_name":"Back to Basics","floor":27,"gold_loss":0,"cards_upgraded":["Strike_R","Strike_R","Strike_R","Defend_R","Defend_R","Defend_R","Defend_R"]},{"damage_healed":0,"gold_gain":333,"player_choice":"Gave Idol","damage_taken":0,"max_hp_gain":0,"max_hp_loss":0,"event_name":"The Moai Head","floor":36,"relics_lost":["Golden Idol"],"gold_loss":0},{"damage_healed":0,"gold_gain":0,"player_choice":"Embrace Madness","damage_taken":12,"max_hp_gain":0,"max_hp_loss":0,"event_name":"Winding Halls","floor":37,"gold_loss":0,"cards_obtained":["Madness","Madness"]},{"cards_removed":["Flex"],"damage_healed":0,"gold_gain":0,"player_choice":"Removed Skill","damage_taken":0,"max_hp_gain":0,"max_hp_loss":0,"event_name":"Falling","floor":41,"gold_loss":0},{"damage_healed":0,"gold_gain":0,"player_choice":"Fight","damage_taken":0,"max_hp_gain":0,"max_hp_loss":0,"event_name":"Mysterious Sphere","floor":42,"gold_loss":0}],"is_beta":false,"boss_relics":[{"not_picked":["Eternal Feather","Runic Cube"],"picked":"Mark of Pain"},{"not_picked":["Snecko Eye","Empty Cage"],"picked":"Fusion Hammer"}],"items_purged_floors":[20,39],"is_endless":false,"potions_floor_spawned":[6,12,13,14,22,23,30,33,35,38,48],"killed_by":"Awakened One","ascension_level":1}