{"gold_per_floor":[116,116,139,159,159,159,186,186,233,254,26,65,65,79,79,198,198,221,221,20,33,33],"floor_reached":22,"playtime":1151,"items_purged":["Regret"],"score":184,"play_id":"5c38e4ac-6def-4fa8-a421-05078624c756","local_time":"20190419230357","is_ascension_mode":false,"campfire_choices":[{"data":"Streamline","floor":6,"key":"SMITH"},{"data":"Cold Snap","floor":8,"key":"SMITH"},{"floor":15,"key":"REST"}],"neow_cost":"NONE","seed_source_timestamp":375830319295015,"circlet_count":0,"master_deck":["Strike_B","Strike_B","Strike_B","Strike_B","Defend_B","Defend_B","Defend_B","Defend_B","Zap","Dualcast","Forethought","Streamline+1","Leap","Cold Snap+1","Leap","Turbo+1","Conserve Battery+1","Buffer","Defragment","Self Repair","Bandage Up+1","Cold Snap","Coolheaded+1"],"relics":["Cracked Core","Bloody Idol","Strawberry","Happy Flower","Lantern","Toxic Egg 2"],"potions_floor_usage":[14,16,21,22],"damage_taken":[{"damage":5,"enemies":"Jaw Worm","floor":1,"turns":4},{"damage":4,"enemies":"2 Louse","floor":3,"turns":3},{"damage":0,"enemies":"Cultist","floor":4,"turns":3},{"damage":5,"enemies":"Looter","floor":10,"turns":3},{"damage":24,"enemies":"Lagavulin","floor":12,"turns":5},{"damage":5,"enemies":"3 Louse","floor":14,"turns":2},{"damage":53,"enemies":"Hexaghost","floor":16,"turns":13},{"damage":5,"enemies":"Chosen","floor":18,"turns":5},{"damage":13,"enemies":"3 Byrds","floor":21,"turns":8},{"damage":82,"enemies":"Cultist and Chosen","floor":22,"turns":6}],"seed_played":"-3790696232092046938","potions_obtained":[{"floor":4,"key":"SteroidPotion"},{"floor":10,"key":"Ancient Potion"},{"floor":12,"key":"Fire Potion"},{"floor":16,"key":"AttackPotion"},{"floor":18,"key":"Fire Potion"}],"is_trial":false,"path_per_floor":["M","?","M","M","?","R","T","R","T","M","$","E","$","M","R","B",null,"M","?","$","M","M"],"character_chosen":"DEFECT","items_purchased":["Lantern","Self Repair","Bandage Up+1","Cold Snap"],"campfire_rested":1,"item_purchase_floors":[11,20,20,20],"current_hp_per_floor":[70,69,65,65,72,72,72,72,72,67,67,43,43,38,60,7,76,71,71,71,76,0],"gold":33,"neow_bonus":"RANDOM_COLORLESS","is_prod":false,"is_daily":false,"chose_seed":false,"campfire_upgraded":2,"win_rate":0,"timestamp":1555729437,"path_taken":["M","?","M","M","?","R","?","R","T","M","$","E","$","?","R","BOSS","M","?","$","M","M"],"build_version":"2019-01-23","purchased_purges":1,"victory":false,"max_hp_per_floor":[75,69,69,69,76,76,76,76,76,76,76,76,76,76,76,76,76,76,76,76,76,76],"card_choices":[{"not_picked":["Lockon","Ball Lightning"],"picked":"Streamline","floor":1},{"not_picked":["Undo","Rebound"],"picked":"Leap","floor":3},{"not_picked":["Ball Lightning","Coolheaded"],"picked":"Cold Snap","floor":4},{"not_picked":["Redo","Skim"],"picked":"Leap","floor":10},{"not_picked":["Undo","Streamline"],"picked":"Turbo","floor":12},{"not_picked":["Genetic Algorithm+1","Turbo+1"],"picked":"Conserve Battery+1","floor":14},{"not_picked":["Machine Learning","Amplify+1"],"picked":"Buffer","floor":16},{"not_picked":["Reprogram+1","Leap+1"],"picked":"Defragment","floor":18},{"not_picked":["Sweeping Beam","Rip and Tear"],"picked":"Coolheaded+1","floor":21}],"player_experience":832998,"relics_obtained":[{"floor":7,"key":"Happy Flower"},{"floor":12,"key":"Toxic Egg 2"}],"event_choices":[{"damage_healed":0,"gold_gain":0,"player_choice":"Lose Max HP","damage_taken":0,"relics_obtained":["Golden Idol"],"max_hp_gain":0,"max_hp_loss":6,"event_name":"Golden Idol","floor":2,"gold_loss":0},{"damage_healed":0,"gold_gain":0,"player_choice":"Box","damage_taken":0,"relics_obtained":["Strawberry"],"max_hp_gain":0,"max_hp_loss":0,"event_name":"Big Fish","floor":5,"gold_loss":0,"cards_obtained":["Regret"]},{"damage_healed":0,"gold_gain":0,"player_choice":"Gave Idol","damage_taken":0,"relics_obtained":["Bloody Idol"],"max_hp_gain":0,"max_hp_loss":0,"event_name":"Forgotten Altar","floor":19,"relics_lost":["Golden Idol"],"gold_loss":0}],"is_beta":false,"boss_relics":[{"not_picked":["Runic Pyramid","Coffee Dripper","Snecko Eye"]}],"items_purged_floors":[11],"is_endless":false,"potions_floor_spawned":[4,10,12,16,18],"killed_by":"Cultist and Chosen","ascension_level":0}