{"gold_per_floor":[112,112,125,11,26,51,51,79,79,114,114,131,206,238,238,337,337,354,374,374,394,394,427,326,326,326,337,76,76,86,99,99,197,197,209,209,0,15,15,15,15,44,71,71,89,121,136,155,155,155],"floor_reached":51,"playtime":4676,"items_purged":["Regret"],"score":1000,"play_id":"aa599d4e-b5c3-4504-9ba0-a6ea7456ca0e","local_time":"20180723220914","is_ascension_mode":true,"campfire_choices":[{"data":"Cloak And Dagger","floor":7.0,"key":"SMITH"},{"floor":11.0,"key":"REST"},{"data":"Bouncing Flask","floor":15.0,"key":"SMITH"},{"floor":25.0,"key":"REST"},{"floor":32.0,"key":"REST"},{"floor":40,"key":"REST"},{"floor":49,"key":"REST"}],"neow_cost":"","seed_source_timestamp":0,"circlet_count":0,"master_deck":["Survivor+1","Neutralize+1","Bouncing Flask+1","Cloak And Dagger+1","Leg Sweep+1","Dash+1","Grand Finale+1","Deflect+1","Crippling Poison+1","After Image+1","Venomology+1","Storm of Steel+1","Poisoned Stab+1","Deadly Poison+1","Acrobatics+1","Underhanded Strike+1","Infinite Blades+1","Footwork+1","Tactician+1","Prepared+1","Distraction+1","Reflex+1","Accuracy+1","Dagger Throw+1","Prepared+1","Deflect+1","Flash of Steel+1","Blade Dance+1","Apotheosis+1","Backflip+1","Cloak And Dagger+1","Dagger Throw+1","Sucker Punch+1","After Image+1","Calculated Gamble+1","Blur+1","Terror","Deadly Poison+1","Burst"],"special_seed":0,"relics":["Ring of the Snake","Mummified Hand","Question Card","War Paint","Shuriken","Bronze Scales","Anchor","Pandora\u0027s Box","Art of War","Lantern","Fusion Hammer","Mark of the Bloom","Red Mask","Strawberry","Snake Skull","Singing Bowl"],"potions_floor_usage":[35,42,45,45,50,50,50],"damage_taken":[{"damage":0.0,"enemies":"2 Louse","floor":1.0,"turns":3.0},{"damage":11.0,"enemies":"Small Slimes","floor":3.0,"turns":4.0},{"damage":0.0,"enemies":"Cultist","floor":5.0,"turns":3.0},{"damage":12.0,"enemies":"3 Sentries","floor":6.0,"turns":9.0},{"damage":13.0,"enemies":"Lagavulin","floor":8.0,"turns":8.0},{"damage":11.0,"enemies":"3 Sentries","floor":10.0,"turns":11.0},{"damage":0.0,"enemies":"3 Louse","floor":12.0,"turns":3.0},{"damage":6.0,"enemies":"Lagavulin","floor":14.0,"turns":7.0},{"damage":0.0,"enemies":"Slime Boss","floor":16.0,"turns":9.0},{"damage":7.0,"enemies":"3 Byrds","floor":18.0,"turns":3.0},{"damage":15.0,"enemies":"Shell Parasite","floor":19.0,"turns":4.0},{"damage":6.0,"enemies":"Snake Plant","floor":21.0,"turns":4.0},{"damage":43.0,"enemies":"Book of Stabbing","floor":23.0,"turns":5.0},{"damage":7.0,"enemies":"Sentry and Sphere","floor":27.0,"turns":5.0},{"damage":3.0,"enemies":"Centurion and Healer","floor":30.0,"turns":5.0},{"damage":11.0,"enemies":"Chosen and Byrds","floor":31.0,"turns":5.0},{"damage":7.0,"enemies":"Automaton","floor":33.0,"turns":6.0},{"damage":0,"enemies":"3 Shapes","floor":35,"turns":6},{"damage":0,"enemies":"Flame Bruiser 1 Orb","floor":38,"turns":4},{"damage":0,"enemies":"2 Orb Walkers","floor":42,"turns":4},{"damage":0,"enemies":"Transient","floor":45,"turns":5},{"damage":1,"enemies":"Giant Head","floor":46,"turns":6},{"damage":0,"enemies":"Sphere and 2 Shapes","floor":47,"turns":4},{"damage":0,"enemies":"3 Darklings","floor":48,"turns":4},{"damage":20,"enemies":"Time Eater","floor":50,"turns":9}],"seed_played":"-5116775820516864243","potions_obtained":[{"floor":5.0,"key":"FearPotion"},{"floor":10.0,"key":"PowerPotion"},{"floor":12.0,"key":"FearPotion"},{"floor":14.0,"key":"PowerPotion"},{"floor":16.0,"key":"FearPotion"},{"floor":18.0,"key":"PowerPotion"},{"floor":30.0,"key":"Energy Potion"},{"floor":42,"key":"Fruit Juice"},{"floor":45,"key":"Fire Potion"}],"is_trial":false,"path_per_floor":["M","?","M","$","M","E","R","E","T","E","R","M","?","E","R","B",null,"M","M","?","M","?","E","$","R","T","M","$","?","M","M","R","B",null,"M","?","?","M","$","R","$","E","T","?","M","E","M","M","R","B"],"character_chosen":"THE_SILENT","items_purchased":["Leg Sweep","Flash of Steel","Apotheosis","Backflip"],"campfire_rested":5,"item_purchase_floors":[4,24,28,28],"current_hp_per_floor":[70,70,59,59,59,47,47,34,34,23,44,44,33,27,27,27,59,52,37,37,45,45,2,2,23,23,16,16,16,13,2,23,16,57,69,69,69,69,69,69,69,69,69,69,69,68,68,68,68,48],"gold":155,"neow_bonus":"","is_prod":false,"is_daily":false,"chose_seed":false,"campfire_upgraded":2,"win_rate":0,"timestamp":1532398154,"path_taken":["M","?","?","$","M","E","R","E","T","E","R","M","?","E","R","BOSS","M","M","?","M","?","E","$","R","T","M","$","?","?","M","R","BOSS","M","?","?","M","$","R","?","E","T","?","?","E","M","M","R","BOSS"],"build_version":"2018-07-19v2","purchased_purges":1,"victory":true,"max_hp_per_floor":[70,70,70,70,70,70,70,70,70,70,70,70,70,70,70,70,70,70,70,70,70,70,70,70,70,70,70,70,70,70,70,70,70,70,70,70,70,70,70,70,70,77,77,77,82,82,82,82,82,82],"card_choices":[{"not_picked":["Poisoned Stab","Bane"],"picked":"Bouncing Flask","floor":1.0},{"not_picked":["Distraction","Poisoned Stab"],"picked":"Cloak And Dagger","floor":3.0},{"not_picked":["Blur","Slice"],"picked":"Dash","floor":5.0},{"not_picked":["Bane","Eviscerate"],"picked":"Grand Finale","floor":6.0},{"not_picked":["Dodge and Roll","Underhanded Strike","Riddle With Holes"],"picked":"Deflect","floor":8.0},{"not_picked":["Quick Slash","Finisher","Prepared"],"picked":"Crippling Poison","floor":10.0},{"not_picked":["Cloak And Dagger","Backflip","Dagger Throw"],"picked":"After Image","floor":12.0},{"not_picked":["Eviscerate","Backstab","Backflip"],"picked":"Venomology","floor":14.0},{"not_picked":["Die Die Die","Glass Knife","Wraith Form v2"],"picked":"Storm of Steel","floor":16.0},{"not_picked":["Tactician","All Out Attack","Cloak And Dagger"],"picked":"Accuracy+1","floor":18.0},{"not_picked":["Flying Knee+1","Bane","Finisher"],"picked":"Dagger Throw+1","floor":19.0},{"not_picked":["Reflex","Terror","Masterful Stab"],"picked":"Prepared","floor":21.0},{"not_picked":["Bane","Acrobatics","Flying Knee"],"picked":"Deflect+1","floor":23.0},{"not_picked":["Dodge and Roll","Escape Plan","PiercingWail"],"picked":"Blade Dance+1","floor":27.0},{"not_picked":["Well Laid Plans","Acrobatics+1","Bane+1"],"picked":"Dagger Throw+1","floor":30.0},{"not_picked":["Finisher+1","Catalyst+1","Concentrate+1"],"picked":"Sucker Punch+1","floor":31.0},{"not_picked":["Glass Knife","A Thousand Cuts","Adrenaline"],"picked":"After Image","floor":33.0},{"not_picked":["Choke+1","Infinite Blades","Poisoned Stab","Heel Hook+1"],"picked":"SKIP","floor":35},{"not_picked":["Dagger Spray+1","Infinite Blades+1","Skewer+1"],"picked":"Calculated Gamble","floor":38},{"not_picked":["Choke+1","Sucker Punch","Cloak And Dagger"],"picked":"Blur+1","floor":42},{"not_picked":["Skewer","Bane","Setup","Underhanded Strike"],"picked":"SKIP","floor":45},{"not_picked":["Flying Knee+1","Concentrate","Cloak And Dagger+1"],"picked":"Terror","floor":46},{"not_picked":["Outmaneuver+1","Deflect+1","Dagger Spray+1"],"picked":"Deadly Poison+1","floor":47},{"not_picked":["Dodge and Roll","Underhanded Strike","Outmaneuver"],"picked":"Burst","floor":48}],"player_experience":269563,"relics_obtained":[{"floor":6.0,"key":"Question Card"},{"floor":8.0,"key":"War Paint"},{"floor":9.0,"key":"Shuriken"},{"floor":10.0,"key":"Bronze Scales"},{"floor":14.0,"key":"Anchor"},{"floor":23.0,"key":"Art of War"},{"floor":26.0,"key":"Lantern"},{"floor":42,"key":"Strawberry"},{"floor":43,"key":"Snake Skull"},{"floor":46,"key":"Singing Bowl"}],"event_choices":[{"event_name":"Big Fish","player_choice":"Box","floor":2.0,"damage_taken":0.0},{"event_name":"World of Goop","player_choice":"Gather Gold","floor":13.0,"damage_taken":0.0},{"event_name":"Ghosts","player_choice":"Ignored","floor":20.0,"damage_taken":0.0},{"event_name":"Vampires","player_choice":"Ignored","floor":22.0,"damage_taken":0.0},{"event_name":"Duplicator","player_choice":"One dupe","floor":29.0,"damage_taken":0.0},{"event_name":"MindBloom","player_choice":"Upgrade","floor":36,"damage_taken":0},{"event_name":"Tomb of Lord Red Mask","player_choice":"Paid","floor":37,"damage_taken":0},{"event_name":"Upgrade Shrine","player_choice":"Upgraded","floor":44,"damage_taken":0}],"is_beta":false,"boss_relics":[{"not_picked":["Philosopher\u0027s Stone","Empty Cage"],"picked":"Pandora\u0027s Box"},{"not_picked":["Black Star","White Beast Statue"],"picked":"Fusion Hammer"}],"items_purged_floors":[4],"is_endless":false,"potions_floor_spawned":[5,10,12,14,16,18,19,30,42,45,48],"ascension_level":5}