{"gold_per_floor":[118,193,193,209,94,94,126,145,170,170,261,275,310,325,325,401,401,414,74,89,107,117,117,142,142,165,177,187,187,215,215,215,215],"floor_reached":33,"playtime":1473,"items_purged":["Strike_R","Strike_R"],"score":651,"play_id":"406e6b92-4919-4211-a813-e7bd51461f80","local_time":"20190730191113","is_ascension_mode":true,"campfire_choices":[{"data":"Bash","floor":6,"key":"SMITH"},{"data":"Disarm","floor":10,"key":"SMITH"},{"data":"True Grit","floor":15,"key":"SMITH"},{"data":"Evolve","floor":23,"key":"SMITH"},{"data":"Flame Barrier","floor":25,"key":"SMITH"},{"data":"Spot Weakness","floor":29,"key":"SMITH"},{"data":"Armaments","floor":32,"key":"SMITH"}],"neow_cost":"NONE","seed_source_timestamp":326296043691379,"circlet_count":0,"master_deck":["AscendersBane","Strike_R","Strike_R","Strike_R","Defend_R","Defend_R","Defend_R","Defend_R","Bash+1","Spot Weakness+1","Dropkick","Disarm+1","True Grit+1","Spot Weakness","Cleave","Thunderclap","Flame Barrier+1","Reaper","Shrug It Off","Shrug It Off","Combust+1","Evolve+1","Wild Strike+1","Havoc+1","Doubt","Dropkick","Heavy Blade","Armaments+1"],"relics":["Burning Blood","NeowsBlessing","Oddly Smooth Stone","Smiling Mask","Tiny Chest","Centennial Puzzle","Cursed Key","Kunai","Ginger","Omamori","Bag of Preparation"],"potions_floor_usage":[11,16,24,33,33],"damage_taken":[{"damage":0,"enemies":"2 Louse","floor":1,"turns":1},{"damage":0,"enemies":"Jaw Worm","floor":4,"turns":1},{"damage":0,"enemies":"Gremlin Nob","floor":7,"turns":1},{"damage":6,"enemies":"Small Slimes","floor":8,"turns":4},{"damage":34,"enemies":"3 Sentries","floor":11,"turns":11},{"damage":6,"enemies":"2 Fungi Beasts","floor":12,"turns":4},{"damage":28,"enemies":"Lagavulin","floor":13,"turns":8},{"damage":16,"enemies":"3 Louse","floor":14,"turns":3},{"damage":0,"enemies":"Hexaghost","floor":16,"turns":10},{"damage":6,"enemies":"Chosen","floor":18,"turns":6},{"damage":34,"enemies":"Spheric Guardian","floor":20,"turns":15},{"damage":25,"enemies":"Snecko","floor":21,"turns":6},{"damage":17,"enemies":"3 Cultists","floor":22,"turns":7},{"damage":28,"enemies":"Book of Stabbing","floor":24,"turns":8},{"damage":6,"enemies":"Snake Plant","floor":27,"turns":9},{"damage":20,"enemies":"Shelled Parasite and Fungi","floor":28,"turns":6},{"damage":49,"enemies":"Gremlin Leader","floor":30,"turns":8},{"damage":82,"enemies":"Champ","floor":33,"turns":12}],"seed_played":"7440161317050486510","potions_obtained":[{"floor":1,"key":"Weak Potion"},{"floor":4,"key":"SpeedPotion"},{"floor":12,"key":"Dexterity Potion"},{"floor":22,"key":"Poison Potion"},{"floor":27,"key":"Swift Potion"},{"floor":28,"key":"GamblersBrew"}],"is_trial":false,"path_per_floor":["M","?","?","M","$","R","E","M","T","R","?","M","E","M","R","B",null,"M","$","M","M","M","R","E","R","T","M","M","R","E","?","R","B"],"character_chosen":"IRONCLAD","items_purchased":["Disarm","Kunai","Shrug It Off"],"campfire_rested":0,"item_purchase_floors":[5,19,19],"current_hp_per_floor":[74,63,63,69,69,69,75,75,75,75,47,47,25,15,15,21,62,72,72,47,46,48,48,45,45,45,58,57,57,35,35,35,0],"gold":215,"neow_bonus":"THREE_ENEMY_KILL","is_prod":false,"is_daily":false,"chose_seed":false,"campfire_upgraded":7,"win_rate":0,"timestamp":1564528273,"path_taken":["M","?","?","M","$","R","E","M","T","R","?","M","E","M","R","BOSS","M","$","M","M","M","R","E","R","T","M","M","R","E","?","R","BOSS"],"build_version":"2019-07-17","purchased_purges":2,"victory":false,"max_hp_per_floor":[75,75,75,75,75,75,75,75,75,75,75,75,75,75,75,75,75,75,75,75,75,75,75,75,75,75,75,75,75,75,75,75,75],"card_choices":[{"not_picked":["Armaments","Fire Breathing"],"picked":"Spot Weakness","floor":1},{"not_picked":["Seeing Red","Dual Wield"],"picked":"Dropkick","floor":4},{"not_picked":["Dual Wield","Cleave"],"picked":"True Grit","floor":7},{"not_picked":["Flex","Perfected Strike"],"picked":"Spot Weakness","floor":8},{"not_picked":["Body Slam","Clash"],"picked":"Cleave","floor":11},{"not_picked":["Bludgeon","Clothesline"],"picked":"Thunderclap","floor":12},{"not_picked":["Barricade","Havoc"],"picked":"Flame Barrier","floor":13},{"not_picked":["Thunderclap","Sever Soul","Pommel Strike"],"picked":"SKIP","floor":14},{"not_picked":["Feed","Offering"],"picked":"Reaper","floor":16},{"not_picked":["Blood for Blood","Searing Blow"],"picked":"Shrug It Off","floor":18},{"not_picked":["True Grit","Pommel Strike"],"picked":"Combust+1","floor":20},{"not_picked":["Clothesline","Sword Boomerang"],"picked":"Evolve","floor":21},{"not_picked":["Flex","Headbutt"],"picked":"Wild Strike+1","floor":22},{"not_picked":["Juggernaut","Perfected Strike"],"picked":"Havoc+1","floor":24},{"not_picked":["Flex","Warcry"],"picked":"Dropkick","floor":27},{"not_picked":["Clash","Pummel"],"picked":"Heavy Blade","floor":28},{"not_picked":["Searing Blow","Hemokinesis+1"],"picked":"Armaments","floor":30}],"player_experience":1606031,"relics_obtained":[{"floor":7,"key":"Oddly Smooth Stone"},{"floor":9,"key":"Smiling Mask"},{"floor":11,"key":"Tiny Chest"},{"floor":13,"key":"Centennial Puzzle"},{"floor":24,"key":"Ginger"},{"floor":26,"key":"Omamori"},{"floor":30,"key":"Bag of Preparation"}],"event_choices":[{"damage_healed":0,"gold_gain":75,"player_choice":"Gather Gold","damage_taken":11,"max_hp_gain":0,"max_hp_loss":0,"event_name":"World of Goop","floor":2,"gold_loss":0},{"damage_healed":0,"gold_gain":0,"player_choice":"Ignored","damage_taken":0,"max_hp_gain":0,"max_hp_loss":0,"event_name":"Liars Game","floor":3,"gold_loss":0},{"damage_healed":0,"gold_gain":30,"player_choice":"Searched \u00272\u0027 times","damage_taken":0,"max_hp_gain":0,"max_hp_loss":0,"event_name":"Dead Adventurer","floor":11,"gold_loss":0},{"damage_healed":0,"gold_gain":0,"player_choice":"Ignored","damage_taken":0,"max_hp_gain":0,"max_hp_loss":0,"event_name":"Ghosts","floor":31,"gold_loss":0}],"is_beta":false,"boss_relics":[{"not_picked":["Empty Cage","Busted Crown"],"picked":"Cursed Key"}],"items_purged_floors":[5,19],"is_endless":false,"potions_floor_spawned":[1,4,12,13,14,22,27,28],"killed_by":"Champ","ascension_level":15}