{"gold_per_floor":[118,129,54,74,74,108,108,142,192,192],"floor_reached":10,"playtime":497,"items_purged":["Regret"],"score":95,"play_id":"7ae00e25-e4c4-4413-8f9f-2f1ca9fe05de","local_time":"20180722151706","is_ascension_mode":true,"campfire_choices":[],"neow_cost":"CURSE","seed_source_timestamp":88692469529370,"circlet_count":0,"master_deck":["Strike_B","Strike_B","Strike_B","Strike_B","Defend_B","Defend_B","Defend_B","Defend_B","Zap","Dualcast","Rebound","Go for the Eyes","Conserve Battery","Cold Snap","Aggregate"],"relics":["Cracked Core","Mango","Blue Candle","Potion Belt","Ginger","Bag of Marbles"],"potions_floor_usage":[8,8],"damage_taken":[{"damage":7,"enemies":"Small Slimes","floor":1,"turns":3},{"damage":8,"enemies":"Cultist","floor":2,"turns":3},{"damage":0,"enemies":"2 Louse","floor":4,"turns":2},{"damage":35,"enemies":"3 Sentries","floor":6,"turns":10},{"damage":9,"enemies":"Gremlin Nob","floor":8,"turns":4},{"damage":18,"enemies":"Lagavulin","floor":10,"turns":3}],"seed_played":"-8986337425072361494","potions_obtained":[{"floor":2,"key":"FocusPotion"},{"floor":4,"key":"FocusPotion"}],"is_trial":false,"path_per_floor":["M","M","$","M","?","E","?","E","T"],"character_chosen":"DEFECT","items_purchased":[],"campfire_rested":0,"item_purchase_floors":[],"current_hp_per_floor":[82,74,74,74,74,39,27,18,18,0],"gold":192,"neow_bonus":"ONE_RARE_RELIC","is_prod":false,"is_daily":false,"chose_seed":false,"campfire_upgraded":0,"win_rate":0,"timestamp":1532287026,"path_taken":["M","M","$","M","?","E","?","E","T","E"],"build_version":"2018-07-19v2","purchased_purges":1,"victory":false,"max_hp_per_floor":[89,89,89,89,89,89,89,89,89,89],"card_choices":[{"not_picked":["Beam Cell","Loop"],"picked":"Rebound","floor":1},{"not_picked":["Redo","Streamline"],"picked":"Go for the Eyes","floor":2},{"not_picked":["Melter","Compile Driver"],"picked":"Conserve Battery","floor":4},{"not_picked":["Aggregate","Redo"],"picked":"Cold Snap","floor":6},{"not_picked":["Steam","Rip and Tear"],"picked":"Aggregate","floor":8}],"player_experience":236023,"relics_obtained":[{"floor":6,"key":"Blue Candle"},{"floor":8,"key":"Ginger"},{"floor":9,"key":"Bag of Marbles"}],"event_choices":[{"event_name":"The Woman in Blue","player_choice":"Bought 0 Potions","floor":5,"damage_taken":0},{"event_name":"Scrap Ooze","player_choice":"success","floor":7,"damage_taken":12}],"is_beta":false,"boss_relics":[],"items_purged_floors":[3],"is_endless":false,"potions_floor_spawned":[2,4],"killed_by":"Lagavulin","ascension_level":5}