{"gold_per_floor":[314,314,314,333,345,345,373,373,373,391,410,114,137,167,167,167],"floor_reached":16,"playtime":589,"items_purged":[],"score":149,"play_id":"6ec7c38f-4361-4489-8fba-7a3860bd9e83","local_time":"20190604010954","is_ascension_mode":true,"campfire_choices":[{"data":"Armaments","floor":6,"key":"SMITH"},{"floor":8,"key":"REST"},{"floor":15,"key":"REST"}],"neow_cost":"NO_GOLD","seed_source_timestamp":377839689622594,"circlet_count":0,"master_deck":["Strike_R","Strike_R","Strike_R","Strike_R","Defend_R","Defend_R","Defend_R","Defend_R+1","Bash","Body Slam","Armaments+1","Flame Barrier+1","Ghostly Armor","Whirlwind","Dark Embrace+1","Fire Breathing+1"],"relics":["Burning Blood","Old Coin","Orichalcum","Bottled Lightning","Frozen Egg 2","Bronze Scales","PreservedInsect","War Paint"],"potions_floor_usage":[7,10,16],"damage_taken":[{"damage":23,"enemies":"Small Slimes","floor":1,"turns":4},{"damage":7,"enemies":"2 Louse","floor":4,"turns":4},{"damage":1,"enemies":"Cultist","floor":5,"turns":3},{"damage":28,"enemies":"Gremlin Nob","floor":7,"turns":5},{"damage":16,"enemies":"Lots of Slimes","floor":10,"turns":5},{"damage":1,"enemies":"Red Slaver","floor":11,"turns":4},{"damage":22,"enemies":"Lagavulin","floor":14,"turns":5},{"damage":57,"enemies":"Slime Boss","floor":16,"turns":8}],"seed_played":"2465665776929063182","potions_obtained":[{"floor":4,"key":"SpeedPotion"},{"floor":7,"key":"Poison Potion"},{"floor":11,"key":"Dexterity Potion"}],"is_trial":false,"path_per_floor":["M","?","?","M","M","R","E","R","T","M","M","$","T","E","R","B"],"character_chosen":"IRONCLAD","items_purchased":["Bronze Scales","Dark Embrace+1"],"campfire_rested":2,"item_purchase_floors":[12,12],"current_hp_per_floor":[55,48,48,47,52,52,30,54,54,44,49,49,49,33,57,0],"gold":167,"neow_bonus":"ONE_RARE_RELIC","is_prod":false,"is_daily":false,"chose_seed":false,"campfire_upgraded":1,"win_rate":0,"timestamp":1559624994,"path_taken":["M","?","?","M","M","R","E","R","T","?","M","$","?","E","R","BOSS"],"build_version":"2019-01-23","purchased_purges":0,"victory":false,"max_hp_per_floor":[80,80,80,80,80,80,80,80,80,80,80,80,80,80,80,80],"card_choices":[{"not_picked":["Dropkick","Anger"],"picked":"Body Slam","floor":1},{"not_picked":["Iron Wave","Rupture"],"picked":"Armaments","floor":4},{"not_picked":["Reckless Charge","Armaments"],"picked":"Flame Barrier","floor":5},{"not_picked":["Anger","Searing Blow","Pommel Strike"],"picked":"SKIP","floor":7},{"not_picked":["Clothesline","Cleave"],"picked":"Ghostly Armor","floor":10},{"not_picked":["Disarm","Havoc"],"picked":"Whirlwind","floor":11},{"not_picked":["Iron Wave","Pommel Strike"],"picked":"Fire Breathing+1","floor":14}],"player_experience":1057009,"relics_obtained":[{"floor":7,"key":"Bottled Lightning"},{"floor":9,"key":"Frozen Egg 2"},{"floor":13,"key":"PreservedInsect"},{"floor":14,"key":"War Paint"}],"event_choices":[{"damage_healed":0,"gold_gain":0,"player_choice":"Success","damage_taken":7,"relics_obtained":["Orichalcum"],"max_hp_gain":0,"max_hp_loss":0,"event_name":"Scrap Ooze","floor":2,"gold_loss":0},{"cards_removed":["Strike_R"],"damage_healed":0,"gold_gain":0,"player_choice":"Offered Basic","damage_taken":0,"max_hp_gain":0,"max_hp_loss":0,"event_name":"Bonfire Elementals","floor":3,"gold_loss":0}],"is_beta":false,"boss_relics":[],"items_purged_floors":[],"is_endless":false,"potions_floor_spawned":[4,7,11],"killed_by":"Slime Boss","ascension_level":7}