{"gold_per_floor":[112,128,128,128,146,146,166,166,166,166,186,186,186],"floor_reached":13,"playtime":136,"items_purged":[],"score":150,"play_id":"a68e864f-814b-4aab-9520-00bdbf1c4904","local_time":"20190601001054","is_ascension_mode":true,"campfire_choices":[{"data":"Zap","floor":6,"key":"SMITH"},{"data":"Dualcast","floor":10,"key":"SMITH"}],"neow_cost":"NONE","seed_source_timestamp":107332206513609,"circlet_count":0,"master_deck":["AscendersBane","Strike_B","Strike_B","Strike_B","Defend_B+1","Defend_B","Defend_B","Defend_B+1","Zap+1","Dualcast+1","Compile Driver","Conserve Battery","Defragment"],"relics":["Cracked Core","NeowsBlessing","Golden Idol","Bird Faced Urn"],"potions_floor_usage":[13],"damage_taken":[{"damage":0,"enemies":"Small Slimes","floor":1,"turns":1},{"damage":0,"enemies":"2 Louse","floor":2,"turns":1},{"damage":0,"enemies":"Jaw Worm","floor":5,"turns":1},{"damage":14,"enemies":"Red Slaver","floor":7,"turns":3},{"damage":6,"enemies":"Looter","floor":11,"turns":3},{"damage":11,"enemies":"Gremlin Nob","floor":13,"turns":3}],"seed_played":"539604752827292198","potions_obtained":[{"floor":2,"key":"Strength Potion"},{"floor":11,"key":"AttackPotion"}],"is_trial":false,"path_per_floor":["M","M","?","?","M","R","M","?","T","R","M","?","E"],"character_chosen":"DEFECT","items_purchased":[],"campfire_rested":0,"item_purchase_floors":[],"current_hp_per_floor":[64,64,64,64,64,64,50,43,43,43,37,18,9],"gold":186,"neow_bonus":"THREE_ENEMY_KILL","is_prod":false,"is_daily":false,"chose_seed":false,"campfire_upgraded":2,"win_rate":0,"timestamp":1559319054,"path_taken":["M","M","?","?","M","R","M","?","T","R","M","?","E"],"build_version":"2019-01-23","purchased_purges":0,"victory":false,"max_hp_per_floor":[71,71,64,64,64,64,64,64,64,64,64,64,64],"card_choices":[{"not_picked":["Steam","Streamline","Rebound"],"picked":"SKIP","floor":1},{"not_picked":["Redo","Steam","Sweeping Beam"],"picked":"SKIP","floor":2},{"not_picked":["Rebound","Redo"],"picked":"Compile Driver","floor":5},{"not_picked":["Compile Driver","White Noise"],"picked":"Conserve Battery","floor":7},{"not_picked":["Chaos","Doom and Gloom"],"picked":"Defragment","floor":11}],"player_experience":1814033,"relics_obtained":[{"floor":9,"key":"Bird Faced Urn"}],"event_choices":[{"damage_healed":0,"gold_gain":0,"player_choice":"Lose Max HP","damage_taken":0,"relics_obtained":["Golden Idol"],"max_hp_gain":0,"max_hp_loss":7,"event_name":"Golden Idol","floor":3,"gold_loss":0},{"damage_healed":0,"gold_gain":0,"player_choice":"Ignored","damage_taken":0,"max_hp_gain":0,"max_hp_loss":0,"event_name":"Liars Game","floor":4,"gold_loss":0},{"cards_removed":["Strike_B"],"damage_healed":0,"gold_gain":0,"player_choice":"Card Removal","damage_taken":7,"max_hp_gain":0,"max_hp_loss":0,"event_name":"Golden Wing","floor":8,"gold_loss":0},{"damage_healed":0,"gold_gain":0,"player_choice":"Entered Light","damage_taken":19,"max_hp_gain":0,"max_hp_loss":0,"event_name":"Shining Light","floor":12,"gold_loss":0,"cards_upgraded":["Defend_B","Defend_B"]}],"is_beta":false,"boss_relics":[],"items_purged_floors":[],"is_endless":false,"potions_floor_spawned":[2,11],"killed_by":"Gremlin Nob","ascension_level":20}