{"gold_per_floor":[113,125,144,144,109,109,183,201,201,201,376,399,468,484,484,604,604,619,264,364,377,377,377,377,377,403,422,422,422,33,49,49,49],"floor_reached":33,"playtime":1034,"items_purged":["Doubt","Shame"],"score":306,"play_id":"fa632751-ce43-40a6-bd29-3fd1473a76da","local_time":"20190525201504","is_ascension_mode":true,"campfire_choices":[{"data":"Whirlwind","floor":6.0,"key":"SMITH"},{"data":"Metallicize","floor":10.0,"key":"SMITH"},{"data":"Limit Break","floor":15.0,"key":"SMITH"},{"floor":23.0,"key":"REST"},{"floor":28.0,"key":"REST"},{"data":"Limit Break","floor":32,"key":"SMITH"}],"neow_cost":"NONE","seed_source_timestamp":95077091548234,"circlet_count":0,"master_deck":["Strike_R+1","Strike_R+1","Strike_R+1","Strike_R+1","Strike_R+1","Defend_R+1","Defend_R+1","Defend_R+1","Defend_R+1","Bash","Metallicize+1","Whirlwind+1","Injury","Spot Weakness","Disarm","Limit Break+1","Double Tap","Shrug It Off+1","Shrug It Off","Power Through+1","Limit Break+1"],"special_seed":0,"relics":["Burning Blood","Regal Pillow","Golden Idol","Frozen Egg 2","Shuriken","Potion Belt","Lizard Tail","Question Card","Enchiridion","Red Skull","Pantograph","Thread and Needle"],"potions_floor_usage":[],"damage_taken":[{"damage":8.0,"enemies":"2 Louse","floor":1.0,"turns":2.0},{"damage":8.0,"enemies":"Jaw Worm","floor":2.0,"turns":4.0},{"damage":5.0,"enemies":"Small Slimes","floor":3.0,"turns":3.0},{"damage":13.0,"enemies":"Blue Slaver","floor":8.0,"turns":2.0},{"damage":2.0,"enemies":"Lots of Slimes","floor":12.0,"turns":2.0},{"damage":20.0,"enemies":"Gremlin Nob","floor":13.0,"turns":4.0},{"damage":17.0,"enemies":"Looter","floor":14.0,"turns":3.0},{"damage":38.0,"enemies":"The Guardian","floor":16.0,"turns":8.0},{"damage":12.0,"enemies":"3 Byrds","floor":18.0,"turns":8.0},{"damage":16.0,"enemies":"Shell Parasite","floor":21.0,"turns":6.0},{"damage":41.0,"enemies":"Colosseum Slavers","floor":25.0,"turns":3.0},{"damage":20.0,"enemies":"Snake Plant","floor":27.0,"turns":4.0},{"damage":12.0,"enemies":"3 Cultists","floor":31.0,"turns":5.0},{"damage":135,"enemies":"Collector","floor":33,"turns":6}],"seed_played":"8345279958395655514","potions_obtained":[{"floor":1.0,"key":"FearPotion"},{"floor":3.0,"key":"SpeedPotion"},{"floor":12.0,"key":"GamblersBrew"},{"floor":13.0,"key":"AttackPotion"},{"floor":14.0,"key":"Swift Potion"},{"floor":21.0,"key":"Swift Potion"},{"floor":27.0,"key":"SkillPotion"}],"is_trial":false,"path_per_floor":["M","M","M","?","?","R","T","M","T","R","?","M","?","M","R","B",null,"M","$","?","M","?","R","?","?","T","M","R","?","$","M","R","B"],"character_chosen":"IRONCLAD","items_purchased":["Question Card","Shrug It Off","Thread and Needle"],"campfire_rested":2,"item_purchase_floors":[19,19,30],"current_hp_per_floor":[70,68,69,69,80,80,80,73,73,73,73,77,63,52,52,20,65,59,59,59,49,49,80,64,29,29,15,54,54,54,48,48,0],"gold":49,"neow_bonus":"RANDOM_COMMON_RELIC","is_prod":false,"is_daily":false,"chose_seed":false,"campfire_upgraded":4,"win_rate":0,"timestamp":1558829704,"path_taken":["M","M","M","?","?","R","?","M","T","R","?","M","?","M","R","BOSS","M","$","?","?","?","R","?","?","T","M","R","?","$","M","R","BOSS"],"build_version":"2019-01-23","purchased_purges":2,"victory":false,"max_hp_per_floor":[80,80,80,80,80,80,80,80,80,80,80,80,80,80,80,80,80,80,80,80,80,80,80,80,80,80,80,80,80,80,80,80,80],"card_choices":[{"not_picked":["Heavy Blade","Shockwave"],"picked":"Metallicize","floor":1.0},{"not_picked":["Sword Boomerang","Headbutt"],"picked":"Whirlwind","floor":2.0},{"not_picked":["Headbutt","Hemokinesis","Combust"],"picked":"SKIP","floor":3.0},{"not_picked":["Clash","Intimidate","Pommel Strike"],"picked":"SKIP","floor":8.0},{"not_picked":["Second Wind","Combust+1"],"picked":"Spot Weakness","floor":12.0},{"not_picked":["Heavy Blade","Havoc"],"picked":"Disarm","floor":13.0},{"not_picked":["True Grit","Whirlwind"],"picked":"Limit Break","floor":14.0},{"not_picked":["Impervious","Limit Break"],"picked":"Double Tap","floor":16.0},{"not_picked":["Perfected Strike","Heavy Blade+1"],"picked":"Shrug It Off+1","floor":18.0},{"not_picked":["Sword Boomerang","Burning Pact","Heavy Blade"],"picked":"Power Through+1","floor":21.0},{"not_picked":["Anger","Iron Wave","Armaments","Second Wind"],"picked":"SKIP","floor":27.0},{"not_picked":["Iron Wave+1","Clothesline+1","Warcry"],"picked":"Limit Break","floor":31.0}],"player_experience":1029463,"relics_obtained":[{"floor":7.0,"key":"Frozen Egg 2"},{"floor":9.0,"key":"Shuriken"},{"floor":13.0,"key":"Potion Belt"},{"floor":24.0,"key":"Enchiridion"},{"floor":26.0,"key":"Red Skull"}],"event_choices":[{"damage_healed":0.0,"max_hp_gain":0.0,"max_hp_loss":0.0,"gold_gain":0.0,"event_name":"Golden Idol","player_choice":"Take Wound","floor":4.0,"gold_loss":0.0,"damage_taken":0.0,"relics_obtained":["Golden Idol"],"cards_obtained":["Injury"]},{"damage_healed":20.0,"max_hp_gain":0.0,"max_hp_loss":0.0,"gold_gain":0.0,"event_name":"The Cleric","player_choice":"Healed","floor":5.0,"gold_loss":35.0,"damage_taken":0.0},{"damage_healed":0.0,"max_hp_gain":0.0,"max_hp_loss":0.0,"gold_gain":175.0,"event_name":"Liars Game","player_choice":"AGREE","floor":11.0,"gold_loss":0.0,"damage_taken":0.0,"cards_obtained":["Doubt"]},{"damage_healed":0.0,"max_hp_gain":0.0,"max_hp_loss":0.0,"gold_gain":0.0,"event_name":"Dead Adventurer","player_choice":"Searched \u00271\u0027 times","floor":13.0,"gold_loss":0.0,"damage_taken":0.0},{"damage_healed":0.0,"max_hp_gain":0.0,"max_hp_loss":0.0,"gold_gain":100.0,"event_name":"Golden Shrine","player_choice":"Pray","floor":20.0,"gold_loss":0.0,"damage_taken":0.0},{"damage_healed":0.0,"max_hp_gain":0.0,"max_hp_loss":0.0,"gold_gain":0.0,"event_name":"Back to Basics","player_choice":"Simplicity","floor":22.0,"gold_loss":0.0,"damage_taken":0.0,"cards_upgraded":["Strike_R","Strike_R","Strike_R","Strike_R","Strike_R","Defend_R","Defend_R","Defend_R","Defend_R"]},{"damage_healed":0.0,"max_hp_gain":0.0,"max_hp_loss":0.0,"gold_gain":0.0,"event_name":"Cursed Tome","player_choice":"Obtained Book","floor":24.0,"gold_loss":0.0,"damage_taken":16.0},{"damage_healed":0.0,"max_hp_gain":0.0,"max_hp_loss":0.0,"gold_gain":0.0,"event_name":"Colosseum","player_choice":"Fight","floor":25.0,"gold_loss":0.0,"damage_taken":0.0},{"damage_healed":0.0,"max_hp_gain":0.0,"max_hp_loss":0.0,"gold_gain":0.0,"event_name":"Colosseum","player_choice":"Fled From Nobs","floor":25.0,"gold_loss":0.0,"damage_taken":0.0},{"damage_healed":0.0,"max_hp_gain":0.0,"max_hp_loss":0.0,"gold_gain":0.0,"event_name":"Addict","player_choice":"Stole Relic","floor":29.0,"gold_loss":0.0,"damage_taken":0.0,"relics_obtained":["Pantograph"],"cards_obtained":["Shame"]}],"is_beta":false,"boss_relics":[{"not_picked":["Velvet Choker","Eternal Feather"],"picked":"Lizard Tail"}],"items_purged_floors":[19,30],"is_endless":false,"potions_floor_spawned":[1,3,12,13,14,21,25,27],"killed_by":"Collector","ascension_level":6}