{"gold_per_floor":[114,134,134,49,49,49,24,24,70,70,70,25,43,43,43,142,142,155,174,174],"floor_reached":20,"playtime":634,"items_purged":[],"score":208,"play_id":"b9979d1e-65f9-40f0-a899-bc9dec306bae","local_time":"20190528183530","is_ascension_mode":true,"campfire_choices":[{"data":"Inflame","floor":6,"key":"SMITH"},{"data":"Shrug It Off","floor":8,"key":"SMITH"},{"data":"Pommel Strike","floor":10,"key":"SMITH"},{"data":"Perfected Strike","floor":15,"key":"SMITH"}],"neow_cost":"NONE","seed_source_timestamp":203347954538956,"circlet_count":0,"master_deck":["Strike_R","Strike_R","Strike_R","Strike_R","Defend_R","Defend_R","Defend_R","Defend_R","Bash","Finesse","Inflame+1","Pommel Strike+1","Enlightenment+1","Shrug It Off+1","Berserk","Perfected Strike+1","Wild Strike","Limit Break","Heavy Blade+1","Wild Strike"],"relics":["Burning Blood","Omamori","Eternal Feather"],"potions_floor_usage":[18,18],"damage_taken":[{"damage":3,"enemies":"Cultist","floor":1,"turns":4},{"damage":0,"enemies":"Small Slimes","floor":2,"turns":3},{"damage":0,"enemies":"Jaw Worm","floor":13,"turns":3},{"damage":56,"enemies":"Hexaghost","floor":16,"turns":9},{"damage":17,"enemies":"Shell Parasite","floor":18,"turns":4},{"damage":17,"enemies":"Spheric Guardian","floor":19,"turns":4},{"damage":22,"enemies":"Masked Bandits","floor":20,"turns":3}],"seed_played":"7285056550956230977","potions_obtained":[{"floor":1,"key":"SteroidPotion"},{"floor":2,"key":"Strength Potion"},{"floor":19,"key":"SpeedPotion"}],"is_trial":false,"path_per_floor":["M","M","$","$","?","R","$","R","T","R","?","$","M","?","R","B",null,"M","M","?"],"character_chosen":"IRONCLAD","items_purchased":["Enlightenment","Shrug It Off","Perfected Strike"],"campfire_rested":0,"item_purchase_floors":[4,7,12],"current_hp_per_floor":[75,80,80,80,80,80,80,80,80,80,80,80,80,80,80,30,68,57,46,24],"gold":174,"neow_bonus":"RANDOM_COLORLESS","is_prod":false,"is_daily":false,"chose_seed":false,"campfire_upgraded":4,"win_rate":0,"timestamp":1559082930,"path_taken":["M","M","?","$","?","R","?","R","T","R","?","$","?","?","R","BOSS","M","M","?"],"build_version":"2019-01-23","purchased_purges":0,"victory":false,"max_hp_per_floor":[80,80,80,80,80,80,80,80,80,80,80,80,80,80,80,80,80,80,80,80],"card_choices":[{"not_picked":["Whirlwind","Battle Trance"],"picked":"Inflame","floor":1},{"not_picked":["Blood for Blood","Disarm"],"picked":"Pommel Strike","floor":2},{"not_picked":["Flex","Burning Pact"],"picked":"Wild Strike","floor":13},{"not_picked":["Dark Embrace","Offering"],"picked":"Limit Break","floor":16},{"not_picked":["Armaments+1","Sentinel"],"picked":"Heavy Blade+1","floor":18},{"not_picked":["Cleave","Feel No Pain"],"picked":"Wild Strike","floor":19}],"player_experience":1034663,"relics_obtained":[{"floor":9,"key":"Omamori"}],"event_choices":[{"damage_healed":0,"gold_gain":0,"player_choice":"Grow","damage_taken":0,"max_hp_gain":0,"max_hp_loss":0,"event_name":"Living Wall","floor":5,"gold_loss":0,"cards_upgraded":["Enlightenment"]},{"damage_healed":0,"gold_gain":0,"cards_transformed":["Strike_R"],"player_choice":"Transformed","damage_taken":0,"max_hp_gain":0,"max_hp_loss":0,"event_name":"Transmorgrifier","floor":11,"gold_loss":0,"cards_obtained":["Berserk"]},{"damage_healed":20,"gold_gain":0,"player_choice":"Healed and dodged fight","damage_taken":0,"max_hp_gain":0,"max_hp_loss":0,"event_name":"Mushrooms","floor":14,"gold_loss":0,"cards_obtained":["Parasite"]},{"damage_healed":0,"gold_gain":0,"player_choice":"Fought Bandits","damage_taken":0,"max_hp_gain":0,"max_hp_loss":0,"event_name":"Masked Bandits","floor":20,"gold_loss":0}],"is_beta":false,"boss_relics":[{"not_picked":["Philosopher\u0027s Stone","Ectoplasm"],"picked":"Eternal Feather"}],"items_purged_floors":[],"is_endless":false,"potions_floor_spawned":[1,2,19],"killed_by":"Masked Bandits","ascension_level":6}