{"gold_per_floor":[15,15,32,32,47,47,122,152,164,176,188,150,162,187,199,308,320,348,360,383,407,334,346,389,401,495,507,535,90,116,132,132,229,229,241,28,43,43,57,92,92,127,184,204,217,0,0,17,17,17],"floor_reached":51,"playtime":3188,"items_purged":["Clumsy"],"score":831,"play_id":"b31816b5-5821-4318-af1a-b4085b5b9e96","local_time":"20181117015053","is_ascension_mode":true,"campfire_choices":[{"data":"Perfected Strike","floor":6,"key":"SMITH"},{"data":"Bash","floor":10,"key":"SMITH"},{"data":"Shrug It Off","floor":13,"key":"SMITH"},{"floor":15,"key":"REST"},{"data":"Perfected Strike","floor":25,"key":"SMITH"},{"data":"Bludgeon","floor":27,"key":"SMITH"},{"floor":32,"key":"REST"},{"data":"Barricade","floor":41,"key":"SMITH"},{"floor":49,"key":"REST"}],"neow_cost":"NO_GOLD","seed_source_timestamp":254484648929898,"circlet_count":0,"master_deck":["Strike_R","Strike_R","Strike_R","Strike_R","Strike_R","Defend_R+1","Bash+1","Perfected Strike+1","Cleave","Shrug It Off+1","Seeing Red+1","Bludgeon+1","Pommel Strike","Inflame","Perfected Strike+1","Ghostly Armor","Rampage","Flex+1","Barricade+1","Shrug It Off","Metallicize","Flex+1","Body Slam+1","Wild Strike","Doubt","Inflame+1"],"relics":["Burning Blood","Singing Bowl","MawBank","Gremlin Horn","Cursed Key","Pantograph","War Paint","Pear","Anchor","Blood Vial","Ancient Tea Set","Runic Pyramid","Pen Nib","Blue Candle","Bag of Marbles","Mercury Hourglass","Tiny Chest","Red Mask"],"potions_floor_usage":[8,30,30,33,33,40,50,50,50],"damage_taken":[{"damage":1,"enemies":"Cultist","floor":1,"turns":3},{"damage":6,"enemies":"Jaw Worm","floor":3,"turns":2},{"damage":12,"enemies":"Small Slimes","floor":5,"turns":3},{"damage":22,"enemies":"3 Sentries","floor":8,"turns":6},{"damage":6,"enemies":"3 Louse","floor":14,"turns":2},{"damage":62,"enemies":"The Guardian","floor":16,"turns":10},{"damage":7,"enemies":"3 Byrds","floor":18,"turns":5},{"damage":0,"enemies":"Chosen","floor":20,"turns":3},{"damage":18,"enemies":"Shelled Parasite and Fungi","floor":21,"turns":4},{"damage":24,"enemies":"Book of Stabbing","floor":24,"turns":4},{"damage":2,"enemies":"Cultist and Chosen","floor":28,"turns":3},{"damage":8,"enemies":"Gremlin Leader","floor":30,"turns":3},{"damage":12,"enemies":"Centurion and Healer","floor":31,"turns":3},{"damage":90,"enemies":"Automaton","floor":33,"turns":8},{"damage":16,"enemies":"3 Darklings","floor":35,"turns":3},{"damage":0,"enemies":"Orb Walker","floor":37,"turns":4},{"damage":13,"enemies":"3 Darklings","floor":39,"turns":3},{"damage":17,"enemies":"Nemesis","floor":40,"turns":5},{"damage":64,"enemies":"Reptomancer","floor":42,"turns":5},{"damage":6,"enemies":"Spire Growth","floor":44,"turns":3},{"damage":0,"enemies":"Writhing Mass","floor":45,"turns":2},{"damage":0,"enemies":"Transient","floor":48,"turns":5},{"damage":88,"enemies":"Time Eater","floor":50,"turns":12}],"seed_played":"7752301424738338825","potions_obtained":[{"floor":3,"key":"Regen Potion"},{"floor":16,"key":"Poison Potion"},{"floor":18,"key":"FearPotion"},{"floor":28,"key":"Explosive Potion"},{"floor":31,"key":"Energy Potion"},{"floor":33,"key":"Weak Potion"},{"floor":35,"key":"SteroidPotion"},{"floor":44,"key":"GamblersBrew"},{"floor":45,"key":"Block Potion"},{"floor":48,"key":"LiquidBronze"}],"is_trial":false,"path_per_floor":["M","T","M","$","M","R","?","E","T","R","$","?","R","M","R","B",null,"M","?","M","M","?","$","E","R","T","R","M","$","E","M","R","B",null,"M","$","M","?","M","E","R","E","T","M","M","?","?","M","R","B",null],"character_chosen":"IRONCLAD","items_purchased":["Anchor","Blood Vial","Ghostly Armor","Pen Nib","Metallicize"],"campfire_rested":3,"item_purchase_floors":[29,29,29,36,36],"current_hp_per_floor":[80,80,82,82,76,76,65,61,61,61,61,61,61,61,82,26,82,81,81,82,72,72,72,54,54,64,64,70,70,70,66,94,12,96,86,86,94,94,89,80,80,26,26,30,38,38,38,48,78,20],"gold":17,"neow_bonus":"REMOVE_TWO","is_prod":false,"is_daily":false,"chose_seed":false,"campfire_upgraded":6,"win_rate":0,"timestamp":1542437453,"path_taken":["M","?","M","?","?","R","?","E","T","R","$","?","R","M","R","BOSS","M","?","M","M","?","?","E","R","T","R","M","$","E","?","R","BOSS","M","$","M","?","M","E","R","E","T","?","M","?","?","?","R","BOSS"],"build_version":"2018-11-15","purchased_purges":1,"victory":true,"max_hp_per_floor":[80,80,82,82,82,82,82,82,82,82,82,82,82,82,82,82,82,82,82,82,84,84,84,84,84,94,94,96,96,96,96,96,96,96,96,96,96,96,96,96,96,98,98,100,100,100,100,102,102,102],"card_choices":[{"not_picked":["Headbutt","Rupture"],"picked":"Perfected Strike","floor":1},{"not_picked":["Thunderclap","True Grit","Sword Boomerang"],"picked":"Singing Bowl","floor":3},{"not_picked":["Shrug It Off","Havoc"],"picked":"Cleave","floor":5},{"not_picked":["Rage","Hemokinesis"],"picked":"Shrug It Off","floor":8},{"not_picked":["Sword Boomerang","Impervious"],"picked":"Seeing Red","floor":14},{"not_picked":["Dark Embrace","Feed"],"picked":"Bludgeon","floor":16},{"not_picked":["Rage+1","Feel No Pain+1"],"picked":"Pommel Strike","floor":18},{"not_picked":["Cleave","Warcry+1"],"picked":"Inflame","floor":20},{"not_picked":["Shrug It Off","Uppercut+1","Clash"],"picked":"Singing Bowl","floor":21},{"not_picked":["Wild Strike+1","Impervious"],"picked":"Perfected Strike","floor":24},{"not_picked":["Uppercut","Headbutt","Iron Wave"],"picked":"Singing Bowl","floor":28},{"not_picked":["Reckless Charge","Warcry"],"picked":"Rampage","floor":30},{"not_picked":["Second Wind","Clothesline+1"],"picked":"Flex","floor":31},{"not_picked":["Limit Break","Brutality"],"picked":"Barricade","floor":33},{"not_picked":["Wild Strike+1","Clash"],"picked":"Shrug It Off","floor":35},{"not_picked":["Evolve+1","Corruption"],"picked":"Flex+1","floor":37},{"not_picked":["Warcry","Carnage+1"],"picked":"Body Slam+1","floor":39},{"not_picked":["Anger","Blood for Blood"],"picked":"Wild Strike","floor":40},{"not_picked":["Dropkick+1","Warcry+1","Havoc+1"],"picked":"Singing Bowl","floor":42},{"not_picked":["Clothesline+1","Warcry+1","Intimidate+1"],"picked":"Singing Bowl","floor":44},{"not_picked":["Armaments+1","Shockwave+1"],"picked":"Inflame+1","floor":45},{"not_picked":["Anger","Barricade","Sword Boomerang+1"],"picked":"Singing Bowl","floor":48}],"player_experience":319806,"relics_obtained":[{"floor":2,"key":"Singing Bowl"},{"floor":8,"key":"MawBank"},{"floor":9,"key":"Gremlin Horn"},{"floor":24,"key":"War Paint"},{"floor":26,"key":"Pear"},{"floor":30,"key":"Ancient Tea Set"},{"floor":40,"key":"Bag of Marbles"},{"floor":42,"key":"Mercury Hourglass"},{"floor":43,"key":"Tiny Chest"}],"event_choices":[{"damage_healed":0,"gold_gain":75,"player_choice":"Gather Gold","damage_taken":11,"max_hp_gain":0,"max_hp_loss":0,"event_name":"World of Goop","floor":7,"gold_loss":0},{"cards_removed":["Defend_R"],"damage_healed":0,"gold_gain":0,"player_choice":"Card Removal","damage_taken":0,"max_hp_gain":0,"max_hp_loss":0,"event_name":"The Cleric","floor":12,"gold_loss":50},{"damage_healed":0,"gold_gain":0,"player_choice":"Ignored","damage_taken":0,"max_hp_gain":0,"max_hp_loss":0,"event_name":"Vampires","floor":19,"gold_loss":0},{"damage_healed":0,"gold_gain":0,"player_choice":"Obtained Relic","damage_taken":0,"relics_obtained":["Pantograph"],"max_hp_gain":0,"max_hp_loss":0,"event_name":"Addict","floor":22,"gold_loss":85},{"damage_healed":0,"gold_gain":0,"player_choice":"Gave Potion","damage_taken":0,"relics_obtained":["Blue Candle"],"max_hp_gain":0,"max_hp_loss":0,"event_name":"WeMeetAgain","floor":38,"gold_loss":0},{"damage_healed":0,"gold_gain":0,"player_choice":"Paid","damage_taken":0,"relics_obtained":["Red Mask"],"max_hp_gain":0,"max_hp_loss":0,"event_name":"Tomb of Lord Red Mask","floor":46,"gold_loss":217},{"damage_healed":0,"gold_gain":0,"player_choice":"Forge","damage_taken":0,"max_hp_gain":0,"max_hp_loss":0,"event_name":"Accursed Blacksmith","floor":47,"gold_loss":0,"cards_upgraded":["Flex"]}],"is_beta":false,"boss_relics":[{"not_picked":["Philosopher\u0027s Stone","Tiny House"],"picked":"Cursed Key"},{"not_picked":["Coffee Dripper","Runic Dome"],"picked":"Runic Pyramid"}],"items_purged_floors":[29],"is_endless":false,"potions_floor_spawned":[3,16,18,28,31,33,35,44,45,48],"ascension_level":1}