{"gold_per_floor":[115,115,115,25,25,59,59,127,153,228,75,106,131,155,155,155],"floor_reached":16,"playtime":186,"items_purged":["Strike_R"],"score":328,"play_id":"2b92318e-b8bc-4a9d-a497-48a009a9ded7","local_time":"20190625004426","is_ascension_mode":true,"campfire_choices":[{"data":"True Grit","floor":7,"key":"SMITH"},{"data":"Spot Weakness","floor":15,"key":"SMITH"}],"neow_cost":"NONE","seed_source_timestamp":1934801649915993,"circlet_count":0,"master_deck":["AscendersBane","Strike_R","Strike_R+1","Strike_R+1","Defend_R","Defend_R","Defend_R","Defend_R","Bash","True Grit+1","Spot Weakness+1","Carnage","Feel No Pain"],"relics":["Burning Blood","NeowsBlessing","Golden Idol","Art of War","Tiny Chest","Whetstone","Sundial","Ancient Tea Set"],"potions_floor_usage":[16],"damage_taken":[{"damage":0,"enemies":"2 Louse","floor":1,"turns":1},{"damage":0,"enemies":"Lagavulin","floor":6,"turns":1},{"damage":0,"enemies":"3 Sentries","floor":8,"turns":2},{"damage":30,"enemies":"Gremlin Nob","floor":12,"turns":4},{"damage":2,"enemies":"Jaw Worm","floor":13,"turns":3},{"damage":4,"enemies":"Hexaghost","floor":16,"turns":6}],"seed_played":"7596477122161284448","potions_obtained":[{"floor":12,"key":"EssenceOfSteel"},{"floor":13,"key":"Fire Potion"}],"is_trial":false,"path_per_floor":["M","?","?","$","?","E","R","E","T","?","$","E","M","T","R","B"],"character_chosen":"IRONCLAD","items_purchased":["Spot Weakness","Feel No Pain"],"campfire_rested":0,"item_purchase_floors":[4,11],"current_hp_per_floor":[74,48,41,41,41,47,47,53,53,42,42,18,22,22,22,18],"gold":155,"neow_bonus":"THREE_ENEMY_KILL","is_prod":false,"is_daily":false,"chose_seed":false,"campfire_upgraded":2,"win_rate":0,"timestamp":1561394666,"path_taken":["M","?","?","$","?","E","R","E","T","?","?","E","M","?","R","BOSS"],"build_version":"2019-01-23","purchased_purges":1,"victory":false,"max_hp_per_floor":[75,75,75,75,75,75,75,75,75,75,75,75,75,75,75,75],"card_choices":[{"not_picked":["Pommel Strike","Rampage"],"picked":"True Grit","floor":1},{"not_picked":["Havoc","Sever Soul"],"picked":"Carnage","floor":6},{"not_picked":["Twin Strike","Thunderclap","Cleave"],"picked":"SKIP","floor":8},{"not_picked":["Carnage","Thunderclap","Flex"],"picked":"SKIP","floor":12},{"not_picked":["Anger","True Grit","Ghostly Armor"],"picked":"SKIP","floor":13}],"player_experience":1990052,"relics_obtained":[{"floor":6,"key":"Art of War"},{"floor":8,"key":"Tiny Chest"},{"floor":9,"key":"Whetstone"},{"floor":12,"key":"Sundial"},{"floor":14,"key":"Ancient Tea Set"}],"event_choices":[{"damage_healed":0,"gold_gain":0,"player_choice":"Take Damage","damage_taken":26,"relics_obtained":["Golden Idol"],"max_hp_gain":0,"max_hp_loss":0,"event_name":"Golden Idol","floor":2,"gold_loss":0},{"cards_removed":["Strike_R"],"damage_healed":0,"gold_gain":0,"player_choice":"Card Removal","damage_taken":7,"max_hp_gain":0,"max_hp_loss":0,"event_name":"Golden Wing","floor":3,"gold_loss":0},{"damage_healed":0,"gold_gain":0,"player_choice":"Leave","damage_taken":0,"max_hp_gain":0,"max_hp_loss":0,"event_name":"The Cleric","floor":5,"gold_loss":0},{"damage_healed":0,"gold_gain":75,"player_choice":"Gather Gold","damage_taken":11,"max_hp_gain":0,"max_hp_loss":0,"event_name":"World of Goop","floor":10,"gold_loss":0}],"is_beta":false,"boss_relics":[],"items_purged_floors":[11],"is_endless":false,"potions_floor_spawned":[12,13],"killed_by":"Hexaghost","ascension_level":20}