{"gold_per_floor":[119,139,153,170,182,30,45,77,125,144,144,163,238,270,270,369,369,334,114,114,64,84,84,97,22,22,38,49,60,60,74,74,176,176,188,198,198,215,19,19,48,48,48,62,79,29,44,44,44,44],"floor_reached":50,"playtime":8065,"items_purged":["Strike_G","Strike_G","Strike_G","Defend_G","Defend_G"],"score":492,"play_id":"d1537cfe-508e-4a42-a8ba-9302bf48d6d9","local_time":"20190805213251","is_ascension_mode":false,"campfire_choices":[{"floor":15.0,"key":"REST"},{"floor":23,"key":"RECALL"},{"data":"Envenom","floor":30,"key":"SMITH"},{"floor":32,"key":"REST"},{"floor":40,"key":"REST"},{"floor":42,"key":"REST"},{"data":"Strike_G+1","floor":49,"key":"PURGE"}],"neow_cost":"NONE","seed_source_timestamp":0,"circlet_count":0,"master_deck":["Defend_G+1","Defend_G+1","Defend_G+1","Survivor+1","Neutralize+1","Infinite Blades+1","Bouncing Flask+1","Infinite Blades+1","Prepared+1","Deadly Poison+1","Footwork+1","Backstab+1","Envenom+1","Flechettes+1","Dash+1","Bullet Time+1","Backflip+1","Escape Plan+1","Dodge and Roll+1","Good Instincts+1","Dodge and Roll+1","Calculated Gamble+1","Adrenaline+1","Clumsy","Blur+1","Dodge and Roll+1","Bane+1","Deflect+1","Infinite Blades+1","Catalyst+1","Accuracy+1","Sucker Punch+1","Catalyst+1"],"special_seed":0,"relics":["Ring of the Serpent","Smiling Mask","Omamori","Bronze Scales","Calling Bell","Dream Catcher","Frozen Egg 2","Peace Pipe","Anchor","Toxic Egg 2","Meat on the Bone","Mark of the Bloom"],"potions_floor_usage":[33,38,45,47,50],"damage_taken":[{"damage":0.0,"enemies":"Cultist","floor":1.0,"turns":4.0},{"damage":0.0,"enemies":"Jaw Worm","floor":2.0,"turns":4.0},{"damage":4.0,"enemies":"2 Louse","floor":3.0,"turns":3.0},{"damage":5.0,"enemies":"Large Slime","floor":4.0,"turns":7.0},{"damage":0.0,"enemies":"Exordium Wildlife","floor":5.0,"turns":4.0},{"damage":5.0,"enemies":"3 Louse","floor":7.0,"turns":4.0},{"damage":20.0,"enemies":"3 Sentries","floor":8.0,"turns":10.0},{"damage":0.0,"enemies":"Looter","floor":10.0,"turns":3.0},{"damage":3.0,"enemies":"Exordium Wildlife","floor":12.0,"turns":4.0},{"damage":8.0,"enemies":"Gremlin Nob","floor":14.0,"turns":4.0},{"damage":31.0,"enemies":"Slime Boss","floor":16.0,"turns":15.0},{"damage":9,"enemies":"2 Thieves","floor":18,"turns":5},{"damage":0,"enemies":"Shell Parasite","floor":22,"turns":9},{"damage":2,"enemies":"Snake Plant","floor":24,"turns":4},{"damage":7,"enemies":"3 Cultists","floor":27,"turns":8},{"damage":0,"enemies":"Centurion and Healer","floor":28,"turns":7},{"damage":4,"enemies":"Snake Plant","floor":29,"turns":5},{"damage":0,"enemies":"Snecko","floor":31,"turns":5},{"damage":20,"enemies":"Champ","floor":33,"turns":19},{"damage":0,"enemies":"Orb Walker","floor":35,"turns":5},{"damage":17,"enemies":"3 Shapes","floor":36,"turns":6},{"damage":45,"enemies":"Jaw Worm Horde","floor":38,"turns":8},{"damage":20,"enemies":"Nemesis","floor":41,"turns":9},{"damage":12,"enemies":"Sphere and 2 Shapes","floor":44,"turns":7},{"damage":17,"enemies":"Transient","floor":45,"turns":5},{"damage":8,"enemies":"Spire Growth","floor":47,"turns":6},{"damage":29,"enemies":"Time Eater","floor":50,"turns":5}],"seed_played":"5011661909636370305","potions_obtained":[{"floor":2.0,"key":"Energy Potion"},{"floor":3.0,"key":"Fire Potion"},{"floor":4.0,"key":"SteroidPotion"},{"floor":10.0,"key":"LiquidBronze"},{"floor":12.0,"key":"EssenceOfSteel"},{"floor":16.0,"key":"Fire Potion"},{"floor":35,"key":"SkillPotion"},{"floor":38,"key":"GhostInAJar"}],"is_trial":false,"path_per_floor":["M","M","M","M","M","$","M","E","T","M","?","M","?","E","R","B",null,"M","$","?","$","M","R","M","?","T","M","M","M","R","M","R","B",null,"M","M","?","M","$","R","E","R","T","M","M","$","M","?","R","B"],"character_chosen":"THE_SILENT","items_purchased":["Footwork","Escape Plan","Dodge and Roll","Good Instincts","Anchor"],"campfire_rested":4,"item_purchase_floors":[6,19,19,19,39],"current_hp_per_floor":[70,70,66,61,61,61,56,36,36,36,36,33,22,14,35,4,70,61,61,61,61,61,61,59,59,59,52,52,48,48,48,69,49,70,70,53,53,8,8,29,9,30,30,30,25,25,29,29,29,0],"gold":44,"neow_bonus":"THREE_CARDS","is_prod":false,"is_daily":false,"chose_seed":false,"campfire_upgraded":1,"win_rate":0,"timestamp":1565033571,"path_taken":["M","?","M","M","M","$","M","E","T","M","?","?","?","E","R","BOSS","M","$","?","$","M","R","M","?","T","M","M","M","R","M","R","BOSS","M","M","?","M","$","R","E","R","T","M","M","$","M","?","R","BOSS"],"build_version":"2019-07-17","purchased_purges":5,"victory":false,"max_hp_per_floor":[70,70,70,70,70,70,70,70,70,70,70,70,70,70,70,70,70,70,70,70,70,70,70,70,70,70,70,70,70,70,70,70,70,70,70,70,70,70,70,70,70,70,70,70,70,70,70,70,70,70],"card_choices":[{"not_picked":["Bane","Poisoned Stab"],"picked":"Infinite Blades","floor":0.0},{"not_picked":["Sucker Punch","Prepared"],"picked":"Bouncing Flask","floor":1.0},{"not_picked":["Dagger Throw","Slice"],"picked":"Infinite Blades","floor":2.0},{"not_picked":["Quick Slash","Dagger Throw"],"picked":"Prepared","floor":3.0},{"not_picked":["Dagger Throw","Dagger Spray"],"picked":"Underhanded Strike","floor":4.0},{"not_picked":["Quick Slash","Tactician"],"picked":"Deadly Poison","floor":5.0},{"not_picked":["Outmaneuver","Deadly Poison"],"picked":"Backstab","floor":7.0},{"not_picked":["Outmaneuver","Choke"],"picked":"Envenom","floor":8.0},{"not_picked":["Reflex","Dagger Spray","Flying Knee"],"picked":"SKIP","floor":10.0},{"not_picked":["Cloak And Dagger","Prepared"],"picked":"Flechettes","floor":12.0},{"not_picked":["All Out Attack","Sucker Punch"],"picked":"Dash","floor":14.0},{"not_picked":["Envenom","Tools of the Trade"],"picked":"Bullet Time","floor":16.0},{"not_picked":["Blade Dance","Cloak And Dagger"],"picked":"Backflip","floor":18},{"not_picked":["Outmaneuver","Choke","Bouncing Flask+1"],"picked":"SKIP","floor":22},{"not_picked":["PiercingWail","All Out Attack+1"],"picked":"Calculated Gamble","floor":24},{"not_picked":["Quick Slash+1","Dagger Throw+1","Tactician"],"picked":"SKIP","floor":27},{"not_picked":["Riddle With Holes+1","Poisoned Stab","Dash"],"picked":"SKIP","floor":28},{"not_picked":["Distraction","Poisoned Stab","All Out Attack"],"picked":"SKIP","floor":29},{"not_picked":["PiercingWail+1","All Out Attack","Deadly Poison"],"picked":"SKIP","floor":31},{"not_picked":["Unload","Die Die Die"],"picked":"Adrenaline","floor":33},{"not_picked":["Skewer+1","Underhanded Strike"],"picked":"Blur","floor":35},{"not_picked":["Blade Dance+1","Bane+1"],"picked":"Dodge and Roll+1","floor":36},{"not_picked":["Bouncing Flask","Dagger Spray"],"picked":"Bane+1","floor":38},{"not_picked":["Crippling Poison","Dodge and Roll"],"picked":"Deflect","floor":40},{"not_picked":["Dagger Throw","Terror"],"picked":"Infinite Blades+1","floor":41},{"not_picked":["Blade Dance+1","Outmaneuver+1"],"picked":"Catalyst+1","floor":42},{"not_picked":["Flying Knee+1","PiercingWail+1"],"picked":"Accuracy+1","floor":44},{"not_picked":["Outmaneuver+1","Bouncing Flask+1"],"picked":"Sucker Punch+1","floor":45},{"not_picked":["Acrobatics+1","Outmaneuver+1"],"picked":"Catalyst+1","floor":47}],"player_experience":148921,"relics_obtained":[{"floor":8.0,"key":"Smiling Mask"},{"floor":14.0,"key":"Omamori"},{"floor":26,"key":"Bronze Scales"},{"floor":34,"key":"Dream Catcher"},{"floor":34,"key":"Frozen Egg 2"},{"floor":34,"key":"Peace Pipe"},{"floor":41,"key":"Toxic Egg 2"},{"floor":43,"key":"Meat on the Bone"}],"event_choices":[{"damage_healed":0.0,"max_hp_gain":0.0,"max_hp_loss":0.0,"gold_gain":0.0,"event_name":"Accursed Blacksmith","player_choice":"Forge","floor":11.0,"gold_loss":0.0,"damage_taken":0.0,"cards_upgraded":["Footwork"]},{"damage_healed":0.0,"max_hp_gain":0.0,"max_hp_loss":0.0,"gold_gain":75.0,"event_name":"World of Goop","player_choice":"Gather Gold","floor":13.0,"gold_loss":0.0,"damage_taken":11.0},{"damage_healed":0,"gold_gain":0,"player_choice":"Read","damage_taken":0,"max_hp_gain":0,"max_hp_loss":0,"event_name":"The Library","floor":20,"gold_loss":0,"cards_obtained":["Dodge and Roll"]},{"cards_removed":["Strike_G"],"damage_healed":0,"gold_gain":0,"player_choice":"Gave Gold","damage_taken":0,"max_hp_gain":0,"max_hp_loss":0,"event_name":"Beggar","floor":25,"gold_loss":75},{"cards_removed":["Underhanded Strike"],"damage_healed":0,"gold_gain":0,"player_choice":"Removed Attack","damage_taken":0,"max_hp_gain":0,"max_hp_loss":0,"event_name":"Falling","floor":37,"gold_loss":0},{"damage_healed":0,"gold_gain":0,"player_choice":"Upgrade","damage_taken":0,"relics_obtained":["Mark of the Bloom"],"max_hp_gain":0,"max_hp_loss":0,"event_name":"MindBloom","floor":48,"gold_loss":0,"cards_upgraded":["Strike_G","Defend_G","Defend_G","Defend_G","Survivor","Neutralize","Infinite Blades","Bouncing Flask","Infinite Blades","Prepared","Deadly Poison","Backstab","Flechettes","Dash","Bullet Time","Backflip","Escape Plan","Dodge and Roll","Good Instincts","Dodge and Roll","Calculated Gamble","Adrenaline","Blur","Deflect"]}],"is_beta":false,"boss_relics":[{"not_picked":["Astrolabe","Pandora\u0027s Box"],"picked":"Ring of the Serpent"},{"not_picked":["Philosopher\u0027s Stone","Sozu"],"picked":"Calling Bell"}],"items_purged_floors":[6,19,21,39,46],"is_endless":false,"potions_floor_spawned":[2,3,4,10,12,16,18,22,29,33,35,38,41,44],"killed_by":"Time Eater","ascension_level":0}