{"gold_per_floor":[114,289,289,304,64,64],"floor_reached":6,"playtime":481,"items_purged":[],"score":159,"play_id":"14628d35-7a64-40af-8ed9-4700105d5d3b","local_time":"20180807163847","daily_mods":["Insanity","Elite Swarm","Hoarder"],"is_ascension_mode":false,"campfire_choices":[],"neow_cost":"","seed_source_timestamp":0,"circlet_count":0,"master_deck":["Flame Barrier","Blood for Blood","Battle Trance","Seeing Red","Limit Break","Sword Boomerang","Headbutt","Sentinel","Limit Break","Heavy Blade","Offering","Entrench","Barricade","Juggernaut","Cleave","Evolve","Barricade","Carnage","Infernal Blade","Dark Embrace","Berserk","Carnage","Pummel","Rage","Wild Strike","Disarm","Seeing Red","Anger","Carnage","Pommel Strike","Headbutt","Reaper","Double Tap","Ghostly Armor","Infernal Blade","Infernal Blade","True Grit","Dark Embrace","Barricade","Thunderclap","Limit Break","Evolve","Feel No Pain","Exhume","Offering","True Grit","Rampage","Barricade","Bash","Rupture","Pummel","Pummel","Pummel","Doubt","Doubt","Doubt","Feel No Pain","Feel No Pain","Feel No Pain","Metallicize","Metallicize","Metallicize","Shrug It Off","Shrug It Off","Shrug It Off"],"special_seed":17750,"relics":["Burning Blood","Omamori","Bag of Marbles"],"potions_floor_usage":[],"damage_taken":[{"damage":8,"enemies":"Cultist","floor":1,"turns":4},{"damage":5,"enemies":"2 Louse","floor":4,"turns":2},{"damage":40,"enemies":"Gremlin Nob","floor":6,"turns":5}],"seed_played":"581998401352651869","potions_obtained":[],"is_trial":false,"path_per_floor":["M","?","?","M","$"],"character_chosen":"IRONCLAD","items_purchased":["Metallicize","Bag of Marbles","Shrug It Off"],"campfire_rested":0,"item_purchase_floors":[5,5,5],"current_hp_per_floor":[78,78,75,76,76,36],"gold":64,"neow_bonus":"","is_prod":false,"is_daily":true,"chose_seed":false,"campfire_upgraded":0,"win_rate":0,"timestamp":1533627527,"path_taken":["M","?","?","M","$","E"],"build_version":"2018-08-02","purchased_purges":0,"victory":false,"max_hp_per_floor":[80,80,80,80,80,80],"card_choices":[{"not_picked":["Twin Strike","Wild Strike"],"picked":"Pummel","floor":1},{"not_picked":["Cleave","Clash"],"picked":"Feel No Pain","floor":4}],"player_experience":153305,"relics_obtained":[],"event_choices":[{"event_name":"Liars Game","player_choice":"agreed","floor":2,"damage_taken":0},{"event_name":"Scrap Ooze","player_choice":"success","floor":3,"damage_taken":3}],"is_beta":false,"boss_relics":[],"items_purged_floors":[],"is_endless":false,"potions_floor_spawned":[],"killed_by":"Gremlin Nob","ascension_level":0}