{"gold_per_floor":[110,31,31,31,46,46,46,57,57,57,76,76,93,18,18,95,95,114,56,56,56,56,56,50,50,75,75,75],"floor_reached":28,"playtime":600,"items_purged":[],"score":408,"play_id":"cd86ded4-727d-4552-acea-77f4f2c4dc92","local_time":"20190720173337","is_ascension_mode":true,"campfire_choices":[{"data":"Noxious Fumes","floor":6.0,"key":"SMITH"},{"data":"Crippling Poison","floor":10.0,"key":"SMITH"},{"data":"Masterful Stab","floor":12.0,"key":"SMITH"},{"data":"Well Laid Plans","floor":15.0,"key":"SMITH"},{"data":"Cloak And Dagger","floor":23.0,"key":"SMITH"},{"floor":25,"key":"REST"}],"neow_cost":"NONE","seed_source_timestamp":171806640296736,"circlet_count":0,"master_deck":["AscendersBane","Strike_G","Strike_G","Defend_G","Defend_G","Defend_G","Defend_G","Defend_G+1","Survivor","Neutralize+1","Masterful Stab+1","Noxious Fumes+1","Crippling Poison+1","Acrobatics+1","Well Laid Plans+1","After Image","Clumsy","Clumsy","Writhe","Cloak And Dagger+1"],"special_seed":0,"relics":["Empty Cage","Blue Candle","Calling Bell","Art of War","Question Card","Dead Branch","Smiling Mask"],"potions_floor_usage":[24,28],"damage_taken":[{"damage":6.0,"enemies":"Small Slimes","floor":1.0,"turns":8.0},{"damage":7.0,"enemies":"2 Louse","floor":5.0,"turns":4.0},{"damage":0.0,"enemies":"Jaw Worm","floor":8.0,"turns":4.0},{"damage":6.0,"enemies":"3 Louse","floor":11.0,"turns":3.0},{"damage":10.0,"enemies":"Exordium Thugs","floor":13.0,"turns":4.0},{"damage":12.0,"enemies":"Slime Boss","floor":16.0,"turns":5.0},{"damage":6.0,"enemies":"Spheric Guardian","floor":18.0,"turns":7.0},{"damage":16,"enemies":"2 Thieves","floor":24,"turns":4},{"damage":36,"enemies":"Slavers","floor":28,"turns":5}],"seed_played":"-402954540110664252","potions_obtained":[{"floor":1.0,"key":"Energy Potion"},{"floor":5.0,"key":"Weak Potion"},{"floor":11.0,"key":"AttackPotion"},{"floor":18.0,"key":"LiquidBronze"},{"floor":24,"key":"Fire Potion"}],"is_trial":false,"path_per_floor":["M","$","?","?","M","R","?","M","T","R","M","R","M","$","R","B",null,"M","$","?","?","?","R","M","R","T","?","E"],"character_chosen":"THE_SILENT","items_purchased":["Noxious Fumes","Well Laid Plans","Cloak And Dagger"],"campfire_rested":1,"item_purchase_floors":[2,14,19],"current_hp_per_floor":[53,53,46,26,19,19,41,41,41,41,35,35,25,25,25,13,53,47,47,47,29,29,29,13,34,34,34,0],"gold":75,"neow_bonus":"BOSS_RELIC","is_prod":false,"is_daily":false,"chose_seed":false,"campfire_upgraded":5,"win_rate":0,"timestamp":1563615217,"path_taken":["M","$","?","?","M","R","?","M","T","R","M","R","M","$","R","BOSS","M","$","?","?","?","R","M","R","T","?","E"],"build_version":"2019-07-17","purchased_purges":0,"victory":false,"max_hp_per_floor":[66,66,66,66,66,66,66,66,66,66,66,66,66,66,66,66,66,66,66,66,71,71,71,71,71,71,71,71],"card_choices":[{"not_picked":["Acrobatics","Bane"],"picked":"Masterful Stab","floor":1.0},{"not_picked":["Concentrate","Finisher"],"picked":"Crippling Poison","floor":5.0},{"not_picked":["Deflect","Infinite Blades"],"picked":"Acrobatics","floor":8.0},{"not_picked":["Underhanded Strike","Sucker Punch","Blur"],"picked":"SKIP","floor":11.0},{"not_picked":["Quick Slash","Cloak And Dagger","Expertise"],"picked":"SKIP","floor":13.0},{"not_picked":["Adrenaline","Corpse Explosion"],"picked":"After Image","floor":16.0},{"not_picked":["Dagger Throw","Deflect","Accuracy","Caltrops"],"picked":"SKIP","floor":18.0},{"not_picked":["Bouncing Flask","Accuracy","Bane+1","Setup"],"picked":"SKIP","floor":24}],"player_experience":2048881,"relics_obtained":[{"floor":9.0,"key":"Blue Candle"},{"floor":17.0,"key":"Art of War"},{"floor":17.0,"key":"Question Card"},{"floor":17.0,"key":"Dead Branch"},{"floor":26,"key":"Smiling Mask"}],"event_choices":[{"cards_removed":["Strike_G"],"damage_healed":0.0,"max_hp_gain":0.0,"max_hp_loss":0.0,"gold_gain":0.0,"event_name":"Golden Wing","player_choice":"Card Removal","floor":3.0,"gold_loss":0.0,"damage_taken":7.0},{"damage_healed":0.0,"max_hp_gain":0.0,"max_hp_loss":0.0,"gold_gain":0.0,"event_name":"Shining Light","player_choice":"Entered Light","floor":4.0,"gold_loss":0.0,"damage_taken":20.0,"cards_upgraded":["Defend_G","Neutralize"]},{"damage_healed":22.0,"max_hp_gain":0.0,"max_hp_loss":0.0,"gold_gain":0.0,"event_name":"Big Fish","player_choice":"Banana","floor":7.0,"gold_loss":0.0,"damage_taken":0.0},{"damage_healed":0.0,"max_hp_gain":0.0,"max_hp_loss":0.0,"gold_gain":0.0,"event_name":"The Mausoleum","player_choice":"Ignored","floor":20.0,"gold_loss":0.0,"damage_taken":0.0},{"damage_healed":0.0,"max_hp_gain":5.0,"max_hp_loss":0.0,"gold_gain":0.0,"event_name":"Forgotten Altar","player_choice":"Shed Blood","floor":21.0,"gold_loss":0.0,"damage_taken":23.0},{"damage_healed":0,"gold_gain":0,"player_choice":"Upgraded","damage_taken":0,"max_hp_gain":0,"max_hp_loss":0,"event_name":"Upgrade Shrine","floor":27,"gold_loss":0,"cards_upgraded":["Acrobatics"]}],"is_beta":false,"boss_relics":[{"not_picked":["Snecko Eye","Ectoplasm"],"picked":"Calling Bell"}],"items_purged_floors":[],"is_endless":false,"potions_floor_spawned":[1,5,11,13,18,24],"killed_by":"Slavers","ascension_level":20}