{"gold_per_floor":[113,113,125,143,218,218,235,261,286,313,333,333,333,351,351,451,501,481,499,278,298,150,177,177,188,212,212,242,242,262,276,276,276],"floor_reached":33,"playtime":4011,"items_purged":["Regret","Strike_B"],"score":269,"play_id":"040d1411-35d4-4b2e-bd5a-2d479175310e","local_time":"20190805224257","is_ascension_mode":false,"campfire_choices":[{"data":"Glacier","floor":6,"key":"SMITH"},{"data":"Heatsinks","floor":12,"key":"SMITH"},{"floor":15,"key":"REST"},{"floor":24,"key":"REST"},{"floor":28,"key":"DIG"},{"floor":32,"key":"REST"}],"neow_cost":"TEN_PERCENT_HP_LOSS","seed_source_timestamp":0,"circlet_count":0,"master_deck":["Strike_B","Strike_B","Strike_B+1","Defend_B","Defend_B","Defend_B","Defend_B+1","Zap+1","Dualcast","Good Instincts","Purity","Storm","Reinforced Body","Glacier+1","Streamline+1","Gash","Heatsinks+1","Gash+1","Creative AI","Sweeping Beam","Beam Cell+1","Go for the Eyes","Hologram","Coolheaded","Darkness+1","Gash","Blizzard"],"special_seed":0,"relics":["Cracked Core","Whetstone","Oddly Smooth Stone","War Paint","Bag of Preparation","Tiny House","Anchor","Shovel","Tiny Chest"],"potions_floor_usage":[16,16,21,33,33],"damage_taken":[{"damage":0,"enemies":"Small Slimes","floor":1,"turns":2},{"damage":0,"enemies":"Cultist","floor":3,"turns":4},{"damage":1,"enemies":"2 Louse","floor":4,"turns":3},{"damage":2,"enemies":"Blue Slaver","floor":7,"turns":6},{"damage":22,"enemies":"Lagavulin","floor":8,"turns":13},{"damage":0,"enemies":"Large Slime","floor":11,"turns":6},{"damage":2,"enemies":"3 Louse","floor":14,"turns":4},{"damage":28,"enemies":"Hexaghost","floor":16,"turns":14},{"damage":19,"enemies":"2 Thieves","floor":18,"turns":5},{"damage":4,"enemies":"Shell Parasite","floor":19,"turns":6},{"damage":2,"enemies":"Centurion and Healer","floor":21,"turns":8},{"damage":56,"enemies":"Slavers","floor":23,"turns":9},{"damage":0,"enemies":"Chosen and Byrds","floor":25,"turns":8},{"damage":0,"enemies":"Snake Plant","floor":30,"turns":3},{"damage":8,"enemies":"Cultist and Chosen","floor":31,"turns":6},{"damage":52,"enemies":"Automaton","floor":33,"turns":6}],"seed_played":"1724522738587686546","potions_obtained":[{"floor":2,"key":"Regen Potion"},{"floor":2,"key":"SneckoOil"},{"floor":2,"key":"Weak Potion"},{"floor":3,"key":"SteroidPotion"},{"floor":4,"key":"Block Potion"},{"floor":17,"key":"Swift Potion"},{"floor":18,"key":"Block Potion"},{"floor":19,"key":"FocusPotion"},{"floor":30,"key":"Dexterity Potion"}],"is_trial":false,"path_per_floor":["M","?","M","M","?","R","M","E","T","T","M","R","?","M","R","B",null,"M","M","$","M","$","E","R","M","T","?","R","?","M","M","R","B"],"character_chosen":"DEFECT","items_purchased":["Anchor","Coolheaded"],"campfire_rested":3,"item_purchase_floors":[20,22],"current_hp_per_floor":[68,68,68,67,56,56,54,32,32,32,32,32,32,30,50,22,73,54,50,50,57,57,1,22,22,22,22,22,22,22,14,35,0],"gold":276,"neow_bonus":"RANDOM_COLORLESS_2","is_prod":false,"is_daily":false,"chose_seed":false,"campfire_upgraded":2,"win_rate":0,"timestamp":1565037777,"path_taken":["M","?","M","?","?","R","M","E","T","?","M","R","?","M","R","BOSS","M","M","$","M","$","E","R","M","T","?","R","?","M","M","R","BOSS"],"build_version":"2019-07-17","purchased_purges":2,"victory":false,"max_hp_per_floor":[68,68,68,68,68,68,68,68,68,68,68,68,68,68,68,68,73,73,73,73,73,73,73,73,73,73,73,73,73,73,73,73,73],"card_choices":[{"not_picked":["Scrape","White Noise"],"picked":"Storm","floor":1},{"not_picked":["Turbo","Stack"],"picked":"Reinforced Body","floor":3},{"not_picked":["Reinforced Body","Scrape"],"picked":"Glacier","floor":4},{"not_picked":["Compile Driver","Steam"],"picked":"Streamline","floor":7},{"not_picked":["Loop","Reinforced Body"],"picked":"Gash","floor":8},{"not_picked":["Multi-Cast","Loop"],"picked":"Heatsinks","floor":11},{"not_picked":["Streamline","Steam Power"],"picked":"Gash","floor":14},{"not_picked":["Seek","Biased Cognition"],"picked":"Creative AI","floor":16},{"not_picked":["Force Field","Leap"],"picked":"Sweeping Beam","floor":17},{"not_picked":["Double Energy+1","Conserve Battery"],"picked":"Beam Cell+1","floor":18},{"not_picked":["BootSequence+1","Barrage"],"picked":"Go for the Eyes","floor":19},{"not_picked":["Turbo","Steam"],"picked":"Hologram","floor":21},{"not_picked":["Chaos+1","Compile Driver"],"picked":"Darkness+1","floor":23},{"not_picked":["Leap+1","Cold Snap+1"],"picked":"Gash","floor":25},{"not_picked":["Streamline","Compile Driver+1"],"picked":"Blizzard","floor":30},{"not_picked":["Amplify","Streamline","Ball Lightning+1"],"picked":"SKIP","floor":31}],"player_experience":156986,"relics_obtained":[{"floor":8,"key":"Whetstone"},{"floor":9,"key":"Oddly Smooth Stone"},{"floor":10,"key":"War Paint"},{"floor":23,"key":"Shovel"},{"floor":28,"key":"Tiny Chest"}],"event_choices":[{"damage_healed":0,"gold_gain":0,"player_choice":"Got Potions","damage_taken":0,"max_hp_gain":0,"max_hp_loss":0,"event_name":"Lab","floor":2,"gold_loss":0},{"damage_healed":0,"gold_gain":75,"player_choice":"Gather Gold","damage_taken":11,"max_hp_gain":0,"max_hp_loss":0,"event_name":"World of Goop","floor":5,"gold_loss":0},{"damage_healed":0,"gold_gain":0,"player_choice":"Box","damage_taken":0,"relics_obtained":["Bag of Preparation"],"max_hp_gain":0,"max_hp_loss":0,"event_name":"Big Fish","floor":13,"gold_loss":0,"cards_obtained":["Regret"]},{"damage_healed":0,"gold_gain":0,"player_choice":"Ignored","damage_taken":0,"max_hp_gain":0,"max_hp_loss":0,"event_name":"Ghosts","floor":27,"gold_loss":0},{"damage_healed":0,"gold_gain":0,"player_choice":"Ignored","damage_taken":0,"max_hp_gain":0,"max_hp_loss":0,"event_name":"Cursed Tome","floor":29,"gold_loss":0}],"is_beta":false,"boss_relics":[{"not_picked":["Runic Dome","Calling Bell"],"picked":"Tiny House"}],"items_purged_floors":[20,22],"is_endless":false,"potions_floor_spawned":[3,4,8,14,18,19,30],"killed_by":"Automaton","ascension_level":0}