{"gold_per_floor":[215,230,4,21,21,21,55,55,55,79,119,119,119,150,150,150],"floor_reached":16,"playtime":683,"items_purged":["Strike_R"],"score":207,"play_id":"16669eb7-6d66-460e-b7d4-0354c048b8c7","local_time":"20190730022401","is_ascension_mode":true,"campfire_choices":[{"data":"Whirlwind","floor":6,"key":"SMITH"},{"data":"Feel No Pain","floor":8,"key":"SMITH"},{"floor":13,"key":"REST"},{"data":"Shockwave","floor":15,"key":"SMITH"}],"neow_cost":"NONE","seed_source_timestamp":266654084845678,"circlet_count":0,"master_deck":["AscendersBane","Strike_R","Strike_R","Strike_R","Strike_R","Defend_R","Defend_R","Defend_R","Defend_R","Bash","Whirlwind+1","Shrug It Off","Feel No Pain+1","Shockwave+1","Warcry","Carnage","True Grit","Rupture"],"relics":["Burning Blood","Golden Idol","Sundial","Self Forming Clay","Bottled Lightning","Boot","Mummified Hand"],"potions_floor_usage":[7,14],"damage_taken":[{"damage":3,"enemies":"Jaw Worm","floor":1,"turns":6},{"damage":6,"enemies":"2 Louse","floor":2,"turns":2},{"damage":2,"enemies":"Small Slimes","floor":4,"turns":5},{"damage":29,"enemies":"Lagavulin","floor":7,"turns":6},{"damage":12,"enemies":"Exordium Wildlife","floor":10,"turns":4},{"damage":9,"enemies":"3 Sentries","floor":11,"turns":8},{"damage":10,"enemies":"Lagavulin","floor":14,"turns":8},{"damage":35,"enemies":"Slime Boss","floor":16,"turns":12}],"seed_played":"-6717694697086119708","potions_obtained":[{"floor":2,"key":"AttackPotion"},{"floor":11,"key":"Strength Potion"}],"is_trial":false,"path_per_floor":["M","M","$","M","?","R","E","R","T","M","E","?","R","E","R","B"],"character_chosen":"IRONCLAD","items_purchased":["Feel No Pain","Shockwave"],"campfire_rested":1,"item_purchase_floors":[3,3],"current_hp_per_floor":[71,71,71,75,49,49,26,26,26,20,17,12,34,30,30,0],"gold":150,"neow_bonus":"HUNDRED_GOLD","is_prod":false,"is_daily":false,"chose_seed":false,"campfire_upgraded":3,"win_rate":0,"timestamp":1564467841,"path_taken":["M","M","$","M","?","R","E","R","T","M","E","?","R","E","R","BOSS"],"build_version":"2019-07-17","purchased_purges":1,"victory":false,"max_hp_per_floor":[75,75,75,75,75,75,75,75,75,75,75,75,75,75,75,75],"card_choices":[{"not_picked":["Havoc","Flex"],"picked":"Whirlwind","floor":1},{"not_picked":["Armaments","Perfected Strike"],"picked":"Shrug It Off","floor":2},{"not_picked":["Double Tap","Sever Soul"],"picked":"Warcry","floor":4},{"not_picked":["Sentinel","Thunderclap"],"picked":"Carnage","floor":7},{"not_picked":["Cleave","Sentinel","Sword Boomerang"],"picked":"SKIP","floor":10},{"not_picked":["Body Slam","Armaments"],"picked":"True Grit","floor":11},{"not_picked":["Seeing Red","Uppercut"],"picked":"Rupture","floor":14}],"player_experience":1588647,"relics_obtained":[{"floor":7,"key":"Sundial"},{"floor":9,"key":"Self Forming Clay"},{"floor":11,"key":"Bottled Lightning"},{"floor":14,"key":"Mummified Hand"}],"event_choices":[{"damage_healed":0,"gold_gain":0,"player_choice":"Take Damage","damage_taken":26,"relics_obtained":["Golden Idol"],"max_hp_gain":0,"max_hp_loss":0,"event_name":"Golden Idol","floor":5,"gold_loss":0},{"damage_healed":0,"gold_gain":0,"player_choice":"Success","damage_taken":5,"relics_obtained":["Boot"],"max_hp_gain":0,"max_hp_loss":0,"event_name":"Scrap Ooze","floor":12,"gold_loss":0}],"is_beta":false,"boss_relics":[],"items_purged_floors":[3],"is_endless":false,"potions_floor_spawned":[2,11],"killed_by":"Slime Boss","ascension_level":15}