{"gold_per_floor":[144,189,264,339,384,384,429,2,27,117,117,117,181,31,31,331,331,376,376,376,421,346,346,346,346,346,346,21,21,21,66,66,366,366,411,10,10,10,10,310,310,310,335,335,335,335,335,380,380,380],"floor_reached":51,"playtime":1836,"items_purged":[],"score":783,"play_id":"161dcd87-ead2-430f-b1e9-668cc25bc020","local_time":"20190724195729","daily_mods":["Heirloom","Flight","Midas"],"is_ascension_mode":false,"campfire_choices":[{"floor":6,"key":"DIG"},{"floor":11,"key":"DIG"},{"floor":15,"key":"REST"},{"floor":23,"key":"DIG"},{"floor":24,"key":"DIG"},{"floor":25,"key":"DIG"},{"floor":27,"key":"DIG"},{"floor":29,"key":"DIG"},{"floor":32,"key":"REST"},{"floor":40,"key":"DIG"},{"floor":42,"key":"DIG"},{"floor":47,"key":"DIG"},{"floor":49,"key":"DIG"}],"neow_cost":"","seed_source_timestamp":0,"circlet_count":0,"master_deck":["Strike_B+1","Strike_B+1","Strike_B+1","Defend_B+1","Defend_B+1","Defend_B+1","Zap+1","Dualcast+1","Beam Cell+1","Gash+1","Leap+1","Ball Lightning+1","Gash+1","Beam Cell+1","Redo+1","Electrodynamics+1","Ball Lightning+1","Compile Driver+1","Ball Lightning+1","Tempest+1","Rainbow+1","Cold Snap+1","Gash+1","Trip+1","Barrage"],"special_seed":18102,"relics":["Cracked Core","Shovel","Bottled Flame","Bird Faced Urn","Oddly Smooth Stone","Boot","Strawberry","Regal Pillow","Fusion Hammer","Centennial Puzzle","Thread and Needle","Torii","Mercury Hourglass","Pen Nib","Unceasing Top","Bronze Scales","Runic Pyramid","Toy Ornithopter","Omamori","Old Coin","Bag of Preparation","Bag of Marbles","Happy Flower","Mark of the Bloom","Meat on the Bone","Ice Cream"],"potions_floor_usage":[10,10,31,33,33],"damage_taken":[{"damage":1,"enemies":"Small Slimes","floor":1,"turns":3},{"damage":0,"enemies":"2 Louse","floor":2,"turns":2},{"damage":1,"enemies":"Cultist","floor":5,"turns":3},{"damage":15,"enemies":"Exordium Wildlife","floor":7,"turns":4},{"damage":14,"enemies":"Lagavulin","floor":10,"turns":4},{"damage":0,"enemies":"Slime Boss","floor":16,"turns":9},{"damage":10,"enemies":"Chosen","floor":18,"turns":3},{"damage":20,"enemies":"2 Thieves","floor":21,"turns":2},{"damage":7,"enemies":"Shelled Parasite and Fungi","floor":31,"turns":3},{"damage":68,"enemies":"Champ","floor":33,"turns":8},{"damage":24,"enemies":"3 Darklings","floor":35,"turns":4},{"damage":0,"enemies":"Orb Walker","floor":48,"turns":2},{"damage":57,"enemies":"Time Eater","floor":50,"turns":8}],"seed_played":"4124427309917851769","potions_obtained":[{"floor":1,"key":"SteroidPotion"},{"floor":5,"key":"Strength Potion"},{"floor":21,"key":"Weak Potion"},{"floor":31,"key":"FearPotion"},{"floor":35,"key":"SpeedPotion"}],"is_trial":false,"path_per_floor":["M","M","?","?","M","R","M","$","T","E","R","?","?","$","R","B",null,"M","?","?","M","?","R","R","R","T","R","$","R","?","M","R","B",null,"M","$","?","$","?","R","T","R","T","?","?","?","R","M","R","B",null],"character_chosen":"DEFECT","items_purchased":["Bird Faced Urn","Fire Potion","Gash","Beam Cell","Regal Pillow","Unceasing Top","Ball Lightning","Toy Ornithopter","Omamori","Gash"],"campfire_rested":2,"item_purchase_floors":[8,8,8,8,14,28,28,36,36,36],"current_hp_per_floor":[74,74,63,56,55,55,40,40,40,26,33,17,17,17,56,56,82,74,58,58,40,40,40,40,40,40,40,40,40,40,33,74,6,87,63,63,87,87,87,87,87,87,87,87,87,87,87,87,87,30],"gold":380,"neow_bonus":"","is_prod":false,"is_daily":true,"chose_seed":false,"campfire_upgraded":0,"win_rate":0.0,"timestamp":1564016249,"path_taken":["M","M","?","?","?","R","M","$","T","E","R","?","?","$","R","BOSS","M","?","?","?","?","R","R","R","T","R","$","R","?","?","R","BOSS","M","$","?","?","?","R","?","R","T","?","?","?","R","?","R","BOSS"],"build_version":"2019-07-17","purchased_purges":0,"victory":true,"max_hp_per_floor":[75,75,75,75,75,75,75,75,75,75,82,82,82,82,82,82,82,82,87,87,87,87,87,87,87,87,87,87,87,87,87,87,87,87,87,87,87,87,87,87,87,87,87,87,87,87,87,87,87,87],"card_choices":[{"not_picked":["Self Repair","Reinforced Body"],"picked":"Beam Cell","floor":1},{"not_picked":["Ball Lightning","Rebound"],"picked":"Gash","floor":2},{"not_picked":["Stack","Hologram"],"picked":"Leap","floor":5},{"not_picked":["Coolheaded","Static Discharge"],"picked":"Ball Lightning","floor":7},{"not_picked":["Steam","Genetic Algorithm"],"picked":"Redo","floor":10},{"not_picked":["Thunder Strike","Echo Form"],"picked":"Electrodynamics","floor":16},{"not_picked":["Steam","Turbo"],"picked":"Ball Lightning","floor":18},{"not_picked":["Barrage","Go for the Eyes"],"picked":"Compile Driver+1","floor":21},{"not_picked":["Fusion","Steam"],"picked":"Tempest+1","floor":31},{"not_picked":["Meteor Strike","Biased Cognition"],"picked":"Rainbow","floor":33},{"not_picked":["Conserve Battery","Ball Lightning"],"picked":"Cold Snap","floor":35},{"not_picked":["Purity","Flash of Steel"],"picked":"Trip","floor":44},{"not_picked":["Darkness","Tempest"],"picked":"Barrage","floor":48}],"player_experience":142627,"relics_obtained":[{"floor":6,"key":"Bottled Flame"},{"floor":9,"key":"Oddly Smooth Stone"},{"floor":10,"key":"Boot"},{"floor":11,"key":"Strawberry"},{"floor":23,"key":"Centennial Puzzle"},{"floor":24,"key":"Thread and Needle"},{"floor":25,"key":"Torii"},{"floor":26,"key":"Mercury Hourglass"},{"floor":27,"key":"Pen Nib"},{"floor":29,"key":"Bronze Scales"},{"floor":40,"key":"Old Coin"},{"floor":41,"key":"Bag of Preparation"},{"floor":42,"key":"Bag of Marbles"},{"floor":43,"key":"Happy Flower"},{"floor":47,"key":"Meat on the Bone"},{"floor":49,"key":"Ice Cream"}],"event_choices":[{"damage_healed":0,"gold_gain":75,"player_choice":"Gather Gold","damage_taken":11,"max_hp_gain":0,"max_hp_loss":0,"event_name":"World of Goop","floor":3,"gold_loss":0},{"damage_healed":0,"gold_gain":75,"player_choice":"Touch","damage_taken":7,"max_hp_gain":0,"max_hp_loss":0,"event_name":"FaceTrader","floor":4,"gold_loss":0},{"damage_healed":0,"gold_gain":0,"player_choice":"Entered Light","damage_taken":16,"max_hp_gain":0,"max_hp_loss":0,"event_name":"Shining Light","floor":12,"gold_loss":0,"cards_upgraded":["Gash","Ball Lightning"]},{"damage_healed":0,"gold_gain":64,"player_choice":"Gained Gold","damage_taken":0,"max_hp_gain":0,"max_hp_loss":0,"event_name":"Golden Wing","floor":13,"gold_loss":0},{"damage_healed":0,"gold_gain":0,"player_choice":"Shed Blood","damage_taken":21,"max_hp_gain":5,"max_hp_loss":0,"event_name":"Forgotten Altar","floor":19,"gold_loss":0},{"damage_healed":0,"gold_gain":0,"player_choice":"2 cards matched","damage_taken":0,"max_hp_gain":0,"max_hp_loss":0,"event_name":"Match and Keep!","floor":20,"gold_loss":0,"cards_obtained":["Conserve Battery","Genetic Algorithm"]},{"cards_removed":["Defend_B"],"damage_healed":0,"gold_gain":0,"player_choice":"Gave Gold","damage_taken":0,"max_hp_gain":0,"max_hp_loss":0,"event_name":"Beggar","floor":22,"gold_loss":75},{"cards_removed":["Strike_B"],"damage_healed":0,"gold_gain":0,"player_choice":"Purged","damage_taken":0,"max_hp_gain":0,"max_hp_loss":0,"event_name":"Purifier","floor":30,"gold_loss":0},{"cards_removed":["Genetic Algorithm"],"damage_healed":24,"gold_gain":0,"player_choice":"Offered Uncommon","damage_taken":0,"max_hp_gain":0,"max_hp_loss":0,"event_name":"Bonfire Elementals","floor":37,"gold_loss":0},{"cards_removed":["Conserve Battery"],"damage_healed":0,"gold_gain":0,"player_choice":"Removed Skill","damage_taken":0,"max_hp_gain":0,"max_hp_loss":0,"event_name":"Falling","floor":39,"gold_loss":0},{"damage_healed":0,"gold_gain":0,"player_choice":"Memory 1","damage_taken":0,"max_hp_gain":0,"max_hp_loss":0,"event_name":"SensoryStone","floor":44,"gold_loss":0},{"damage_healed":0,"gold_gain":0,"player_choice":"Upgrade","damage_taken":0,"relics_obtained":["Mark of the Bloom"],"max_hp_gain":0,"max_hp_loss":0,"event_name":"MindBloom","floor":45,"gold_loss":0,"cards_upgraded":["Strike_B","Strike_B","Strike_B","Defend_B","Defend_B","Defend_B","Zap","Dualcast","Beam Cell","Leap","Gash","Beam Cell","Redo","Electrodynamics","Ball Lightning","Ball Lightning","Rainbow","Cold Snap","Gash","Trip"]},{"damage_healed":0,"gold_gain":0,"player_choice":"Ignored","damage_taken":0,"max_hp_gain":0,"max_hp_loss":0,"event_name":"Mysterious Sphere","floor":46,"gold_loss":0}],"is_beta":false,"boss_relics":[{"not_picked":["Calling Bell","FrozenCore"],"picked":"Fusion Hammer"},{"not_picked":["Runic Dome","Black Star"],"picked":"Runic Pyramid"}],"items_purged_floors":[],"is_endless":false,"potions_floor_spawned":[1,5,21,31,35],"ascension_level":0}