{"gold_per_floor":[112,132,150,27,37,72,48,48,72,90,102,132,132,165,165,260,260,271,285,285,3,19,54,54,85,134,160,180,180,195,229,229,324,324,336,353,353,4,4,31,31,47,103,103,123,155,175,206,206,206],"floor_reached":51,"playtime":4750,"items_purged":["Writhe"],"score":1416,"play_id":"5ccbb8b2-fd5b-4de0-8cd5-a6d6add58210","local_time":"20180726121636","is_ascension_mode":true,"campfire_choices":[{"data":"Cloak And Dagger","floor":8,"key":"SMITH"},{"data":"Tools of the Trade","floor":13,"key":"SMITH"},{"data":"Cloak And Dagger","floor":15,"key":"SMITH"},{"data":"Storm of Steel","floor":24,"key":"SMITH"},{"data":"Accuracy","floor":32,"key":"SMITH"},{"data":"Neutralize","floor":41,"key":"SMITH"},{"data":"Noxious Fumes","floor":44,"key":"SMITH"},{"data":"Calculated Gamble","floor":49,"key":"SMITH"}],"neow_cost":"CURSE","seed_source_timestamp":419251988261051,"circlet_count":0,"master_deck":["Defend_G","Defend_G+1","Defend_G","Defend_G","Defend_G","Strike_G+1","Strike_G","Survivor","Neutralize+1","After Image","Dagger Throw+1","Tactician+1","Slice","Cloak And Dagger+1","Cloak And Dagger+1","Tools of the Trade+1","Acrobatics","Backflip","Noxious Fumes+1","Underhanded Strike","Accuracy+1","Storm of Steel+1","Backstab+1","Distraction+1","Backflip+1","Heel Hook+1","Prepared+1","Infinite Blades","Backflip+1","PiercingWail","Concentrate+1","Well Laid Plans+1","Underhanded Strike+1","After Image","Calculated Gamble+1","Dramatic Entrance","Panache","Reflex+1","Terror+1","Accuracy+1","Calculated Gamble"],"relics":["Ring of the Snake","War Paint","Omamori","Whetstone","Dead Branch","Astrolabe","Ornamental Fan","Kunai","Singing Bowl","Centennial Puzzle","Bottled Lightning","Necronomicon","Mango","Coffee Dripper","Bottled Tornado","Mercury Hourglass","Tiny Chest","Bag of Preparation","Dream Catcher"],"potions_floor_usage":[6,6,16,16,23,33,33,33,36,48,50,50],"damage_taken":[{"damage":1,"enemies":"Cultist","floor":1,"turns":6},{"damage":1,"enemies":"2 Louse","floor":2,"turns":4},{"damage":0,"enemies":"Jaw Worm","floor":3,"turns":4},{"damage":14,"enemies":"Gremlin Gang","floor":5,"turns":7},{"damage":22,"enemies":"Gremlin Nob","floor":6,"turns":5},{"damage":0,"enemies":"Looter","floor":10,"turns":4},{"damage":5,"enemies":"3 Louse","floor":11,"turns":4},{"damage":4,"enemies":"Lagavulin","floor":12,"turns":8},{"damage":1,"enemies":"3 Sentries","floor":14,"turns":9},{"damage":0,"enemies":"Slime Boss","floor":16,"turns":6},{"damage":0,"enemies":"Spheric Guardian","floor":18,"turns":2},{"damage":5,"enemies":"2 Thieves","floor":19,"turns":2},{"damage":8,"enemies":"Cultist and Chosen","floor":22,"turns":5},{"damage":0,"enemies":"Gremlin Leader","floor":23,"turns":6},{"damage":0,"enemies":"Book of Stabbing","floor":25,"turns":5},{"damage":7,"enemies":"Slavers","floor":27,"turns":5},{"damage":6,"enemies":"Snake Plant","floor":28,"turns":5},{"damage":0,"enemies":"Slaver and Parasite","floor":30,"turns":1},{"damage":9,"enemies":"Gremlin Leader","floor":31,"turns":5},{"damage":0,"enemies":"Champ","floor":33,"turns":5},{"damage":0,"enemies":"Orb Walker","floor":35,"turns":2},{"damage":15,"enemies":"3 Darklings","floor":36,"turns":5},{"damage":0,"enemies":"Giant Head","floor":40,"turns":6},{"damage":0,"enemies":"Maw","floor":42,"turns":6},{"damage":0,"enemies":"Transient","floor":45,"turns":5},{"damage":0,"enemies":"Nemesis","floor":46,"turns":5},{"damage":17,"enemies":"4 Shapes","floor":47,"turns":2},{"damage":1,"enemies":"2 Orb Walkers","floor":48,"turns":2},{"damage":20,"enemies":"Donu and Deca","floor":50,"turns":5}],"seed_played":"1461162743423528725","potions_obtained":[{"floor":1,"key":"PowerPotion"},{"floor":2,"key":"GhostInAJar"},{"floor":5,"key":"SteroidPotion"},{"floor":11,"key":"AttackPotion"},{"floor":18,"key":"SteroidPotion"},{"floor":25,"key":"Block Potion"},{"floor":35,"key":"Weak Potion"},{"floor":40,"key":"Explosive Potion"},{"floor":46,"key":"Block Potion"}],"is_trial":false,"path_per_floor":["M","M","M","$","M","E","$","R","T","M","M","E","R","E","R","B",null,"M","M","?","$","M","E","R","E","T","E","M","?","M","E","R","B",null,"M","M","?","$","?","E","R","M","T","R","M","E","M","E","R","B"],"character_chosen":"THE_SILENT","items_purchased":["Cloak And Dagger","Acrobatics","Ornamental Fan","Infinite Blades","Bottled Tornado","Dramatic Entrance"],"campfire_rested":0,"item_purchase_floors":[4,7,21,21,38,38],"current_hp_per_floor":[62,61,61,61,47,25,25,25,25,25,20,16,16,15,15,15,56,56,51,51,51,43,43,43,43,43,36,30,14,16,23,23,23,72,74,61,61,61,61,61,61,63,63,63,65,65,48,47,47,27],"gold":206,"neow_bonus":"THREE_RARE_CARDS","is_prod":false,"is_daily":false,"chose_seed":false,"campfire_upgraded":8,"win_rate":0,"timestamp":1532621796,"path_taken":["M","M","M","$","?","E","$","R","T","M","M","E","R","E","R","BOSS","M","M","?","$","M","E","R","E","T","E","M","?","M","E","R","BOSS","M","M","?","?","?","E","R","?","T","R","M","E","M","E","R","BOSS"],"build_version":"2018-07-19v2","purchased_purges":1,"victory":true,"max_hp_per_floor":[70,70,70,70,70,70,70,70,70,70,70,70,70,70,70,70,70,70,70,70,70,70,70,70,70,70,70,70,70,72,88,88,88,88,90,92,92,92,92,92,92,94,94,94,96,96,96,96,96,96],"card_choices":[{"not_picked":["Envenom","Unload"],"picked":"After Image","floor":0},{"not_picked":["Calculated Gamble","Masterful Stab"],"picked":"Dagger Throw","floor":1},{"not_picked":["Acrobatics","Sucker Punch"],"picked":"Tactician","floor":2},{"not_picked":["Prepared","Acrobatics"],"picked":"Slice","floor":3},{"not_picked":["Endless Agony","Acrobatics"],"picked":"Cloak And Dagger","floor":5},{"not_picked":["Heel Hook","Deflect"],"picked":"Tools of the Trade","floor":6},{"not_picked":["Deadly Poison","Poisoned Stab"],"picked":"Backflip","floor":10},{"not_picked":["Dagger Throw","Caltrops"],"picked":"Noxious Fumes","floor":11},{"not_picked":["Eviscerate","Bane"],"picked":"Underhanded Strike","floor":12},{"not_picked":["Wraith Form v2","Dagger Spray"],"picked":"Accuracy","floor":14},{"not_picked":["Bullet Time","A Thousand Cuts"],"picked":"Storm of Steel","floor":16},{"not_picked":["Poisoned Stab+1","Deadly Poison"],"picked":"Heel Hook+1","floor":18},{"not_picked":["Bouncing Flask+1","Slice"],"picked":"Prepared+1","floor":19},{"not_picked":["Underhanded Strike","PiercingWail"],"picked":"Backflip+1","floor":22},{"not_picked":["Eviscerate","Night Terror"],"picked":"PiercingWail","floor":23},{"not_picked":["Deflect","Skewer"],"picked":"Concentrate+1","floor":25},{"not_picked":["Outmaneuver+1","Choke"],"picked":"Well Laid Plans+1","floor":27},{"not_picked":["PiercingWail","Poisoned Stab+1"],"picked":"Underhanded Strike+1","floor":28},{"not_picked":["Prepared","Flying Knee","Terror"],"picked":"Singing Bowl","floor":30},{"not_picked":["Backflip","Cloak And Dagger","Skewer"],"picked":"Singing Bowl","floor":31},{"not_picked":["Wraith Form v2","Bullet Time"],"picked":"After Image","floor":33},{"not_picked":["Deflect+1","Prepared","Quick Slash"],"picked":"Singing Bowl","floor":35},{"not_picked":["Acrobatics","Bane+1","Slice"],"picked":"Singing Bowl","floor":36},{"not_picked":["Jack Of All Trades","Dramatic Entrance"],"picked":"Panache","floor":39},{"not_picked":["Bane+1","Sucker Punch"],"picked":"Reflex+1","floor":40},{"not_picked":["Predator","Prepared+1","Escape Plan+1"],"picked":"Singing Bowl","floor":42},{"not_picked":["Outmaneuver+1","Deflect+1","Dodge and Roll+1"],"picked":"Singing Bowl","floor":45},{"not_picked":["Quick Slash","Sucker Punch"],"picked":"Terror+1","floor":46},{"not_picked":["Corpse Explosion","Prepared"],"picked":"Accuracy+1","floor":47},{"not_picked":["Venomology","Flying Knee+1"],"picked":"Calculated Gamble","floor":48}],"player_experience":336701,"relics_obtained":[{"floor":6,"key":"War Paint"},{"floor":9,"key":"Omamori"},{"floor":12,"key":"Whetstone"},{"floor":14,"key":"Dead Branch"},{"floor":23,"key":"Kunai"},{"floor":25,"key":"Singing Bowl"},{"floor":26,"key":"Centennial Puzzle"},{"floor":27,"key":"Bottled Lightning"},{"floor":29,"key":"Necronomicon"},{"floor":31,"key":"Mango"},{"floor":40,"key":"Mercury Hourglass"},{"floor":43,"key":"Tiny Chest"},{"floor":46,"key":"Bag of Preparation"},{"floor":48,"key":"Dream Catcher"}],"event_choices":[{"event_name":"Ghosts","player_choice":"Ignored","floor":20,"damage_taken":0},{"event_name":"Cursed Tome","player_choice":"Obtained Book","floor":29,"damage_taken":0},{"event_name":"Match and Keep!","player_choice":"1 cards matched","floor":37,"damage_taken":0},{"event_name":"SensoryStone","player_choice":"Memory 1","floor":39,"damage_taken":0}],"is_beta":false,"boss_relics":[{"not_picked":["Philosopher\u0027s Stone","Ring of the Serpent"],"picked":"Astrolabe"},{"not_picked":["Velvet Choker","Snecko Eye"],"picked":"Coffee Dripper"}],"items_purged_floors":[4],"is_endless":false,"potions_floor_spawned":[1,2,5,11,18,25,28,30,35,40,46],"ascension_level":7}