{"gold_per_floor":[112,112,127,140,153,153,181,197,248,20,20,195,195,210,210,314,314,331,341,4,23,23,23,37,37,64,77,77],"floor_reached":28,"playtime":1637,"items_purged":["Regret","Doubt"],"score":269,"play_id":"826675f9-dbf0-49d1-a6f4-1cb42848ec1f","local_time":"20181220182610","is_ascension_mode":true,"campfire_choices":[{"data":"Defragment","floor":6,"key":"SMITH"},{"floor":11,"key":"REST"},{"data":"Ball Lightning","floor":13,"key":"SMITH"},{"data":"Sweeping Beam","floor":15,"key":"SMITH"},{"floor":23,"key":"REST"},{"floor":25,"key":"REST"}],"neow_cost":"NONE","seed_source_timestamp":23555548957965,"circlet_count":0,"master_deck":["Strike_B","Strike_B","Strike_B+1","Defend_B","Defend_B","Defend_B","Defend_B","Zap","Dualcast","Capacitor","Defragment+1","Leap","Ball Lightning+1","Rebound+1","Thunder Strike","Sweeping Beam+1","Electrodynamics","Pain","Parasite","Doubt","Hologram","Double Energy+1","BootSequence","Apotheosis","Leap+1","Conserve Battery","Ball Lightning+1"],"relics":["Cracked Core","Boot","Lantern","Darkstone Periapt","Whetstone","Ancient Tea Set","Calling Bell","DataDisk","Blue Candle","Ice Cream","Art of War"],"potions_floor_usage":[4,16,28,28,28],"damage_taken":[{"damage":5,"enemies":"Small Slimes","floor":1,"turns":3},{"damage":10,"enemies":"Jaw Worm","floor":3,"turns":4},{"damage":2,"enemies":"Cultist","floor":4,"turns":3},{"damage":8,"enemies":"3 Louse","floor":5,"turns":3},{"damage":11,"enemies":"3 Sentries","floor":7,"turns":6},{"damage":9,"enemies":"Looter","floor":8,"turns":3},{"damage":2,"enemies":"Exordium Thugs","floor":14,"turns":4},{"damage":55,"enemies":"Hexaghost","floor":16,"turns":8},{"damage":46,"enemies":"2 Thieves","floor":18,"turns":4},{"damage":1,"enemies":"3 Byrds","floor":19,"turns":2},{"damage":21,"enemies":"Snecko","floor":21,"turns":3},{"damage":24,"enemies":"Snake Plant","floor":24,"turns":3},{"damage":18,"enemies":"3 Cultists","floor":27,"turns":4},{"damage":47,"enemies":"Book of Stabbing","floor":28,"turns":4}],"seed_played":"7155782821834194385","potions_obtained":[{"floor":1,"key":"Regen Potion"},{"floor":3,"key":"GamblersBrew"},{"floor":18,"key":"SneckoOil"},{"floor":21,"key":"SkillPotion"},{"floor":24,"key":"Poison Potion"}],"is_trial":false,"path_per_floor":["M","?","M","M","M","R","E","M","T","$","R","?","R","M","R","B",null,"M","M","$","M","?","R","M","R","T","M","E"],"character_chosen":"DEFECT","items_purchased":["Ancient Tea Set","BootSequence","Apotheosis"],"campfire_rested":3,"item_purchase_floors":[10,20,20],"current_hp_per_floor":[70,70,60,67,59,59,48,39,39,39,61,67,67,65,65,10,99,53,52,52,31,31,60,36,65,65,47,0],"gold":77,"neow_bonus":"RANDOM_COMMON_RELIC","is_prod":false,"is_daily":false,"chose_seed":false,"campfire_upgraded":3,"win_rate":0,"timestamp":1545348370,"path_taken":["M","?","M","M","M","R","E","M","T","$","R","?","R","M","R","BOSS","M","M","$","M","?","R","M","R","T","M","E"],"build_version":"2018-12-13","purchased_purges":2,"victory":false,"max_hp_per_floor":[75,75,75,75,75,75,75,75,75,75,75,81,81,81,81,81,99,99,99,99,99,99,99,99,99,99,99,99],"card_choices":[{"not_picked":["Chaos","Go for the Eyes"],"picked":"Capacitor","floor":1},{"not_picked":["Gash","Double Energy"],"picked":"Defragment","floor":3},{"not_picked":["Beam Cell","Stack"],"picked":"Leap","floor":4},{"not_picked":["Steam Power","Leap"],"picked":"Ball Lightning","floor":5},{"not_picked":["Steam","Cold Snap"],"picked":"Rebound","floor":7},{"not_picked":["Doom and Gloom","Recycle"],"picked":"Thunder Strike","floor":8},{"not_picked":["Beam Cell","Rebound"],"picked":"Sweeping Beam","floor":14},{"not_picked":["Meteor Strike","Echo Form"],"picked":"Electrodynamics","floor":16},{"not_picked":["Beam Cell","Rebound"],"picked":"Hologram","floor":18},{"not_picked":["Sweeping Beam","Beam Cell"],"picked":"Double Energy+1","floor":19},{"not_picked":["Steam Power","Double Energy"],"picked":"Leap+1","floor":21},{"not_picked":["All For One","Recycle"],"picked":"Conserve Battery","floor":24},{"not_picked":["Go for the Eyes","Coolheaded"],"picked":"Ball Lightning+1","floor":27}],"player_experience":469560,"relics_obtained":[{"floor":7,"key":"Darkstone Periapt"},{"floor":9,"key":"Whetstone"},{"floor":17,"key":"DataDisk"},{"floor":17,"key":"Blue Candle"},{"floor":17,"key":"Ice Cream"},{"floor":26,"key":"Art of War"}],"event_choices":[{"damage_healed":0,"gold_gain":0,"player_choice":"Box","damage_taken":0,"relics_obtained":["Lantern"],"max_hp_gain":0,"max_hp_loss":0,"event_name":"Big Fish","floor":2,"gold_loss":0,"cards_obtained":["Regret"]},{"damage_healed":0,"gold_gain":175,"player_choice":"AGREE","damage_taken":0,"max_hp_gain":0,"max_hp_loss":0,"event_name":"Liars Game","floor":12,"gold_loss":0,"cards_obtained":["Doubt"]},{"cards_removed":["Strike_B"],"damage_healed":0,"gold_gain":0,"player_choice":"Offered Basic","damage_taken":0,"max_hp_gain":0,"max_hp_loss":0,"event_name":"Bonfire Elementals","floor":22,"gold_loss":0}],"is_beta":false,"boss_relics":[{"not_picked":["Fusion Hammer","Philosopher\u0027s Stone"],"picked":"Calling Bell"}],"items_purged_floors":[10,20],"is_endless":false,"potions_floor_spawned":[1,3,18,21,24],"killed_by":"Book of Stabbing","ascension_level":2}