{"gold_per_floor":[115,133,133,133,133,133,15,54,131,154,154,154,168,208,208,301,301,315,230,86,100,139,178,178,199,199,124,124,142,158,158,158,247,247,261,261,594,594,612,612,637,637,637,637,656,656,476,492,492,492,492,492,492,19,51,51],"floor_reached":57,"playtime":1899,"items_purged":["Strike_G","Defend_G","Defend_G"],"score":3212,"play_id":"9885f935-fdc9-4e49-ade6-dc01ad1e16af","local_time":"20190528142857","is_ascension_mode":true,"campfire_choices":[{"data":"Bouncing Flask","floor":6.0,"key":"SMITH"},{"data":"Neutralize","floor":11.0,"key":"SMITH"},{"data":"Caltrops","floor":15.0,"key":"SMITH"},{"data":"Tactician","floor":24.0,"key":"SMITH"},{"floor":28.0,"key":"REST"},{"data":"Acrobatics","floor":32.0,"key":"SMITH"},{"data":"Backflip","floor":40.0,"key":"SMITH"},{"data":"Grand Finale","floor":42.0,"key":"SMITH"},{"floor":49.0,"key":"RECALL"},{"data":"Defend_G","floor":53.0,"key":"PURGE"}],"neow_cost":"NONE","seed_source_timestamp":243124268996471,"circlet_count":0,"master_deck":["AscendersBane","Defend_G","Defend_G","Survivor","Neutralize+1","Bouncing Flask+1","Caltrops+1","Tactician+1","Acrobatics+1","Adrenaline","Noxious Fumes","Backflip+1","Ghostly+1","Ghostly","Ghostly","Grand Finale+1","Purity+1","After Image","Calculated Gamble+1"],"special_seed":0,"relics":["Ring of the Snake","NeowsBlessing","Whetstone","Letter Opener","Pear","Empty Cage","Snake Skull","Red Mask","Blue Candle","Runic Pyramid","Toxic Egg 2","Juzu Bracelet","Peace Pipe","Bottled Tornado","Ginger"],"potions_floor_usage":[56,56],"damage_taken":[{"damage":0.0,"enemies":"Cultist","floor":1.0,"turns":1.0},{"damage":0.0,"enemies":"2 Louse","floor":2.0,"turns":1.0},{"damage":0.0,"enemies":"3 Sentries","floor":8.0,"turns":1.0},{"damage":5.0,"enemies":"Small Slimes","floor":10.0,"turns":3.0},{"damage":14.0,"enemies":"Exordium Thugs","floor":13.0,"turns":4.0},{"damage":15.0,"enemies":"Lagavulin","floor":14.0,"turns":5.0},{"damage":4.0,"enemies":"Hexaghost","floor":16.0,"turns":8.0},{"damage":0.0,"enemies":"3 Byrds","floor":18.0,"turns":2.0},{"damage":2.0,"enemies":"Chosen","floor":21.0,"turns":5.0},{"damage":18.0,"enemies":"Masked Bandits","floor":22.0,"turns":3.0},{"damage":37.0,"enemies":"Slavers","floor":23.0,"turns":4.0},{"damage":5.0,"enemies":"Shelled Parasite and Fungi","floor":25.0,"turns":5.0},{"damage":4.0,"enemies":"Snecko","floor":29.0,"turns":4.0},{"damage":5.0,"enemies":"3 Cultists","floor":30.0,"turns":4.0},{"damage":0.0,"enemies":"Champ","floor":33.0,"turns":6.0},{"damage":0.0,"enemies":"3 Shapes","floor":35.0,"turns":2.0},{"damage":1.0,"enemies":"Orb Walker","floor":39.0,"turns":3.0},{"damage":0.0,"enemies":"Giant Head","floor":41.0,"turns":3.0},{"damage":0.0,"enemies":"Jaw Worm Horde","floor":45.0,"turns":4.0},{"damage":0.0,"enemies":"Sphere and 2 Shapes","floor":48.0,"turns":3.0},{"damage":1.0,"enemies":"Time Eater","floor":50.0,"turns":6.0},{"damage":0.0,"enemies":"Donu and Deca","floor":51.0,"turns":4.0},{"damage":2.0,"enemies":"Shield and Spear","floor":55.0,"turns":3.0},{"damage":0,"enemies":"The Heart","floor":56,"turns":6}],"seed_played":"1611599337913573849","potions_obtained":[{"floor":1.0,"key":"Explosive Potion"},{"floor":5.0,"key":"Block Potion"},{"floor":5.0,"key":"GamblersBrew"},{"floor":16.0,"key":"SteroidPotion"},{"floor":21.0,"key":"AttackPotion"},{"floor":23.0,"key":"GhostInAJar"},{"floor":30.0,"key":"SteroidPotion"},{"floor":33.0,"key":"SteroidPotion"},{"floor":39.0,"key":"Block Potion"}],"is_trial":false,"path_per_floor":["M","M","?","?","?","R","$","E","T","M","R","?","M","E","R","B",null,"M","?","$","M","?","E","R","M","T","?","R","M","M","?","R","B",null,"M","?","?","?","M","R","E","R","T","T","M","?","$","M","R","B","B",null,"R","$","E","B",null],"character_chosen":"THE_SILENT","items_purchased":["Caltrops","Noxious Fumes","Swift Potion","Bottled Tornado","Fruit Juice","Ancient Potion"],"campfire_rested":1,"item_purchase_floors":[7,20,47,54,54,54],"current_hp_per_floor":[59,59,59,64,64,64,64,64,64,59,59,52,38,33,33,29,64,64,64,64,62,44,7,7,2,2,2,24,20,15,15,15,15,32,32,32,32,32,31,31,31,31,31,31,31,31,31,31,31,30,30,35,35,40,38,38],"gold":51,"neow_bonus":"THREE_ENEMY_KILL","is_prod":false,"is_daily":false,"chose_seed":false,"campfire_upgraded":7,"win_rate":0,"timestamp":1559024937,"path_taken":["M","M","?","?","?","R","$","E","T","?","R","?","M","E","R","BOSS","M","?","$","M","?","E","R","M","T","?","R","M","M","?","R","BOSS","M","?","?","?","?","R","E","R","T","?","M","?","$","M","R","BOSS","BOSS","R","$","E","BOSS"],"build_version":"2019-01-23","purchased_purges":3,"victory":true,"max_hp_per_floor":[66,66,60,65,65,65,65,65,65,65,65,65,65,75,75,75,75,75,75,75,75,75,75,75,75,75,75,75,75,75,37,37,37,37,37,37,37,37,37,37,37,37,37,37,37,37,37,37,37,37,37,37,37,42,42,42],"card_choices":[{"not_picked":["Setup","Deflect","Masterful Stab"],"picked":"SKIP","floor":1.0},{"not_picked":["Backflip","Bane"],"picked":"Bouncing Flask","floor":2.0},{"not_picked":["Leg Sweep","Wraith Form v2","Acrobatics"],"picked":"SKIP","floor":8.0},{"not_picked":["Setup","Blur","Flying Knee"],"picked":"SKIP","floor":10.0},{"not_picked":["Quick Slash","Terror"],"picked":"Tactician","floor":13.0},{"not_picked":["Underhanded Strike","PiercingWail"],"picked":"Acrobatics","floor":14.0},{"not_picked":["Doppelganger","Bullet Time"],"picked":"Adrenaline","floor":16.0},{"not_picked":["Dagger Spray","Cloak And Dagger","Accuracy"],"picked":"SKIP","floor":18.0},{"not_picked":["Dash","Endless Agony"],"picked":"Backflip","floor":21.0},{"not_picked":["Eviscerate","Quick Slash","Bouncing Flask"],"picked":"SKIP","floor":23.0},{"not_picked":["Sucker Punch","Prepared","Deadly Poison"],"picked":"SKIP","floor":25.0},{"not_picked":["PiercingWail","Poisoned Stab","Deadly Poison"],"picked":"SKIP","floor":29.0},{"not_picked":["Backflip+1","Sucker Punch","Die Die Die"],"picked":"SKIP","floor":30.0},{"not_picked":["Venomology","Glass Knife"],"picked":"Grand Finale","floor":33.0},{"not_picked":["Prepared","PiercingWail","Leg Sweep"],"picked":"SKIP","floor":35.0},{"not_picked":["Swift Strike","Sadistic Nature"],"picked":"Purity","floor":36.0},{"not_picked":["Dodge and Roll","Deadly Poison+1","Sucker Punch"],"picked":"SKIP","floor":39.0},{"not_picked":["Dagger Throw","Infinite Blades"],"picked":"After Image","floor":41.0},{"not_picked":["Accuracy","Deflect+1","Bane"],"picked":"SKIP","floor":45.0},{"not_picked":["Crippling Poison+1","Setup+1"],"picked":"Calculated Gamble+1","floor":48.0},{"not_picked":["Cloak And Dagger+1","Storm of Steel+1","Dodge and Roll+1"],"picked":"SKIP","floor":55.0}],"player_experience":1784279,"relics_obtained":[{"floor":8.0,"key":"Whetstone"},{"floor":9.0,"key":"Letter Opener"},{"floor":14.0,"key":"Pear"},{"floor":22.0,"key":"Red Mask"},{"floor":23.0,"key":"Blue Candle"},{"floor":41.0,"key":"Toxic Egg 2"},{"floor":43.0,"key":"Juzu Bracelet"},{"floor":44.0,"key":"Peace Pipe"},{"floor":55.0,"key":"Ginger"}],"event_choices":[{"damage_healed":0.0,"max_hp_gain":0.0,"max_hp_loss":6.0,"gold_gain":0.0,"event_name":"Golden Idol","player_choice":"Lose Max HP","floor":3.0,"gold_loss":0.0,"damage_taken":0.0,"relics_obtained":["Golden Idol"]},{"damage_healed":0.0,"max_hp_gain":5.0,"max_hp_loss":0.0,"gold_gain":0.0,"event_name":"Big Fish","player_choice":"Donut","floor":4.0,"gold_loss":0.0,"damage_taken":0.0},{"damage_healed":0.0,"max_hp_gain":0.0,"max_hp_loss":0.0,"gold_gain":0.0,"event_name":"Lab","player_choice":"Got Potions","floor":5.0,"gold_loss":0.0,"damage_taken":0.0},{"cards_removed":["Strike_G"],"damage_healed":0.0,"max_hp_gain":0.0,"max_hp_loss":0.0,"gold_gain":0.0,"event_name":"Golden Wing","player_choice":"Card Removal","floor":12.0,"gold_loss":0.0,"damage_taken":7.0},{"damage_healed":0.0,"max_hp_gain":0.0,"max_hp_loss":0.0,"gold_gain":0.0,"event_name":"Addict","player_choice":"Obtained Relic","floor":19.0,"gold_loss":85.0,"damage_taken":0.0,"relics_obtained":["Snake Skull"]},{"damage_healed":0.0,"max_hp_gain":0.0,"max_hp_loss":0.0,"gold_gain":0.0,"event_name":"Masked Bandits","player_choice":"Fought Bandits","floor":22.0,"gold_loss":0.0,"damage_taken":0.0},{"cards_removed":["Strike_G"],"damage_healed":0.0,"max_hp_gain":0.0,"max_hp_loss":0.0,"gold_gain":0.0,"event_name":"Beggar","player_choice":"Gave Gold","floor":27.0,"gold_loss":75.0,"damage_taken":0.0},{"damage_healed":0.0,"max_hp_gain":0.0,"max_hp_loss":38.0,"gold_gain":0.0,"event_name":"Ghosts","player_choice":"Became a Ghost","floor":31.0,"gold_loss":0.0,"damage_taken":0.0,"cards_obtained":["Ghostly","Ghostly","Ghostly"]},{"damage_healed":0.0,"max_hp_gain":0.0,"max_hp_loss":0.0,"gold_gain":0.0,"event_name":"SensoryStone","player_choice":"Memory 1","floor":36.0,"gold_loss":0.0,"damage_taken":0.0},{"damage_healed":0.0,"max_hp_gain":0.0,"max_hp_loss":0.0,"gold_gain":333.0,"event_name":"The Moai Head","player_choice":"Gave Idol","floor":37.0,"relics_lost":["Golden Idol"],"gold_loss":0.0,"damage_taken":0.0},{"damage_healed":0.0,"max_hp_gain":0.0,"max_hp_loss":0.0,"gold_gain":0.0,"event_name":"Accursed Blacksmith","player_choice":"Forge","floor":38.0,"gold_loss":0.0,"damage_taken":0.0,"cards_upgraded":["Purity"]},{"damage_healed":0.0,"max_hp_gain":0.0,"max_hp_loss":0.0,"gold_gain":0.0,"event_name":"Upgrade Shrine","player_choice":"Upgraded","floor":46.0,"gold_loss":0.0,"damage_taken":0.0,"cards_upgraded":["Ghostly"]}],"is_beta":false,"boss_relics":[{"not_picked":["Snecko Eye","Busted Crown"],"picked":"Empty Cage"},{"not_picked":["Fusion Hammer","Runic Dome"],"picked":"Runic Pyramid"}],"items_purged_floors":[7,20,47],"is_endless":false,"potions_floor_spawned":[1,14,16,21,23,30,33,35,39,45],"ascension_level":20}