{"gold_per_floor":[110,110,130,150,150,150,180,180,204,218,48,48,67,84,84,181,181,193,193,209,242,242],"floor_reached":22,"playtime":1160,"items_purged":[],"score":242,"play_id":"421cc264-ce41-46f0-894b-91da7d1b6ad6","local_time":"20190528004916","is_ascension_mode":true,"campfire_choices":[{"data":"Shrug It Off","floor":6,"key":"SMITH"},{"data":"Body Slam","floor":8,"key":"SMITH"},{"data":"Armaments","floor":15,"key":"SMITH"}],"neow_cost":"PERCENT_DAMAGE","seed_source_timestamp":138846757474145,"circlet_count":0,"master_deck":["Strike_R","Strike_R","Strike_R","Strike_R","Strike_R","Defend_R","Defend_R","Defend_R","Defend_R","Bash","Shrug It Off+1","Body Slam+1","Metallicize","Armaments+1","Entrench","Impervious","Body Slam","True Grit+1","Metallicize"],"relics":["Burning Blood","Turnip","Happy Flower","Centennial Puzzle","Blood Vial","Omamori","Orrery","Red Mask"],"potions_floor_usage":[10,10,16,21],"damage_taken":[{"damage":10,"enemies":"Small Slimes","floor":1,"turns":4},{"damage":1,"enemies":"Cultist","floor":3,"turns":4},{"damage":1,"enemies":"2 Louse","floor":4,"turns":3},{"damage":40,"enemies":"Gremlin Nob","floor":7,"turns":5},{"damage":2,"enemies":"Exordium Wildlife","floor":10,"turns":4},{"damage":2,"enemies":"Blue Slaver","floor":13,"turns":4},{"damage":6,"enemies":"Exordium Thugs","floor":14,"turns":4},{"damage":55,"enemies":"Hexaghost","floor":16,"turns":13},{"damage":7,"enemies":"Shell Parasite","floor":18,"turns":9},{"damage":20,"enemies":"Spheric Guardian","floor":20,"turns":8},{"damage":75,"enemies":"Masked Bandits","floor":21,"turns":9},{"damage":9,"enemies":"Cultist and Chosen","floor":22,"turns":7}],"seed_played":"4449570088160539308","potions_obtained":[{"floor":1,"key":"FairyPotion"},{"floor":4,"key":"Regen Potion"},{"floor":7,"key":"Block Potion"},{"floor":14,"key":"Fruit Juice"},{"floor":16,"key":"Ancient Potion"},{"floor":18,"key":"GamblersBrew"}],"is_trial":false,"path_per_floor":["M","?","M","M","?","R","E","R","T","M","$","?","M","M","R","B",null,"M","?","M","?","M"],"character_chosen":"IRONCLAD","items_purchased":["Blood Vial","Armaments"],"campfire_rested":0,"item_purchase_floors":[11,11],"current_hp_per_floor":[47,47,52,57,80,80,46,46,46,62,62,59,65,67,67,25,70,71,71,59,7,0],"gold":242,"neow_bonus":"ONE_RARE_RELIC","is_prod":false,"is_daily":false,"chose_seed":false,"campfire_upgraded":3,"win_rate":0,"timestamp":1559018956,"path_taken":["M","?","M","?","?","R","E","R","T","M","$","?","M","M","R","BOSS","M","?","M","?","M"],"build_version":"2019-01-23","purchased_purges":0,"victory":false,"max_hp_per_floor":[80,80,80,80,80,80,80,80,80,80,80,80,80,80,80,85,85,85,85,85,85,85],"card_choices":[{"not_picked":["Evolve","Iron Wave","Clash"],"picked":"SKIP","floor":1},{"not_picked":["Uppercut","Twin Strike"],"picked":"Shrug It Off","floor":3},{"not_picked":["Rupture","Shockwave","Headbutt"],"picked":"SKIP","floor":4},{"not_picked":["Headbutt","Cleave"],"picked":"Body Slam","floor":7},{"not_picked":["Thunderclap","Evolve"],"picked":"Metallicize","floor":10},{"not_picked":["Thunderclap","Anger","Intimidate"],"picked":"SKIP","floor":13},{"not_picked":["Warcry","Flame Barrier"],"picked":"Entrench","floor":14},{"not_picked":["Exhume","Double Tap"],"picked":"Impervious","floor":16},{"not_picked":["Pummel","Intimidate"],"picked":"Body Slam","floor":17},{"not_picked":["Whirlwind","Warcry","Pommel Strike"],"picked":"SKIP","floor":18},{"not_picked":["Heavy Blade","Wild Strike"],"picked":"True Grit+1","floor":20},{"not_picked":["Sever Soul","Bludgeon"],"picked":"Metallicize","floor":21}],"player_experience":1030939,"relics_obtained":[{"floor":7,"key":"Happy Flower"},{"floor":9,"key":"Centennial Puzzle"},{"floor":21,"key":"Red Mask"}],"event_choices":[{"damage_healed":0,"gold_gain":0,"player_choice":"Bought 0 Potions","damage_taken":0,"max_hp_gain":0,"max_hp_loss":0,"event_name":"The Woman in Blue","floor":2,"gold_loss":0},{"damage_healed":26,"gold_gain":0,"player_choice":"Banana","damage_taken":0,"max_hp_gain":0,"max_hp_loss":0,"event_name":"Big Fish","floor":5,"gold_loss":0},{"damage_healed":0,"gold_gain":0,"player_choice":"Success","damage_taken":3,"relics_obtained":["Omamori"],"max_hp_gain":0,"max_hp_loss":0,"event_name":"Scrap Ooze","floor":12,"gold_loss":0},{"damage_healed":0,"gold_gain":0,"player_choice":"Smashed Altar","damage_taken":0,"max_hp_gain":0,"max_hp_loss":0,"event_name":"Forgotten Altar","floor":19,"gold_loss":0,"cards_obtained":["Decay"]},{"damage_healed":0,"gold_gain":0,"player_choice":"Fought Bandits","damage_taken":0,"max_hp_gain":0,"max_hp_loss":0,"event_name":"Masked Bandits","floor":21,"gold_loss":0}],"is_beta":false,"boss_relics":[{"not_picked":["Busted Crown","Coffee Dripper"],"picked":"Orrery"}],"items_purged_floors":[],"is_endless":false,"potions_floor_spawned":[1,4,7,14,16,18,20],"killed_by":"Cultist and Chosen","ascension_level":6}