{"gold_per_floor":[109,109,284,49,66,94,114,140,192,192,218,231,231,49,49,152,152,92,92,92,92,92,92,92,92,92,92,92,92,92,92,92,92,92,92,0,0,0,0,0,0,0,0,0,0,0,0,0,0,0],"floor_reached":51,"playtime":2460,"items_purged":["Doubt"],"score":1069,"play_id":"2b77913c-5975-40ff-9c21-b3c45e890a1a","local_time":"20190704041410","is_ascension_mode":true,"campfire_choices":[{"floor":10.0,"key":"REST"},{"data":"Barricade","floor":13.0,"key":"SMITH"},{"floor":15.0,"key":"REST"},{"data":"Body Slam","floor":25.0,"key":"SMITH"},{"data":"Rage","floor":27.0,"key":"SMITH"},{"floor":30.0,"key":"REST"},{"data":"Shrug It Off","floor":32.0,"key":"SMITH"},{"floor":40,"key":"RECALL"},{"floor":47,"key":"REST"},{"floor":49,"key":"REST"}],"neow_cost":"NONE","seed_source_timestamp":0,"circlet_count":0,"master_deck":["Strike_R+1","Strike_R","Strike_R+1","Strike_R","Strike_R","Defend_R","Defend_R+1","Bash","Fire Breathing","Barricade+1","Rage+1","Shrug It Off+1","Body Slam+1","Ghostly Armor+1","Exhume","RitualDagger","Shrug It Off","Fire Breathing","Iron Wave+1","Seeing Red","Dropkick+1","Whirlwind+1","Corruption","Immolate+1","Armaments+1","Feel No Pain","Rage+1","Body Slam+1","Writhe","Double Tap","Entrench"],"special_seed":0,"relics":["Burning Blood","Whetstone","Mummified Hand","Vajra","Bag of Preparation","Bronze Scales","War Paint","Ectoplasm","Molten Egg 2","Boot","Regal Pillow","Fusion Hammer","Red Mask","Orichalcum","Bird Faced Urn","Blue Candle","Torii"],"potions_floor_usage":[41,41,46,50,50,50],"damage_taken":[{"damage":18.0,"enemies":"Jaw Worm","floor":1.0,"turns":4.0},{"damage":10.0,"enemies":"Small Slimes","floor":5.0,"turns":4.0},{"damage":32.0,"enemies":"Gremlin Nob","floor":6.0,"turns":4.0},{"damage":0.0,"enemies":"Cultist","floor":7.0,"turns":2.0},{"damage":53.0,"enemies":"Lagavulin","floor":8.0,"turns":8.0},{"damage":0.0,"enemies":"2 Fungi Beasts","floor":12.0,"turns":3.0},{"damage":23.0,"enemies":"Hexaghost","floor":16.0,"turns":12.0},{"damage":6.0,"enemies":"2 Thieves","floor":18.0,"turns":5.0},{"damage":8.0,"enemies":"Shell Parasite","floor":20.0,"turns":6.0},{"damage":5.0,"enemies":"Snecko","floor":22.0,"turns":5.0},{"damage":22.0,"enemies":"Slavers","floor":23.0,"turns":8.0},{"damage":2.0,"enemies":"Snake Plant","floor":24.0,"turns":2.0},{"damage":30.0,"enemies":"Book of Stabbing","floor":29.0,"turns":4.0},{"damage":4.0,"enemies":"Chosen and Byrds","floor":31.0,"turns":3.0},{"damage":46.0,"enemies":"Automaton","floor":33.0,"turns":11.0},{"damage":0.0,"enemies":"Orb Walker","floor":35.0,"turns":3.0},{"damage":0.0,"enemies":"3 Shapes","floor":38.0,"turns":5.0},{"damage":0,"enemies":"Spire Growth","floor":39,"turns":3},{"damage":55,"enemies":"Giant Head","floor":41,"turns":8},{"damage":0,"enemies":"Mind Bloom Boss Battle","floor":42,"turns":6},{"damage":35,"enemies":"Reptomancer","floor":45,"turns":5},{"damage":2,"enemies":"Jaw Worm Horde","floor":46,"turns":3},{"damage":1,"enemies":"3 Darklings","floor":48,"turns":2},{"damage":33,"enemies":"Time Eater","floor":50,"turns":11}],"seed_played":"-5024199333151482208","potions_obtained":[{"floor":1.0,"key":"Dexterity Potion"},{"floor":7.0,"key":"BloodPotion"},{"floor":12.0,"key":"Weak Potion"},{"floor":18.0,"key":"FearPotion"},{"floor":21.0,"key":"Regen Potion"},{"floor":29.0,"key":"FearPotion"},{"floor":33.0,"key":"Weak Potion"},{"floor":41,"key":"FearPotion"},{"floor":42,"key":"Dexterity Potion"},{"floor":46,"key":"SpeedPotion"},{"floor":48,"key":"Block Potion"}],"is_trial":false,"path_per_floor":["M","?","?","$","M","E","M","E","T","R","T","M","R","$","R","B",null,"M","?","M","?","M","E","M","R","T","R","?","E","R","M","R","B",null,"M","?","?","M","M","R","E","?","T","?","E","M","R","M","R","B",null],"character_chosen":"IRONCLAD","items_purchased":["Barricade","Ghostly Armor","War Paint"],"campfire_rested":5,"item_purchase_floors":[4,14,14],"current_hp_per_floor":[60,80,80,80,76,50,56,29,29,53,53,59,59,59,80,63,76,76,70,68,68,69,68,72,72,72,72,72,48,80,80,80,40,70,76,76,76,80,80,80,31,37,37,57,36,44,80,80,80,58],"gold":0,"neow_bonus":"RANDOM_COMMON_RELIC","is_prod":false,"is_daily":false,"chose_seed":false,"campfire_upgraded":4,"win_rate":0,"timestamp":1562228050,"path_taken":["M","?","?","$","M","E","M","E","T","R","?","M","R","$","R","BOSS","M","?","M","?","M","E","?","R","T","R","?","E","R","M","R","BOSS","M","?","?","M","M","R","E","?","T","?","E","M","R","M","R","BOSS"],"build_version":"2019-07-01","purchased_purges":1,"victory":true,"max_hp_per_floor":[80,80,80,80,80,80,80,80,80,80,80,80,80,80,80,80,80,80,80,80,80,80,80,80,80,80,80,80,80,80,80,80,80,80,80,80,80,80,80,80,80,80,80,80,80,80,80,80,80,80],"card_choices":[{"not_picked":["Bloodletting","Iron Wave"],"picked":"Fire Breathing","floor":1.0},{"not_picked":["Thunderclap","Shockwave","Clothesline"],"picked":"SKIP","floor":5.0},{"not_picked":["Flex","Combust"],"picked":"Rage","floor":6.0},{"not_picked":["Immolate","Battle Trance"],"picked":"Shrug It Off","floor":7.0},{"not_picked":["Headbutt","Feel No Pain"],"picked":"Body Slam","floor":8.0},{"not_picked":["Twin Strike","Shockwave","Warcry"],"picked":"SKIP","floor":12.0},{"not_picked":["Berserk","Barricade"],"picked":"Exhume","floor":16.0},{"not_picked":["Cleave","Clash","Pummel"],"picked":"SKIP","floor":18.0},{"not_picked":["Twin Strike","Perfected Strike+1"],"picked":"Shrug It Off","floor":20.0},{"not_picked":["Flex+1","Infernal Blade+1"],"picked":"Fire Breathing","floor":22.0},{"not_picked":["Sentinel","Cleave","Bloodletting"],"picked":"SKIP","floor":23.0},{"not_picked":["Havoc","Hemokinesis+1"],"picked":"Iron Wave+1","floor":24.0},{"not_picked":["Heavy Blade+1","Combust"],"picked":"Whirlwind+1","floor":29.0},{"not_picked":["Heavy Blade+1","True Grit"],"picked":"Corruption","floor":31.0},{"not_picked":["Bludgeon+1","Brutality"],"picked":"Immolate+1","floor":33.0},{"not_picked":["Havoc+1","Dropkick+1"],"picked":"Armaments+1","floor":35.0},{"not_picked":["Iron Wave+1","Whirlwind+1"],"picked":"Feel No Pain","floor":38.0},{"not_picked":["Wild Strike+1","Corruption","Bloodletting+1"],"picked":"SKIP","floor":39},{"not_picked":["Cleave+1","Dual Wield"],"picked":"Rage+1","floor":41},{"not_picked":["Dropkick+1","Carnage+1"],"picked":"Body Slam+1","floor":42},{"not_picked":["Pommel Strike+1","Rampage+1"],"picked":"Double Tap","floor":45},{"not_picked":["Rage+1","Cleave+1"],"picked":"Entrench","floor":46},{"not_picked":["Sword Boomerang+1","Evolve+1","Cleave+1"],"picked":"SKIP","floor":48}],"player_experience":1078041,"relics_obtained":[{"floor":6.0,"key":"Mummified Hand"},{"floor":8.0,"key":"Vajra"},{"floor":9.0,"key":"Bag of Preparation"},{"floor":11.0,"key":"Bronze Scales"},{"floor":23.0,"key":"Molten Egg 2"},{"floor":26.0,"key":"Boot"},{"floor":29.0,"key":"Regal Pillow"},{"floor":41,"key":"Orichalcum"},{"floor":42,"key":"Bird Faced Urn"},{"floor":43,"key":"Blue Candle"},{"floor":45,"key":"Torii"}],"event_choices":[{"damage_healed":26.0,"max_hp_gain":0.0,"max_hp_loss":0.0,"gold_gain":0.0,"event_name":"Big Fish","player_choice":"Banana","floor":2.0,"gold_loss":0.0,"damage_taken":0.0},{"damage_healed":0.0,"max_hp_gain":0.0,"max_hp_loss":0.0,"gold_gain":175.0,"event_name":"Liars Game","player_choice":"AGREE","floor":3.0,"gold_loss":0.0,"damage_taken":0.0,"cards_obtained":["Doubt"]},{"damage_healed":0.0,"max_hp_gain":0.0,"max_hp_loss":0.0,"gold_gain":0.0,"event_name":"Nest","player_choice":"Joined the Cult","floor":19.0,"gold_loss":0.0,"damage_taken":6.0,"cards_obtained":["RitualDagger"]},{"damage_healed":0.0,"max_hp_gain":0.0,"max_hp_loss":0.0,"gold_gain":0.0,"event_name":"Lab","player_choice":"Got Potions","floor":21.0,"gold_loss":0.0,"damage_taken":0.0},{"damage_healed":0.0,"max_hp_gain":0.0,"max_hp_loss":0.0,"gold_gain":0.0,"cards_transformed":["Defend_R","Defend_R"],"event_name":"Drug Dealer","player_choice":"Became Test Subject","floor":28.0,"gold_loss":0.0,"damage_taken":0.0,"cards_obtained":["Seeing Red","Dropkick"]},{"damage_healed":0.0,"max_hp_gain":0.0,"max_hp_loss":0.0,"gold_gain":0.0,"event_name":"Tomb of Lord Red Mask","player_choice":"Paid","floor":36.0,"gold_loss":92.0,"damage_taken":0.0,"relics_obtained":["Red Mask"]},{"damage_healed":0.0,"max_hp_gain":0.0,"max_hp_loss":0.0,"gold_gain":0.0,"event_name":"SensoryStone","player_choice":"Memory 1","floor":37.0,"gold_loss":0.0,"damage_taken":0.0},{"damage_healed":0,"gold_gain":0,"player_choice":"Fight","damage_taken":0,"max_hp_gain":0,"max_hp_loss":0,"event_name":"MindBloom","floor":42,"gold_loss":0},{"damage_healed":20,"gold_gain":0,"player_choice":"Writhe","damage_taken":0,"max_hp_gain":0,"max_hp_loss":0,"event_name":"Winding Halls","floor":44,"gold_loss":0,"cards_obtained":["Writhe"]}],"is_beta":false,"boss_relics":[{"not_picked":["Empty Cage","Coffee Dripper"],"picked":"Ectoplasm"},{"not_picked":["Tiny House","Sozu"],"picked":"Fusion Hammer"}],"items_purged_floors":[4],"is_endless":false,"potions_floor_spawned":[1,7,12,18,29,33,41,42,46,48],"ascension_level":9}