{"gold_per_floor":[212,26,37,37,50,84,84,84,84,99,109,109,109,132,132,260,260,283,283,382,407,427,427,447,447,447,447,462,462,486,1,1,126,126,150,150,150,50,74,74,95,95,165,165,165,185,60,393,393,393],"floor_reached":50,"playtime":2801,"items_purged":["Parasite","Bash","Injury"],"score":829,"play_id":"314b440d-b3d5-4a72-ab80-04c395ef5e54","local_time":"20190727212517","is_ascension_mode":true,"campfire_choices":[{"data":"Inflame","floor":8,"key":"SMITH"},{"data":"Flex","floor":15,"key":"SMITH"},{"data":"Demon Form","floor":23,"key":"SMITH"},{"data":"Pummel","floor":25,"key":"SMITH"},{"data":"Feed","floor":27,"key":"SMITH"},{"data":"Bite","floor":29,"key":"SMITH"},{"floor":32,"key":"REST"},{"data":"Bite","floor":40,"key":"SMITH"},{"floor":44,"key":"REST"},{"floor":49,"key":"REST"}],"neow_cost":"NONE","seed_source_timestamp":290888508470298,"circlet_count":0,"master_deck":["AscendersBane","Defend_R","Defend_R","Defend_R","Defend_R","Heavy Blade+1","Inflame+1","Flex+1","Feed+1","Pummel+1","Demon Form+1","Bite","Bite","Bite","Bite+1","Bite+1","Intimidate+1","Barricade+1","Good Instincts"],"relics":["Burning Blood","Vajra","Meat on the Bone","Letter Opener","Busted Crown","Bottled Tornado","Singing Bowl","Omamori","White Beast Statue","Blue Candle"],"potions_floor_usage":[1,21,24,30,33,33,39,41,42,46,50],"damage_taken":[{"damage":9,"enemies":"2 Louse","floor":1,"turns":3},{"damage":12,"enemies":"Jaw Worm","floor":3,"turns":2},{"damage":1,"enemies":"Cultist","floor":5,"turns":3},{"damage":30,"enemies":"3 Sentries","floor":6,"turns":8},{"damage":12,"enemies":"Looter","floor":10,"turns":3},{"damage":0,"enemies":"2 Fungi Beasts","floor":11,"turns":2},{"damage":17,"enemies":"3 Louse","floor":14,"turns":3},{"damage":0,"enemies":"Slime Boss","floor":16,"turns":5},{"damage":31,"enemies":"2 Thieves","floor":18,"turns":4},{"damage":23,"enemies":"3 Byrds","floor":21,"turns":5},{"damage":21,"enemies":"Snake Plant","floor":22,"turns":3},{"damage":36,"enemies":"Shelled Parasite and Fungi","floor":24,"turns":4},{"damage":33,"enemies":"Sentry and Sphere","floor":28,"turns":4},{"damage":29,"enemies":"Centurion and Healer","floor":30,"turns":4},{"damage":52,"enemies":"Collector","floor":33,"turns":6},{"damage":35,"enemies":"3 Shapes","floor":35,"turns":7},{"damage":41,"enemies":"3 Darklings","floor":39,"turns":4},{"damage":57,"enemies":"4 Shapes","floor":41,"turns":5},{"damage":0,"enemies":"Spire Growth","floor":42,"turns":1},{"damage":42,"enemies":"Transient","floor":46,"turns":5},{"damage":106,"enemies":"Time Eater","floor":50,"turns":6}],"seed_played":"-7224977341257710727","potions_obtained":[{"floor":1,"key":"Fruit Juice"},{"floor":6,"key":"Energy Potion"},{"floor":7,"key":"SmokeBomb"},{"floor":7,"key":"GamblersBrew"},{"floor":14,"key":"FearPotion"},{"floor":21,"key":"Block Potion"},{"floor":24,"key":"LiquidBronze"},{"floor":30,"key":"Weak Potion"},{"floor":33,"key":"AttackPotion"},{"floor":35,"key":"FearPotion"},{"floor":39,"key":"SteroidPotion"},{"floor":41,"key":"SteroidPotion"},{"floor":46,"key":"Energy Potion"}],"is_trial":false,"path_per_floor":["M","$","M","?","M","E","?","R","T","M","M","?","?","M","R","B",null,"M","?","?","M","M","R","M","R","T","R","M","R","M","$","R","B",null,"M","?","?","$","M","R","M","M","T","R","?","M","$","?","R","B"],"character_chosen":"IRONCLAD","items_purchased":["Inflame","Vajra","Singing Bowl","Omamori"],"campfire_rested":3,"item_purchase_floors":[2,2,31,31],"current_hp_per_floor":[74,74,68,68,73,49,49,49,49,58,67,89,89,81,81,87,92,70,67,67,62,51,51,43,43,43,43,40,40,40,40,61,45,65,51,71,71,71,59,59,34,52,52,77,77,61,61,61,87,0],"gold":393,"neow_bonus":"HUNDRED_GOLD","is_prod":false,"is_daily":false,"chose_seed":false,"campfire_upgraded":7,"win_rate":0,"timestamp":1564277117,"path_taken":["M","$","M","?","M","E","?","R","T","?","M","?","?","M","R","BOSS","M","?","?","M","M","R","M","R","T","R","M","R","M","$","R","BOSS","M","?","?","$","?","R","M","M","T","R","?","M","$","?","R","BOSS"],"build_version":"2019-07-17","purchased_purges":3,"victory":false,"max_hp_per_floor":[85,85,85,85,85,85,85,85,85,88,91,91,91,94,94,94,94,97,67,67,67,67,67,67,67,67,67,71,71,75,72,72,72,72,78,78,78,78,80,80,86,86,86,86,86,88,88,88,88,88],"card_choices":[{"not_picked":["Dropkick","Shrug It Off"],"picked":"Heavy Blade","floor":1},{"not_picked":["Cleave","Clothesline"],"picked":"Flex","floor":3},{"not_picked":["Havoc","True Grit","Body Slam"],"picked":"SKIP","floor":5},{"not_picked":["Carnage","Headbutt"],"picked":"Feed","floor":6},{"not_picked":["Clothesline","Hemokinesis"],"picked":"Pummel","floor":10},{"not_picked":["Carnage","Iron Wave","Body Slam"],"picked":"SKIP","floor":11},{"not_picked":["Wild Strike","Brutality","Warcry"],"picked":"SKIP","floor":14},{"not_picked":["Offering","Immolate"],"picked":"Demon Form","floor":16},{"not_picked":["Headbutt+1"],"picked":"SKIP","floor":18},{"not_picked":["Thunderclap"],"picked":"SKIP","floor":21},{"not_picked":["Wild Strike"],"picked":"SKIP","floor":22},{"not_picked":["Power Through"],"picked":"SKIP","floor":24},{"not_picked":[],"picked":"Intimidate+1","floor":28},{"not_picked":["Anger"],"picked":"SKIP","floor":30},{"not_picked":[],"picked":"Barricade","floor":33},{"not_picked":["Pommel Strike"],"picked":"Singing Bowl","floor":35},{"not_picked":["Perfected Strike+1"],"picked":"Singing Bowl","floor":39},{"not_picked":["Evolve+1"],"picked":"Singing Bowl","floor":41},{"not_picked":[],"picked":"Good Instincts","floor":45},{"not_picked":["Anger+1"],"picked":"Singing Bowl","floor":46}],"player_experience":1109391,"relics_obtained":[{"floor":6,"key":"Meat on the Bone"},{"floor":9,"key":"Letter Opener"},{"floor":26,"key":"Bottled Tornado"},{"floor":43,"key":"Blue Candle"}],"event_choices":[{"damage_healed":0,"gold_gain":0,"player_choice":"Grow","damage_taken":0,"max_hp_gain":0,"max_hp_loss":0,"event_name":"Living Wall","floor":4,"gold_loss":0,"cards_upgraded":["Heavy Blade"]},{"damage_healed":0,"gold_gain":0,"player_choice":"Got Potions","damage_taken":0,"max_hp_gain":0,"max_hp_loss":0,"event_name":"Lab","floor":7,"gold_loss":0},{"damage_healed":22,"gold_gain":0,"player_choice":"Healed and dodged fight","damage_taken":0,"max_hp_gain":0,"max_hp_loss":0,"event_name":"Mushrooms","floor":12,"gold_loss":0,"cards_obtained":["Parasite"]},{"damage_healed":0,"gold_gain":0,"player_choice":"Take Wound","damage_taken":0,"relics_obtained":["Golden Idol"],"max_hp_gain":0,"max_hp_loss":0,"event_name":"Golden Idol","floor":13,"gold_loss":0,"cards_obtained":["Injury"]},{"damage_healed":0,"gold_gain":0,"player_choice":"Became a vampire","damage_taken":0,"max_hp_gain":0,"max_hp_loss":30,"event_name":"Vampires","floor":19,"gold_loss":0,"cards_obtained":["Bite","Bite","Bite","Bite","Bite"]},{"damage_healed":0,"gold_gain":99,"player_choice":"Stole From Cult","damage_taken":0,"max_hp_gain":0,"max_hp_loss":0,"event_name":"Nest","floor":20,"gold_loss":0},{"damage_healed":20,"gold_gain":0,"player_choice":"Writhe","damage_taken":0,"max_hp_gain":0,"max_hp_loss":0,"event_name":"Winding Halls","floor":36,"gold_loss":0,"cards_obtained":["Writhe"]},{"damage_healed":0,"gold_gain":0,"player_choice":"Forge","damage_taken":0,"max_hp_gain":0,"max_hp_loss":0,"event_name":"Accursed Blacksmith","floor":37,"gold_loss":0,"cards_upgraded":["Barricade"]},{"damage_healed":0,"gold_gain":0,"player_choice":"Memory 1","damage_taken":0,"max_hp_gain":0,"max_hp_loss":0,"event_name":"SensoryStone","floor":45,"gold_loss":0},{"damage_healed":0,"gold_gain":333,"player_choice":"Gave Idol","damage_taken":0,"max_hp_gain":0,"max_hp_loss":0,"event_name":"The Moai Head","floor":48,"relics_lost":["Golden Idol"],"gold_loss":0}],"is_beta":false,"boss_relics":[{"not_picked":["Black Star","Runic Cube"],"picked":"Busted Crown"},{"not_picked":["Tiny House","Lizard Tail"],"picked":"White Beast Statue"}],"items_purged_floors":[31,38,47],"is_endless":false,"potions_floor_spawned":[1,6,14,18,21,24,30,33,35,39,41,42,46],"killed_by":"Time Eater","ascension_level":10}