{"gold_per_floor":[117,133,133,150,166,166,166,184,184,194,206,241,241,253,253,253],"floor_reached":16,"playtime":1303,"items_purged":[],"score":106,"play_id":"b1b763d8-6785-4541-9949-56aabb326268","local_time":"20180705232720","is_ascension_mode":false,"campfire_choices":[{"data":"Finisher","floor":6,"key":"SMITH"},{"floor":13,"key":"REST"},{"data":"Skewer","floor":15,"key":"SMITH"}],"neow_cost":"NONE","seed_source_timestamp":1986991179675717,"circlet_count":0,"master_deck":["Defend_G","Defend_G","Defend_G","Defend_G","Defend_G","Strike_G","Strike_G","Strike_G","Strike_G","Strike_G","Survivor","Neutralize","Sucker Punch+1","Slice","Outmaneuver","Finisher+1","Parasite","Skewer+1","Die Die Die","Flying Knee","Dagger Spray","Dagger Throw"],"relics":["Ring of the Snake","NeowsBlessing","Darkstone Periapt","Lantern"],"potions_floor_usage":[8,12],"damage_taken":[{"damage":0,"enemies":"Jaw Worm","floor":1,"turns":1},{"damage":0,"enemies":"Small Slimes","floor":2,"turns":1},{"damage":0,"enemies":"Cultist","floor":4,"turns":1},{"damage":5,"enemies":"2 Fungi Beasts","floor":5,"turns":4},{"damage":5,"enemies":"Looter","floor":8,"turns":3},{"damage":3,"enemies":"Exordium Thugs","floor":10,"turns":5},{"damage":10,"enemies":"Exordium Wildlife","floor":11,"turns":4},{"damage":14,"enemies":"Lagavulin","floor":12,"turns":5},{"damage":0,"enemies":"Large Slime","floor":14,"turns":4},{"damage":68,"enemies":"Hexaghost","floor":16,"turns":11}],"seed_played":"-1087982564995118666","potions_obtained":[{"floor":1,"key":"Fruit Juice"},{"floor":4,"key":"Ancient Potion"},{"floor":8,"key":"EssenceOfSteel"}],"is_trial":false,"path_per_floor":["M","M","?","M","M","R","?","M","T","M","M","E","R","M","R"],"character_chosen":"THE_SILENT","items_purchased":[],"campfire_rested":1,"item_purchase_floors":[],"current_hp_per_floor":[70,70,70,70,65,65,70,70,70,67,57,43,65,65,65,0],"gold":253,"neow_bonus":"THREE_ENEMY_KILL","is_prod":false,"is_daily":false,"chose_seed":false,"campfire_upgraded":2,"win_rate":0.0,"timestamp":1530847640,"path_taken":["M","M","?","?","M","R","?","M","T","M","?","E","R","M","R","BOSS"],"build_version":"2018-06-28","purchased_purges":0,"victory":false,"max_hp_per_floor":[70,70,70,70,70,70,70,75,75,75,75,75,75,75,75,75],"card_choices":[{"not_picked":["Riddle With Holes","Dodge and Roll"],"picked":"Sucker Punch","floor":1},{"not_picked":["Quick Slash","Underhanded Strike"],"picked":"Slice","floor":2},{"not_picked":["Backflip","Dagger Throw"],"picked":"Outmaneuver","floor":4},{"not_picked":["Slice","Sucker Punch"],"picked":"Finisher","floor":5},{"not_picked":["Bouncing Flask","Flechettes"],"picked":"Skewer","floor":8},{"not_picked":["Acrobatics","Underhanded Strike"],"picked":"Die Die Die","floor":10},{"not_picked":["Bane","Blade Dance"],"picked":"Flying Knee","floor":11},{"not_picked":["Predator","Terror"],"picked":"Dagger Spray","floor":12},{"not_picked":["Endless Agony","Prepared"],"picked":"Dagger Throw","floor":14}],"player_experience":20587,"relics_obtained":[{"floor":9,"key":"Darkstone Periapt"},{"floor":12,"key":"Lantern"}],"event_choices":[{"event_name":"Living Wall","player_choice":"Grow","floor":3,"damage_taken":0},{"event_name":"Mushrooms","player_choice":"Healed and dodged fight","floor":7,"damage_taken":0}],"boss_relics":[],"items_purged_floors":[],"is_endless":false,"potions_floor_spawned":[1,4,8],"killed_by":"Hexaghost","ascension_level":0}