{"gold_per_floor":[115,17,17,17,37,37,65,65,145,162,189,189,202,236,236,311,311,322,332,2,13,13,13,42,57,57,82,94,106,118,159,171,261,273,295,307,337,199,210,210,245,245,270,115,149,149,181,181,181,181,181,181,8,36,36],"floor_reached":56,"playtime":1948,"items_purged":["Strike_B","Strike_B","Defend_B"],"score":2412,"play_id":"ea759e4a-653c-4eeb-ab13-a79aae9668e0","local_time":"20190731025620","is_ascension_mode":true,"campfire_choices":[{"data":"Defragment","floor":6,"key":"SMITH"},{"data":"Zap","floor":12,"key":"SMITH"},{"data":"Go for the Eyes","floor":15,"key":"SMITH"},{"data":"Seek","floor":23,"key":"SMITH"},{"data":"Coolheaded","floor":29,"key":"SMITH"},{"data":"Coolheaded","floor":32,"key":"SMITH"},{"floor":40,"key":"RECALL"},{"data":"Buffer","floor":46,"key":"SMITH"},{"data":"Coolheaded","floor":49,"key":"SMITH"},{"data":"Electrodynamics","floor":52,"key":"SMITH"}],"neow_cost":"NONE","seed_source_timestamp":353716725534805,"circlet_count":0,"master_deck":["AscendersBane","Defend_B","Defend_B+1","Zap+1","Dualcast","Gash+1","Sweeping Beam","Defragment+1","Ball Lightning","Compile Driver","Seek+1","Go for the Eyes+1","Gash","Electrodynamics","Hologram","Compile Driver","Coolheaded+1","Capacitor+1","White Noise+1","Coolheaded+1","Coolheaded+1","Stack","Biased Cognition+1","Electrodynamics+1","Compile Driver+1","Gash","Buffer+1","Static Discharge"],"relics":["Cracked Core","NeowsBlessing","Thread and Needle","Cables","Sundial","Pear","Mummified Hand","Runic Pyramid","OrangePellets","Enchiridion","Meat on the Bone","MawBank","Happy Flower","Coffee Dripper","DataDisk","Bottled Tornado","Pen Nib","Potion Belt","Regal Pillow","Centennial Puzzle","Blue Candle"],"potions_floor_usage":[14,33,55,55,55,55],"damage_taken":[{"damage":0,"enemies":"Cultist","floor":1,"turns":1},{"damage":0,"enemies":"Jaw Worm","floor":5,"turns":1},{"damage":0,"enemies":"Gremlin Nob","floor":7,"turns":1},{"damage":0,"enemies":"Small Slimes","floor":10,"turns":2},{"damage":3,"enemies":"Lagavulin","floor":11,"turns":4},{"damage":0,"enemies":"2 Fungi Beasts","floor":13,"turns":2},{"damage":8,"enemies":"3 Sentries","floor":14,"turns":5},{"damage":6,"enemies":"The Guardian","floor":16,"turns":9},{"damage":0,"enemies":"Spheric Guardian","floor":18,"turns":3},{"damage":3,"enemies":"Shell Parasite","floor":19,"turns":4},{"damage":0,"enemies":"Cultist and Chosen","floor":21,"turns":4},{"damage":0,"enemies":"Gremlin Leader","floor":24,"turns":4},{"damage":10,"enemies":"Snake Plant","floor":25,"turns":3},{"damage":5,"enemies":"Book of Stabbing","floor":27,"turns":4},{"damage":5,"enemies":"Slavers","floor":31,"turns":3},{"damage":0,"enemies":"Champ","floor":33,"turns":5},{"damage":0,"enemies":"3 Darklings","floor":35,"turns":2},{"damage":7,"enemies":"Orb Walker","floor":37,"turns":2},{"damage":0,"enemies":"Sphere and 2 Shapes","floor":39,"turns":3},{"damage":0,"enemies":"Reptomancer","floor":41,"turns":3},{"damage":0,"enemies":"Nemesis","floor":45,"turns":5},{"damage":0,"enemies":"Giant Head","floor":47,"turns":5},{"damage":0,"enemies":"Time Eater","floor":50,"turns":12},{"damage":25,"enemies":"Shield and Spear","floor":54,"turns":3},{"damage":31,"enemies":"The Heart","floor":55,"turns":7}],"seed_played":"-7752042799386828946","potions_obtained":[{"floor":10,"key":"LiquidBronze"},{"floor":11,"key":"Swift Potion"},{"floor":16,"key":"SteroidPotion"},{"floor":30,"key":"AttackPotion"},{"floor":30,"key":"SkillPotion"},{"floor":39,"key":"PowerPotion"},{"floor":41,"key":"Fire Potion"},{"floor":54,"key":"EssenceOfSteel"}],"is_trial":false,"path_per_floor":["M","$","?","?","M","R","E","?","T","M","E","R","M","E","R","B",null,"M","M","$","M","?","R","E","M","T","E","?","R","?","E","R","B",null,"M","?","M","$","M","R","E","?","T","$","E","R","E","?","R","B",null,"R","$","E","B",null],"character_chosen":"DEFECT","items_purchased":["Sweeping Beam","OrangePellets","Coolheaded","DataDisk","Potion Belt","PowerPotion"],"campfire_rested":0,"item_purchase_floors":[2,20,20,38,44,53],"current_hp_per_floor":[64,64,43,17,17,17,17,17,17,17,24,24,24,16,16,10,63,63,60,60,60,39,39,39,41,41,48,48,48,48,43,43,43,72,72,72,65,65,65,65,65,55,55,55,55,55,55,55,55,55,72,72,72,47,28],"gold":36,"neow_bonus":"THREE_ENEMY_KILL","is_prod":false,"is_daily":false,"chose_seed":false,"campfire_upgraded":9,"win_rate":0,"timestamp":1564556180,"path_taken":["M","$","?","?","M","R","E","?","T","?","E","R","M","E","R","BOSS","M","M","$","?","?","R","E","M","T","E","?","R","?","E","R","BOSS","M","?","M","$","M","R","E","?","T","$","E","R","E","?","R","BOSS","R","$","E","BOSS"],"build_version":"2019-07-17","purchased_purges":3,"victory":true,"max_hp_per_floor":[71,71,71,71,71,71,71,71,71,71,81,81,81,81,81,81,81,81,81,81,81,81,81,81,81,81,81,81,81,81,81,81,81,81,81,77,77,77,77,77,77,77,77,77,77,77,77,77,77,77,77,77,77,77,77],"card_choices":[{"not_picked":["Rip and Tear","Chaos"],"picked":"Gash","floor":1},{"not_picked":["Cold Snap","Sweeping Beam"],"picked":"Defragment","floor":5},{"not_picked":["Gash","Reprogram"],"picked":"Ball Lightning","floor":7},{"not_picked":["Rebound","Aggregate"],"picked":"Compile Driver","floor":10},{"not_picked":["FTL","Streamline"],"picked":"Seek","floor":11},{"not_picked":["Heatsinks","Ball Lightning"],"picked":"Go for the Eyes","floor":13},{"not_picked":["Thunder Strike","Ball Lightning"],"picked":"Gash","floor":14},{"not_picked":["Creative AI","Rainbow"],"picked":"Electrodynamics","floor":16},{"not_picked":["Leap","Heatsinks"],"picked":"Hologram","floor":18},{"not_picked":["Fusion","Conserve Battery"],"picked":"Compile Driver","floor":19},{"not_picked":["Compile Driver","Glacier"],"picked":"Capacitor+1","floor":21},{"not_picked":["Stack","Coolheaded"],"picked":"White Noise+1","floor":24},{"not_picked":["Turbo","Rip and Tear"],"picked":"Coolheaded","floor":25},{"not_picked":["Compile Driver","Tempest"],"picked":"Coolheaded","floor":27},{"not_picked":["Thunder Strike","Sweeping Beam"],"picked":"Electrodynamics","floor":31},{"not_picked":["Stack","Heatsinks","Leap"],"picked":"SKIP","floor":35},{"not_picked":["Leap+1","Go for the Eyes"],"picked":"Compile Driver+1","floor":37},{"not_picked":["Beam Cell","Skim"],"picked":"Gash","floor":39},{"not_picked":["Sweeping Beam","Conserve Battery","Ball Lightning"],"picked":"SKIP","floor":41},{"not_picked":["Beam Cell","Steam+1"],"picked":"Buffer","floor":45},{"not_picked":["Sweeping Beam","FTL","Streamline"],"picked":"SKIP","floor":47},{"not_picked":["Auto Shields","Turbo"],"picked":"Static Discharge","floor":54}],"player_experience":1621942,"relics_obtained":[{"floor":7,"key":"Cables"},{"floor":9,"key":"Sundial"},{"floor":11,"key":"Pear"},{"floor":14,"key":"Mummified Hand"},{"floor":22,"key":"Enchiridion"},{"floor":24,"key":"Meat on the Bone"},{"floor":27,"key":"MawBank"},{"floor":31,"key":"Happy Flower"},{"floor":41,"key":"Bottled Tornado"},{"floor":43,"key":"Pen Nib"},{"floor":45,"key":"Regal Pillow"},{"floor":47,"key":"Centennial Puzzle"},{"floor":54,"key":"Blue Candle"}],"event_choices":[{"damage_healed":0,"gold_gain":0,"player_choice":"Entered Light","damage_taken":21,"max_hp_gain":0,"max_hp_loss":0,"event_name":"Shining Light","floor":3,"gold_loss":0,"cards_upgraded":["Defend_B","Gash"]},{"damage_healed":0,"gold_gain":0,"player_choice":"Success","damage_taken":26,"relics_obtained":["Thread and Needle"],"max_hp_gain":0,"max_hp_loss":0,"event_name":"Scrap Ooze","floor":4,"gold_loss":0},{"cards_removed":["Strike_B"],"damage_healed":0,"gold_gain":0,"player_choice":"Purged","damage_taken":0,"max_hp_gain":0,"max_hp_loss":0,"event_name":"Purifier","floor":8,"gold_loss":0},{"damage_healed":0,"gold_gain":0,"player_choice":"Obtained Book","damage_taken":21,"max_hp_gain":0,"max_hp_loss":0,"event_name":"Cursed Tome","floor":22,"gold_loss":0},{"damage_healed":0,"gold_gain":0,"cards_transformed":["Strike_B","Defend_B"],"player_choice":"Became Test Subject","damage_taken":0,"max_hp_gain":0,"max_hp_loss":0,"event_name":"Drug Dealer","floor":28,"gold_loss":0,"cards_obtained":["Stack","Biased Cognition"]},{"damage_healed":0,"gold_gain":0,"player_choice":"Got Potions","damage_taken":0,"max_hp_gain":0,"max_hp_loss":0,"event_name":"Lab","floor":30,"gold_loss":0},{"damage_healed":0,"gold_gain":0,"player_choice":"Max HP","damage_taken":0,"max_hp_gain":0,"max_hp_loss":4,"event_name":"Winding Halls","floor":36,"gold_loss":0},{"damage_healed":0,"gold_gain":0,"player_choice":"Memory 3","damage_taken":10,"max_hp_gain":0,"max_hp_loss":0,"event_name":"SensoryStone","floor":42,"gold_loss":0},{"damage_healed":0,"gold_gain":0,"player_choice":"Upgraded","damage_taken":0,"max_hp_gain":0,"max_hp_loss":0,"event_name":"Upgrade Shrine","floor":48,"gold_loss":0,"cards_upgraded":["Biased Cognition"]}],"is_beta":false,"boss_relics":[{"not_picked":["Inserter","Orrery"],"picked":"Runic Pyramid"},{"not_picked":["Empty Cage","FrozenCore"],"picked":"Coffee Dripper"}],"items_purged_floors":[2,20,53],"is_endless":false,"potions_floor_spawned":[10,11,16,18,21,39,41,54],"ascension_level":15}