{"gold_per_floor":[114,125,52,17,92,56,56,84,131,81,100,116,116,128,128,225,225,225,23,0,0,0,0,0,0,0,0,0,0,0,0,0,0,0,0,0,0,0,0,0,0,0,0,0,0,0,0,0,0,0],"floor_reached":50,"playtime":1950,"items_purged":[],"score":590,"play_id":"a44caabd-816b-4df5-842c-e0bc1184a2d1","local_time":"20190511202432","is_ascension_mode":true,"campfire_choices":[{"data":"Bouncing Flask","floor":7,"key":"SMITH"},{"floor":13,"key":"REST"},{"data":"Envenom","floor":15,"key":"SMITH"},{"floor":23,"key":"REST"},{"floor":25,"key":"REST"},{"floor":27,"key":"REST"},{"floor":32,"key":"REST"},{"floor":40,"key":"REST"},{"floor":42,"key":"REST"},{"floor":49,"key":"REST"}],"neow_cost":"NONE","seed_source_timestamp":263640653001589,"circlet_count":0,"master_deck":["Defend_G","Defend_G","Defend_G","Defend_G","Defend_G","Strike_G","Strike_G","Strike_G","Strike_G","Strike_G","Survivor","Neutralize","Bouncing Flask+1","Dodge and Roll","Dagger Spray","Blur","Crippling Poison","Deadly Poison","Bane","Envenom+1","Envenom+1","Escape Plan+1","Envenom+1","Deadly Poison+1","Glass Knife","Catalyst+1","Catalyst+1","Well Laid Plans"],"relics":["Ring of the Snake","Juzu Bracelet","Snake Skull","Ectoplasm","DollysMirror","Kunai","Tingsha","Tiny House","Ice Cream","Omamori","Centennial Puzzle"],"potions_floor_usage":[8,14,29,35,36,36,39,41],"damage_taken":[{"damage":0,"enemies":"Small Slimes","floor":1,"turns":2},{"damage":5,"enemies":"Jaw Worm","floor":2,"turns":3},{"damage":18,"enemies":"Gremlin Nob","floor":8,"turns":4},{"damage":6,"enemies":"2 Louse","floor":11,"turns":2},{"damage":5,"enemies":"Red Slaver","floor":12,"turns":3},{"damage":3,"enemies":"Gremlin Gang","floor":14,"turns":2},{"damage":17,"enemies":"The Guardian","floor":16,"turns":8},{"damage":0,"enemies":"Chosen","floor":18,"turns":4},{"damage":28,"enemies":"Shell Parasite","floor":21,"turns":4},{"damage":23,"enemies":"Sentry and Sphere","floor":22,"turns":6},{"damage":15,"enemies":"Snecko","floor":24,"turns":4},{"damage":12,"enemies":"Cultist and Chosen","floor":28,"turns":4},{"damage":31,"enemies":"Book of Stabbing","floor":29,"turns":4},{"damage":9,"enemies":"Automaton","floor":33,"turns":3},{"damage":8,"enemies":"Orb Walker","floor":35,"turns":3},{"damage":0,"enemies":"3 Shapes","floor":36,"turns":5},{"damage":28,"enemies":"2 Orb Walkers","floor":39,"turns":4},{"damage":45,"enemies":"3 Darklings","floor":41,"turns":5},{"damage":4,"enemies":"Giant Head","floor":46,"turns":4},{"damage":37,"enemies":"Jaw Worm Horde","floor":47,"turns":4},{"damage":61,"enemies":"Awakened One","floor":50,"turns":3}],"seed_played":"2833037287363556143","potions_obtained":[{"floor":2,"key":"SteroidPotion"},{"floor":12,"key":"Explosive Potion"},{"floor":21,"key":"Fire Potion"},{"floor":22,"key":"FearPotion"},{"floor":33,"key":"Block Potion"},{"floor":34,"key":"Swift Potion"},{"floor":36,"key":"Block Potion"},{"floor":39,"key":"Poison Potion"}],"is_trial":false,"path_per_floor":["M","M","$","?","?","$","R","E","T","$","M","M","R","M","R","B",null,"M","$","?","M","M","R","M","R","T","R","M","E","?","?","R","B",null,"M","M","?","$","?","R","M","R","T","$","?","E","M","$","R","B"],"character_chosen":"THE_SILENT","items_purchased":["Blur","Crippling Poison","Bane","DollysMirror"],"campfire_rested":8,"item_purchase_floors":[3,6,10,19],"current_hp_per_floor":[70,65,65,70,59,59,59,41,41,41,35,30,51,48,48,31,70,70,70,70,42,19,40,25,46,46,67,55,24,24,24,45,36,75,67,67,67,67,39,61,16,38,38,38,75,71,34,34,56,0],"gold":0,"neow_bonus":"THREE_CARDS","is_prod":false,"is_daily":false,"chose_seed":false,"campfire_upgraded":2,"win_rate":0,"timestamp":1557620672,"path_taken":["M","M","$","?","?","?","R","E","T","$","M","M","R","M","R","BOSS","M","$","?","M","M","R","M","R","T","R","M","E","?","?","R","BOSS","M","M","?","?","?","R","M","R","T","$","?","E","M","?","R","BOSS"],"build_version":"2019-01-23","purchased_purges":0,"victory":false,"max_hp_per_floor":[70,70,70,70,70,70,70,70,70,70,70,70,70,70,70,70,70,70,70,70,70,70,70,70,70,70,70,70,70,70,70,70,70,75,75,75,75,75,75,75,75,75,75,75,75,75,75,75,75,75],"card_choices":[{"not_picked":["Endless Agony","Flying Knee"],"picked":"Bouncing Flask","floor":0},{"not_picked":["Poisoned Stab","Terror"],"picked":"Dodge and Roll","floor":1},{"not_picked":["Flying Knee","Calculated Gamble"],"picked":"Dagger Spray","floor":2},{"not_picked":["Prepared","Quick Slash"],"picked":"Deadly Poison","floor":8},{"not_picked":["Cloak And Dagger","Infinite Blades","Skewer"],"picked":"SKIP","floor":11},{"not_picked":["Dodge and Roll","Dagger Spray"],"picked":"Envenom","floor":12},{"not_picked":["Flying Knee","Cloak And Dagger","Slice"],"picked":"SKIP","floor":14},{"not_picked":["Die Die Die","Venomology"],"picked":"Envenom","floor":16},{"not_picked":["Poisoned Stab","Bane"],"picked":"Escape Plan+1","floor":18},{"not_picked":["Prepared+1","Blade Dance","Poisoned Stab"],"picked":"SKIP","floor":21},{"not_picked":["Flechettes","Outmaneuver"],"picked":"Deadly Poison","floor":22},{"not_picked":["Blade Dance","Acrobatics","Well Laid Plans+1"],"picked":"SKIP","floor":24},{"not_picked":["Acrobatics","Deadly Poison"],"picked":"Glass Knife","floor":28},{"not_picked":["Caltrops","Backflip+1"],"picked":"Catalyst+1","floor":29},{"not_picked":["Acrobatics+1","Flechettes","Poisoned Stab"],"picked":"SKIP","floor":35},{"not_picked":["PiercingWail","Infinite Blades+1"],"picked":"Well Laid Plans","floor":36},{"not_picked":["PiercingWail+1","Backflip","Deadly Poison+1"],"picked":"SKIP","floor":41},{"not_picked":["Flying Knee","Dodge and Roll","Eviscerate"],"picked":"SKIP","floor":46},{"not_picked":["Dodge and Roll+1","Quick Slash+1","Acrobatics"],"picked":"SKIP","floor":47}],"player_experience":981770,"relics_obtained":[{"floor":8,"key":"Juzu Bracelet"},{"floor":9,"key":"Snake Skull"},{"floor":26,"key":"Kunai"},{"floor":29,"key":"Tingsha"},{"floor":39,"key":"Ice Cream"},{"floor":43,"key":"Omamori"},{"floor":46,"key":"Centennial Puzzle"}],"event_choices":[{"damage_healed":17,"gold_gain":0,"player_choice":"Healed","damage_taken":0,"max_hp_gain":0,"max_hp_loss":0,"event_name":"The Cleric","floor":4,"gold_loss":35},{"damage_healed":0,"gold_gain":75,"player_choice":"Gather Gold","damage_taken":11,"max_hp_gain":0,"max_hp_loss":0,"event_name":"World of Goop","floor":5,"gold_loss":0},{"damage_healed":0,"gold_gain":0,"player_choice":"Paid Fearfully","damage_taken":0,"max_hp_gain":0,"max_hp_loss":0,"event_name":"Masked Bandits","floor":20,"gold_loss":23},{"damage_healed":0,"gold_gain":0,"player_choice":"Copied","damage_taken":0,"max_hp_gain":0,"max_hp_loss":0,"event_name":"Duplicator","floor":30,"gold_loss":0,"cards_obtained":["Catalyst"]},{"damage_healed":0,"gold_gain":0,"player_choice":"Ignored","damage_taken":0,"max_hp_gain":0,"max_hp_loss":0,"event_name":"Golden Shrine","floor":31,"gold_loss":0},{"damage_healed":0,"gold_gain":0,"player_choice":"Forge","damage_taken":0,"max_hp_gain":0,"max_hp_loss":0,"event_name":"Accursed Blacksmith","floor":37,"gold_loss":0,"cards_upgraded":["Envenom"]},{"damage_healed":0,"gold_gain":0,"player_choice":"Fight","damage_taken":0,"max_hp_gain":0,"max_hp_loss":0,"event_name":"Mysterious Sphere","floor":39,"gold_loss":0},{"damage_healed":37,"gold_gain":0,"player_choice":"Heal","damage_taken":0,"max_hp_gain":0,"max_hp_loss":0,"event_name":"MindBloom","floor":45,"gold_loss":0,"cards_obtained":["Doubt"]}],"is_beta":false,"boss_relics":[{"not_picked":["WristBlade","White Beast Statue"],"picked":"Ectoplasm"},{"not_picked":["Runic Pyramid","Coffee Dripper"],"picked":"Tiny House"}],"items_purged_floors":[],"is_endless":false,"potions_floor_spawned":[2,12,21,22,33,36,39],"killed_by":"Awakened One","ascension_level":3}