{"gold_per_floor":[218,25,41,53,63,63,119,119,119,147,147,163,163,178,178,274,274,290,290,72,72,72,72,1,12,64,64,75,75,89,116,116,214,214,225,236,70,170,190,190,190,190,190,208,208,58,58,58,58,58],"floor_reached":51,"playtime":5208,"items_purged":["Strike_B","Strike_B","Defend_B","Defend_B"],"score":688,"play_id":"9215578d-5243-4926-a8ee-d6f67420322c","local_time":"20190803122549","is_ascension_mode":false,"campfire_choices":[{"data":"Sunder","floor":6,"key":"SMITH"},{"floor":8,"key":"REST"},{"data":"Loop","floor":11,"key":"SMITH"},{"floor":15,"key":"REST"},{"data":"Defragment","floor":23,"key":"SMITH"},{"data":"Chill","floor":27,"key":"SMITH"},{"data":"Machine Learning","floor":29,"key":"SMITH"},{"floor":32,"key":"REST"},{"data":"Biased Cognition","floor":40,"key":"SMITH"},{"data":"Loop","floor":42,"key":"SMITH"},{"data":"White Noise","floor":45,"key":"SMITH"},{"data":"Conserve Battery","floor":47,"key":"SMITH"},{"data":"Gash","floor":49,"key":"SMITH"}],"neow_cost":"NONE","seed_source_timestamp":123658177459922,"circlet_count":0,"master_deck":["Defend_B","Zap","Dualcast","Sunder+1","Skim","Loop+1","Genetic Algorithm","Reprogram","Gash","Cold Snap","Cold Snap","Gash","All For One","Darkness+1","RitualDagger","Defragment+1","Conserve Battery+1","Cold Snap","Chill+1","Cold Snap","Machine Learning+1","Glacier+1","Gash+1","Biased Cognition+1","Cold Snap","Stack","Loop+1","Gash+1","White Noise+1"],"relics":["Cracked Core","Mummified Hand","Meat on the Bone","Question Card","Nuclear Battery","Blood Vial","Bag of Marbles","Empty Cage","Vajra","Prayer Wheel"],"potions_floor_usage":[],"damage_taken":[{"damage":4,"enemies":"Small Slimes","floor":1,"turns":4},{"damage":1,"enemies":"Jaw Worm","floor":3,"turns":4},{"damage":4,"enemies":"2 Louse","floor":4,"turns":4},{"damage":8,"enemies":"Blue Slaver","floor":5,"turns":5},{"damage":46,"enemies":"Lagavulin Event","floor":7,"turns":6},{"damage":20,"enemies":"Lagavulin","floor":10,"turns":7},{"damage":13,"enemies":"Lots of Slimes","floor":12,"turns":4},{"damage":0,"enemies":"2 Fungi Beasts","floor":14,"turns":3},{"damage":36,"enemies":"The Guardian","floor":16,"turns":12},{"damage":16,"enemies":"Spheric Guardian","floor":18,"turns":4},{"damage":0,"enemies":"Shell Parasite","floor":25,"turns":8},{"damage":12,"enemies":"Snake Plant","floor":28,"turns":5},{"damage":0,"enemies":"Sentry and Sphere","floor":30,"turns":7},{"damage":27,"enemies":"Slavers","floor":31,"turns":8},{"damage":24,"enemies":"Automaton","floor":33,"turns":11},{"damage":3,"enemies":"Orb Walker","floor":35,"turns":5},{"damage":13,"enemies":"3 Darklings","floor":36,"turns":5},{"damage":0,"enemies":"4 Shapes","floor":39,"turns":6},{"damage":3,"enemies":"Spire Growth","floor":44,"turns":6},{"damage":41,"enemies":"Awakened One","floor":50,"turns":12}],"seed_played":"-2192516727839993227","potions_obtained":[{"floor":1,"key":"GamblersBrew"},{"floor":14,"key":"Swift Potion"},{"floor":31,"key":"SpeedPotion"}],"is_trial":false,"path_per_floor":["M","$","M","M","M","R","?","R","T","E","R","M","?","M","R","B",null,"M","?","$","?","?","R","$","M","T","R","M","R","M","E","R","B",null,"M","M","$","?","M","R","?","R","T","M","R","$","R","$","R","B",null],"character_chosen":"DEFECT","items_purchased":["Skim","Loop","Defragment","Conserve Battery","Chill","Loop"],"campfire_rested":3,"item_purchase_floors":[2,2,20,20,24,37],"current_hp_per_floor":[71,71,70,66,58,58,12,34,34,26,26,25,18,30,52,28,75,59,53,53,53,53,53,53,53,53,53,43,43,45,32,54,44,75,72,61,61,61,63,63,63,63,63,62,62,62,62,62,62,35],"gold":58,"neow_bonus":"HUNDRED_GOLD","is_prod":false,"is_daily":false,"chose_seed":false,"campfire_upgraded":10,"win_rate":0.0,"timestamp":1564827949,"path_taken":["M","$","M","M","M","R","?","R","T","E","R","M","?","M","R","BOSS","M","?","$","?","?","R","$","M","T","R","M","R","M","E","R","BOSS","M","M","$","?","?","R","?","R","T","?","R","?","R","$","R","BOSS"],"build_version":"2019-07-17","purchased_purges":4,"victory":true,"max_hp_per_floor":[75,75,75,75,75,75,75,75,75,75,75,75,75,75,75,75,75,75,75,75,75,75,75,75,75,75,75,75,75,75,75,75,75,75,75,75,75,75,75,75,75,75,75,75,75,75,75,75,75,75],"card_choices":[{"not_picked":["Sweeping Beam","Fusion"],"picked":"Sunder","floor":1},{"not_picked":["Ball Lightning","Compile Driver"],"picked":"Genetic Algorithm","floor":3},{"not_picked":["Beam Cell","Hello World"],"picked":"Reprogram","floor":4},{"not_picked":["Barrage","Conserve Battery"],"picked":"Gash","floor":5},{"not_picked":["Ball Lightning","BootSequence"],"picked":"Cold Snap","floor":10},{"not_picked":["Hologram","Sweeping Beam","Conserve Battery"],"picked":"Cold Snap","floor":12},{"not_picked":["Melter","Sweeping Beam","FTL"],"picked":"Gash","floor":14},{"not_picked":["Fission","Multi-Cast","Buffer"],"picked":"All For One","floor":16},{"not_picked":["Genetic Algorithm","Streamline+1","Stack"],"picked":"Darkness+1","floor":18},{"not_picked":["Stack","Genetic Algorithm","Sunder"],"picked":"Cold Snap","floor":25},{"not_picked":["Stack","Cold Snap","Go for the Eyes"],"picked":"Machine Learning","floor":28},{"not_picked":["Barrage","Stack","Blizzard"],"picked":"Glacier+1","floor":30},{"not_picked":["Melter","Loop","Rip and Tear"],"picked":"Gash","floor":31},{"not_picked":["Reboot","Thunder Strike","Buffer"],"picked":"Biased Cognition","floor":33},{"not_picked":["Scrape","Rebound","Turbo"],"picked":"Cold Snap","floor":35},{"not_picked":["Compile Driver","Steam","Buffer"],"picked":"Stack","floor":36},{"not_picked":["Tempest+1","Beam Cell+1","Sunder+1","Sweeping Beam"],"picked":"SKIP","floor":39},{"not_picked":["Conserve Battery","Loop+1","Rebound+1"],"picked":"Gash+1","floor":44},{"not_picked":["Ball Lightning+1","Streamline","Hologram+1"],"picked":"White Noise","floor":44}],"player_experience":52990,"relics_obtained":[{"floor":7,"key":"Mummified Hand"},{"floor":9,"key":"Meat on the Bone"},{"floor":10,"key":"Question Card"},{"floor":26,"key":"Blood Vial"},{"floor":31,"key":"Bag of Marbles"},{"floor":41,"key":"Vajra"},{"floor":43,"key":"Prayer Wheel"}],"event_choices":[{"damage_healed":0,"gold_gain":0,"player_choice":"Searched \u00271\u0027 times","damage_taken":0,"max_hp_gain":0,"max_hp_loss":0,"event_name":"Dead Adventurer","floor":7,"gold_loss":0},{"cards_removed":["Strike_B"],"damage_healed":0,"gold_gain":0,"player_choice":"Card Removal","damage_taken":7,"max_hp_gain":0,"max_hp_loss":0,"event_name":"Golden Wing","floor":13,"gold_loss":0},{"damage_healed":0,"gold_gain":0,"player_choice":"Joined the Cult","damage_taken":6,"max_hp_gain":0,"max_hp_loss":0,"event_name":"Nest","floor":19,"gold_loss":0,"cards_obtained":["RitualDagger"]},{"damage_healed":0,"gold_gain":0,"player_choice":"Read","damage_taken":0,"max_hp_gain":0,"max_hp_loss":0,"event_name":"The Library","floor":21,"gold_loss":0,"cards_obtained":["Cold Snap"]},{"damage_healed":0,"gold_gain":0,"player_choice":"Ignored","damage_taken":0,"max_hp_gain":0,"max_hp_loss":0,"event_name":"Vampires","floor":22,"gold_loss":0},{"damage_healed":0,"gold_gain":100,"player_choice":"Pray","damage_taken":0,"max_hp_gain":0,"max_hp_loss":0,"event_name":"Golden Shrine","floor":38,"gold_loss":0},{"damage_healed":0,"gold_gain":0,"player_choice":"Relic","damage_taken":0,"max_hp_gain":0,"max_hp_loss":0,"event_name":"Wheel of Change","floor":41,"gold_loss":0}],"is_beta":false,"boss_relics":[{"not_picked":["Ectoplasm","Runic Pyramid"],"picked":"Nuclear Battery"},{"not_picked":["Velvet Choker","Orrery"],"picked":"Empty Cage"}],"items_purged_floors":[2,20,37,46],"is_endless":false,"potions_floor_spawned":[1,14,31,33,35],"ascension_level":0}