{"gold_per_floor":[111,41,54,4,4,35,51,51,51,77,2,2,15,66,66,66],"floor_reached":16,"playtime":478,"items_purged":["Strike_G"],"score":160,"play_id":"0f0a4f3d-427e-4665-8cf9-d66bab26139d","local_time":"20190515174544","is_ascension_mode":true,"campfire_choices":[{"data":"Distraction","floor":8,"key":"SMITH"},{"floor":12,"key":"REST"},{"floor":15,"key":"REST"}],"neow_cost":"NONE","seed_source_timestamp":27545010878069,"circlet_count":0,"master_deck":["Defend_G","Defend_G","Defend_G","Defend_G","Strike_G","Strike_G","Strike_G","Strike_G","Survivor","Neutralize","Distraction+1","Accuracy","Cloak And Dagger+1","Outmaneuver","Footwork","Tactician"],"relics":["Ring of the Snake","NeowsBlessing","Unceasing Top","Sundial","Oddly Smooth Stone","Juzu Bracelet"],"potions_floor_usage":[10,16],"damage_taken":[{"damage":0,"enemies":"Cultist","floor":1,"turns":1},{"damage":0,"enemies":"2 Louse","floor":3,"turns":1},{"damage":0,"enemies":"3 Sentries","floor":6,"turns":1},{"damage":6,"enemies":"Small Slimes","floor":7,"turns":4},{"damage":35,"enemies":"Lagavulin","floor":10,"turns":8},{"damage":1,"enemies":"Blue Slaver","floor":13,"turns":4},{"damage":73,"enemies":"Hexaghost","floor":16,"turns":14}],"seed_played":"-2462532741271811172","potions_obtained":[{"floor":1,"key":"SkillPotion"},{"floor":13,"key":"Block Potion"}],"is_trial":false,"path_per_floor":["M","$","M","?","?","E","M","R","T","E","$","R","M","T","R","B"],"character_chosen":"THE_SILENT","items_purchased":["Accuracy"],"campfire_rested":2,"item_purchase_floors":[2],"current_hp_per_floor":[70,70,70,70,70,70,64,64,64,29,29,50,49,49,70,0],"gold":66,"neow_bonus":"THREE_ENEMY_KILL","is_prod":false,"is_daily":false,"chose_seed":false,"campfire_upgraded":1,"win_rate":0,"timestamp":1557956744,"path_taken":["M","$","M","?","?","E","?","R","T","E","?","R","M","?","R","BOSS"],"build_version":"2019-01-23","purchased_purges":1,"victory":false,"max_hp_per_floor":[70,70,70,70,70,70,70,70,70,70,70,70,70,70,70,70],"card_choices":[{"not_picked":["Finisher","Heel Hook"],"picked":"Distraction","floor":1},{"not_picked":["PiercingWail","Outmaneuver"],"picked":"Cloak And Dagger","floor":3},{"not_picked":["Dagger Throw","Envenom"],"picked":"Outmaneuver","floor":6},{"not_picked":["Backflip","Expertise","Slice"],"picked":"SKIP","floor":7},{"not_picked":["Endless Agony","Flechettes"],"picked":"Footwork","floor":10},{"not_picked":["Outmaneuver","Bane"],"picked":"Tactician","floor":13}],"player_experience":997634,"relics_obtained":[{"floor":6,"key":"Unceasing Top"},{"floor":9,"key":"Sundial"},{"floor":10,"key":"Oddly Smooth Stone"},{"floor":14,"key":"Juzu Bracelet"}],"event_choices":[{"cards_removed":["Defend_G"],"damage_healed":0,"gold_gain":0,"player_choice":"Card Removal","damage_taken":0,"max_hp_gain":0,"max_hp_loss":0,"event_name":"The Cleric","floor":4,"gold_loss":50},{"damage_healed":0,"gold_gain":0,"player_choice":"Forge","damage_taken":0,"max_hp_gain":0,"max_hp_loss":0,"event_name":"Accursed Blacksmith","floor":5,"gold_loss":0,"cards_upgraded":["Cloak And Dagger"]}],"is_beta":false,"boss_relics":[],"items_purged_floors":[11],"is_endless":false,"potions_floor_spawned":[1,13],"killed_by":"Hexaghost","ascension_level":4}