{"gold_per_floor":[360,360,360,65,79,79,107,107,155,168,184,184,196,196,196,275,275,290,14,33,33,33,33,52,52,52,52,87,87,116,116,116,188,188,208,25,25,25,38,73,73,101,101,201,201,214,9,23,23,23,23,23,23,2,28,28],"floor_reached":57,"playtime":2665,"items_purged":["Strike_B","Strike_B"],"score":2988,"play_id":"9920105c-8861-41d1-9c46-cdc0f42945d6","local_time":"20190707091551","is_ascension_mode":true,"campfire_choices":[{"data":"Defragment","floor":6.0,"key":"SMITH"},{"data":"Streamline","floor":8.0,"key":"SMITH"},{"data":"Turbo","floor":15.0,"key":"SMITH"},{"data":"Coolheaded","floor":23.0,"key":"SMITH"},{"floor":27.0,"key":"REST"},{"floor":29.0,"key":"REST"},{"data":"Defragment","floor":32.0,"key":"SMITH"},{"data":"Skim","floor":41.0,"key":"SMITH"},{"floor":49.0,"key":"RECALL"},{"data":"Recycle","floor":53.0,"key":"SMITH"}],"neow_cost":"PERCENT_DAMAGE","seed_source_timestamp":1025583092139800,"circlet_count":0,"master_deck":["AscendersBane","Defend_B","Defend_B","Defend_B","Zap","Dualcast","White Noise","Defragment+1","Conserve Battery","Streamline+1","Beam Cell","Turbo+1","Seek","White Noise","Cold Snap","Meteor Strike","Biased Cognition","Hologram","Coolheaded+1","Defragment+1","Coolheaded","Skim+1","Electrodynamics","Defragment","Hologram","Tempest","Conserve Battery+1","Gash","Double Energy","Coolheaded","Stack","Recycle+1","Hologram+1","Hologram"],"special_seed":0,"relics":["Cracked Core","Cables","Bronze Scales","Incense Burner","Snecko Eye","OrangePellets","Juzu Bracelet","StoneCalendar","Meat on the Bone","Runic Pyramid","Blood Vial","The Courier","Turnip","Pocketwatch"],"potions_floor_usage":[56,56],"damage_taken":[{"damage":3.0,"enemies":"Small Slimes","floor":1.0,"turns":3.0},{"damage":8.0,"enemies":"2 Louse","floor":5.0,"turns":3.0},{"damage":44.0,"enemies":"Gremlin Nob","floor":7.0,"turns":4.0},{"damage":1.0,"enemies":"Cultist","floor":10.0,"turns":3.0},{"damage":0.0,"enemies":"Large Slime","floor":11.0,"turns":3.0},{"damage":13.0,"enemies":"Red Slaver","floor":13.0,"turns":3.0},{"damage":29.0,"enemies":"Hexaghost","floor":16.0,"turns":8.0},{"damage":11.0,"enemies":"Spheric Guardian","floor":18.0,"turns":3.0},{"damage":9.0,"enemies":"Shell Parasite","floor":20.0,"turns":3.0},{"damage":19.0,"enemies":"Centurion and Healer","floor":24.0,"turns":4.0},{"damage":25.0,"enemies":"Book of Stabbing","floor":28.0,"turns":4.0},{"damage":23.0,"enemies":"Slavers","floor":30.0,"turns":5.0},{"damage":0.0,"enemies":"Champ","floor":33.0,"turns":7.0},{"damage":25.0,"enemies":"Orb Walker","floor":35.0,"turns":4.0},{"damage":18.0,"enemies":"3 Shapes","floor":39.0,"turns":2.0},{"damage":0.0,"enemies":"Reptomancer","floor":40.0,"turns":5.0},{"damage":19.0,"enemies":"Giant Head","floor":42.0,"turns":8.0},{"damage":0.0,"enemies":"Mind Bloom Boss Battle","floor":44.0,"turns":3.0},{"damage":0.0,"enemies":"Maw","floor":46.0,"turns":4.0},{"damage":4.0,"enemies":"4 Shapes","floor":48.0,"turns":2.0},{"damage":20.0,"enemies":"Time Eater","floor":50.0,"turns":8.0},{"damage":0.0,"enemies":"Donu and Deca","floor":51.0,"turns":5.0},{"damage":32.0,"enemies":"Shield and Spear","floor":55.0,"turns":5.0},{"damage":43,"enemies":"The Heart","floor":56,"turns":15}],"seed_played":"5249090056489189115","potions_obtained":[{"floor":3.0,"key":"FairyPotion"},{"floor":3.0,"key":"SpeedPotion"},{"floor":10.0,"key":"FocusPotion"},{"floor":16.0,"key":"Ancient Potion"},{"floor":39.0,"key":"Regen Potion"},{"floor":55.0,"key":"AttackPotion"}],"is_trial":false,"path_per_floor":["M","?","?","$","M","R","E","R","T","M","M","?","M","T","R","B",null,"M","$","M","$","?","R","M","?","T","R","E","R","E","?","R","B",null,"M","$","$","?","M","E","R","E","T","?","?","M","$","M","R","B","B",null,"R","$","E","B",null],"character_chosen":"DEFECT","items_purchased":["Defragment","Conserve Battery","Streamline","Beam Cell","OrangePellets","Coolheaded","Defragment","Double Energy","Coolheaded","Stack","Recycle","Hologram"],"campfire_rested":2,"item_purchase_floors":[4,4,4,4,19,19,36,47,47,47,47,54],"current_hp_per_floor":[43,43,43,43,35,35,7,7,7,6,6,71,58,58,58,29,61,50,50,41,41,31,31,12,12,12,33,8,29,6,71,71,71,71,46,46,46,46,40,40,40,35,35,37,37,39,39,37,37,46,48,65,65,65,47,18],"gold":28,"neow_bonus":"TWO_FIFTY_GOLD","is_prod":false,"is_daily":false,"chose_seed":false,"campfire_upgraded":7,"win_rate":0,"timestamp":1562462151,"path_taken":["M","?","?","$","?","R","E","R","T","M","M","?","?","?","R","BOSS","M","$","?","$","?","R","?","?","T","R","E","R","E","?","R","BOSS","M","?","$","?","M","E","R","E","T","?","?","M","$","M","R","BOSS","BOSS","R","$","E","BOSS"],"build_version":"2019-07-05","purchased_purges":2,"victory":true,"max_hp_per_floor":[71,71,71,71,71,71,71,71,71,71,71,71,71,71,71,71,71,71,71,71,71,71,71,71,71,71,71,71,71,71,71,71,71,71,71,71,71,71,71,71,71,71,71,71,71,71,71,71,71,71,71,71,71,71,71,71],"card_choices":[{"not_picked":["Hologram","Leap"],"picked":"Hello World","floor":1.0},{"not_picked":["Compile Driver","Hologram"],"picked":"Turbo","floor":5.0},{"not_picked":["Hologram","Sweeping Beam"],"picked":"Seek","floor":7.0},{"not_picked":["Steam","Gash"],"picked":"White Noise","floor":10.0},{"not_picked":["Steam","Hologram"],"picked":"Cold Snap","floor":11.0},{"not_picked":["Aggregate","Static Discharge"],"picked":"Meteor Strike","floor":13.0},{"not_picked":["Fission","Seek"],"picked":"Biased Cognition","floor":16.0},{"not_picked":["Beam Cell","Redo"],"picked":"Hologram","floor":18.0},{"not_picked":["Conserve Battery","Darkness","Streamline"],"picked":"SKIP","floor":20.0},{"not_picked":["Rebound+1","Sweeping Beam"],"picked":"Defragment","floor":24.0},{"not_picked":["Consume","Barrage+1"],"picked":"Coolheaded","floor":28.0},{"not_picked":["Defragment","Barrage"],"picked":"Skim","floor":30.0},{"not_picked":["Creative AI","Machine Learning"],"picked":"Electrodynamics","floor":33.0},{"not_picked":["Rebound","Sweeping Beam","Redo"],"picked":"SKIP","floor":35.0},{"not_picked":["Leap","Barrage","Redo"],"picked":"SKIP","floor":39.0},{"not_picked":["Turbo","Cold Snap"],"picked":"Hologram","floor":40.0},{"not_picked":["Streamline","Go for the Eyes"],"picked":"Tempest","floor":42.0},{"not_picked":["Undo","Beam Cell"],"picked":"Conserve Battery+1","floor":44.0},{"not_picked":["Sweeping Beam+1","Redo"],"picked":"Gash","floor":46.0},{"not_picked":["Electrodynamics","Leap"],"picked":"Hologram+1","floor":48.0},{"not_picked":["Tempest","Gash","Sunder"],"picked":"SKIP","floor":55.0},{"not_picked":["Tempest","Gash","Sunder"],"picked":"SKIP","floor":55.0}],"player_experience":2007995,"relics_obtained":[{"floor":7.0,"key":"Cables"},{"floor":9.0,"key":"Bronze Scales"},{"floor":14.0,"key":"Incense Burner"},{"floor":26.0,"key":"Juzu Bracelet"},{"floor":28.0,"key":"StoneCalendar"},{"floor":30.0,"key":"Meat on the Bone"},{"floor":40.0,"key":"Blood Vial"},{"floor":42.0,"key":"The Courier"},{"floor":44.0,"key":"Turnip"},{"floor":55.0,"key":"Pocketwatch"}],"event_choices":[{"damage_healed":0.0,"max_hp_gain":0.0,"max_hp_loss":0.0,"gold_gain":0.0,"cards_transformed":["Strike_B"],"event_name":"Living Wall","player_choice":"Change","floor":2.0,"gold_loss":0.0,"damage_taken":0.0,"cards_obtained":["White Noise"]},{"damage_healed":0.0,"max_hp_gain":0.0,"max_hp_loss":0.0,"gold_gain":0.0,"event_name":"Lab","player_choice":"Got Potions","floor":3.0,"gold_loss":0.0,"damage_taken":0.0},{"damage_healed":65.0,"max_hp_gain":0.0,"max_hp_loss":0.0,"gold_gain":0.0,"event_name":"Wheel of Change","player_choice":"Full Heal","floor":12.0,"gold_loss":0.0,"damage_taken":0.0},{"damage_healed":0.0,"max_hp_gain":0.0,"max_hp_loss":0.0,"gold_gain":0.0,"event_name":"Wheel of Change","player_choice":"Damaged","floor":22.0,"gold_loss":0.0,"damage_taken":10.0},{"damage_healed":0.0,"max_hp_gain":0.0,"max_hp_loss":0.0,"gold_gain":0.0,"event_name":"N\u0027loth","player_choice":"Ignored","floor":25.0,"gold_loss":0.0,"damage_taken":0.0},{"cards_removed":["Hello World"],"damage_healed":65.0,"max_hp_gain":0.0,"max_hp_loss":0.0,"gold_gain":0.0,"event_name":"Bonfire Elementals","player_choice":"Offered Uncommon","floor":31.0,"gold_loss":0.0,"damage_taken":0.0},{"cards_removed":["Strike_B"],"damage_healed":0.0,"max_hp_gain":0.0,"max_hp_loss":0.0,"gold_gain":0.0,"event_name":"Purifier","player_choice":"Purged","floor":38.0,"gold_loss":0.0,"damage_taken":0.0},{"damage_healed":0.0,"max_hp_gain":0.0,"max_hp_loss":0.0,"gold_gain":0.0,"event_name":"MindBloom","player_choice":"Fight","floor":44.0,"gold_loss":0.0,"damage_taken":0.0},{"cards_removed":["Defend_B"],"damage_healed":0.0,"max_hp_gain":0.0,"max_hp_loss":0.0,"gold_gain":0.0,"event_name":"Purifier","player_choice":"Purged","floor":45.0,"gold_loss":0.0,"damage_taken":0.0}],"is_beta":false,"boss_relics":[{"not_picked":["Lizard Tail","Velvet Choker"],"picked":"Snecko Eye"},{"not_picked":["Calling Bell","Cursed Key"],"picked":"Runic Pyramid"}],"items_purged_floors":[4,36],"is_endless":false,"potions_floor_spawned":[10,16,20,24,30,35,39,42,55],"ascension_level":20}