{"gold_per_floor":[213,213,288,24,44,44,62,80,159,178,197,211,211,226,226,327,327,252,100,115,115,115,115,130,130,156,156,168,188,188,37,37,137,137,151,1,14,14,26,26,56,56,79,97,109,109,109],"floor_reached":47,"playtime":4052,"items_purged":["Strike_B","Strike_B","Strike_B","Defend_B"],"score":649,"play_id":"15a9da8d-09da-4c02-8331-2bab5ec289cf","local_time":"20190803140219","is_ascension_mode":false,"campfire_choices":[{"data":"Chill","floor":6,"key":"SMITH"},{"data":"Conserve Battery","floor":13,"key":"SMITH"},{"data":"Gash","floor":15,"key":"SMITH"},{"floor":23,"key":"REST"},{"data":"Echo Form","floor":25,"key":"SMITH"},{"data":"Coolheaded","floor":27,"key":"SMITH"},{"floor":32,"key":"REST"},{"data":"Machine Learning","floor":40,"key":"SMITH"},{"floor":42,"key":"REST"}],"neow_cost":"NONE","seed_source_timestamp":130628324687474,"circlet_count":0,"master_deck":["Defend_B","Defend_B","Zap","Dualcast","Gash+1","Conserve Battery+1","Skim","Chill+1","Sunder","Rebound","All For One","Gash","Cold Snap","Rebound","Echo Form+1","Parasite","Normality","Parasite","Conserve Battery+1","Gash","Gash","Gash","Necronomicurse","Coolheaded+1","Gash","Machine Learning+1","Conserve Battery","All For One","Gash+1","Defragment+1","Writhe","Chill+1","Fission+1","Go for the Eyes+1","Conserve Battery+1"],"relics":["Cracked Core","Calling Bell","Orichalcum","Letter Opener","Pocketwatch","Necronomicon","Anchor","Happy Flower","Empty Cage","Pear","Smiling Mask"],"potions_floor_usage":[16],"damage_taken":[{"damage":6,"enemies":"Jaw Worm","floor":1,"turns":4},{"damage":0,"enemies":"Cultist","floor":5,"turns":5},{"damage":0,"enemies":"2 Louse","floor":7,"turns":2},{"damage":2,"enemies":"Exordium Thugs","floor":8,"turns":4},{"damage":0,"enemies":"3 Louse","floor":10,"turns":3},{"damage":0,"enemies":"2 Fungi Beasts","floor":11,"turns":3},{"damage":7,"enemies":"Red Slaver","floor":12,"turns":5},{"damage":0,"enemies":"Lots of Slimes","floor":14,"turns":3},{"damage":43,"enemies":"The Guardian","floor":16,"turns":10},{"damage":18,"enemies":"2 Thieves","floor":18,"turns":5},{"damage":3,"enemies":"Chosen","floor":20,"turns":4},{"damage":8,"enemies":"3 Cultists","floor":24,"turns":5},{"damage":27,"enemies":"Snake Plant","floor":28,"turns":5},{"damage":0,"enemies":"Cultist and Chosen","floor":29,"turns":4},{"damage":51,"enemies":"Automaton","floor":33,"turns":10},{"damage":0,"enemies":"3 Shapes","floor":35,"turns":8},{"damage":23,"enemies":"3 Darklings","floor":37,"turns":4},{"damage":14,"enemies":"Transient","floor":39,"turns":5},{"damage":43,"enemies":"Giant Head","floor":41,"turns":7},{"damage":49,"enemies":"Spire Growth","floor":44,"turns":6},{"damage":1,"enemies":"4 Shapes","floor":45,"turns":5},{"damage":16,"enemies":"3 Darklings","floor":47,"turns":3}],"seed_played":"6297118774830767951","potions_obtained":[{"floor":5,"key":"Dexterity Potion"},{"floor":7,"key":"FocusPotion"},{"floor":11,"key":"Energy Potion"},{"floor":20,"key":"Dexterity Potion"}],"is_trial":false,"path_per_floor":["M","?","?","$","M","R","M","M","T","M","M","M","R","M","R","B",null,"M","$","M","?","?","R","M","R","T","R","M","M","?","$","R","B",null,"M","$","M","?","M","R","E","R","T","M","M","?","M"],"character_chosen":"DEFECT","items_purchased":["Gash","Conserve Battery","Rebound","Skim","Gash","Conserve Battery"],"campfire_rested":3,"item_purchase_floors":[4,4,4,4,19,31],"current_hp_per_floor":[69,74,66,66,66,66,66,64,64,64,64,57,57,57,57,14,80,62,62,59,59,43,67,59,59,59,59,32,32,32,32,56,5,80,80,80,57,77,63,63,30,57,57,8,7,7,0],"gold":109,"neow_bonus":"HUNDRED_GOLD","is_prod":false,"is_daily":false,"chose_seed":false,"campfire_upgraded":6,"win_rate":0,"timestamp":1564833739,"path_taken":["M","?","?","$","M","R","M","M","T","?","M","M","R","M","R","BOSS","M","$","M","?","?","R","?","R","T","R","M","M","?","?","R","BOSS","M","$","M","?","M","R","E","R","T","M","M","?","?"],"build_version":"2019-07-17","purchased_purges":4,"victory":false,"max_hp_per_floor":[75,80,80,80,80,80,80,80,80,80,80,80,80,80,80,80,80,80,80,80,80,80,80,80,80,80,80,80,80,80,80,80,80,80,80,80,80,80,80,80,90,90,90,90,90,90,90],"card_choices":[{"not_picked":["Turbo","Reinforced Body","Leap"],"picked":"SKIP","floor":1},{"not_picked":["Cold Snap","Consume"],"picked":"Chill","floor":5},{"not_picked":["Conserve Battery","Hologram"],"picked":"Sunder","floor":7},{"not_picked":["Self Repair","Undo"],"picked":"Rebound","floor":8},{"not_picked":["Sweeping Beam","Auto Shields"],"picked":"All For One","floor":10},{"not_picked":["Sweeping Beam","Leap"],"picked":"Gash","floor":11},{"not_picked":["Stack","Scrape"],"picked":"Cold Snap","floor":12},{"not_picked":["Sweeping Beam","Turbo"],"picked":"Rebound","floor":14},{"not_picked":["Electrodynamics","Thunder Strike"],"picked":"Echo Form","floor":16},{"not_picked":["Beam Cell","FTL"],"picked":"Conserve Battery+1","floor":18},{"not_picked":["Redo","Go for the Eyes"],"picked":"Gash","floor":20},{"not_picked":["Rip and Tear","Steam Power"],"picked":"Coolheaded","floor":24},{"not_picked":["Stack","Conserve Battery+1"],"picked":"Gash","floor":28},{"not_picked":["Redo","Melter"],"picked":"Machine Learning","floor":29},{"not_picked":["Reboot","Seek"],"picked":"All For One","floor":33},{"not_picked":["Sweeping Beam","Barrage+1"],"picked":"Gash+1","floor":35},{"not_picked":["Barrage","Scrape"],"picked":"Defragment+1","floor":37},{"not_picked":["FTL+1","Streamline"],"picked":"Chill+1","floor":39},{"not_picked":["Skim+1","Force Field"],"picked":"Fission","floor":41},{"not_picked":["Streamline+1","Force Field"],"picked":"Go for the Eyes+1","floor":44},{"not_picked":["Streamline","Compile Driver+1"],"picked":"Conserve Battery+1","floor":45}],"player_experience":58198,"relics_obtained":[{"floor":17,"key":"Orichalcum"},{"floor":17,"key":"Letter Opener"},{"floor":17,"key":"Pocketwatch"},{"floor":22,"key":"Necronomicon"},{"floor":26,"key":"Anchor"},{"floor":41,"key":"Pear"},{"floor":43,"key":"Smiling Mask"}],"event_choices":[{"damage_healed":0,"gold_gain":0,"player_choice":"Donut","damage_taken":0,"max_hp_gain":5,"max_hp_loss":0,"event_name":"Big Fish","floor":2,"gold_loss":0},{"damage_healed":0,"gold_gain":75,"player_choice":"Touch","damage_taken":8,"max_hp_gain":0,"max_hp_loss":0,"event_name":"FaceTrader","floor":3,"gold_loss":0},{"damage_healed":0,"gold_gain":0,"player_choice":"Read","damage_taken":0,"max_hp_gain":0,"max_hp_loss":0,"event_name":"The Library","floor":21,"gold_loss":0,"cards_obtained":["Gash"]},{"damage_healed":0,"gold_gain":0,"player_choice":"Obtained Book","damage_taken":16,"max_hp_gain":0,"max_hp_loss":0,"event_name":"Cursed Tome","floor":22,"gold_loss":0},{"cards_removed":["Rebound"],"damage_healed":0,"gold_gain":0,"player_choice":"Gave Card","damage_taken":0,"relics_obtained":["Happy Flower"],"max_hp_gain":0,"max_hp_loss":0,"event_name":"WeMeetAgain","floor":30,"gold_loss":0},{"damage_healed":20,"gold_gain":0,"player_choice":"Writhe","damage_taken":0,"max_hp_gain":0,"max_hp_loss":0,"event_name":"Winding Halls","floor":38,"gold_loss":0,"cards_obtained":["Writhe"]},{"damage_healed":0,"gold_gain":0,"player_choice":"Upgraded","damage_taken":0,"max_hp_gain":0,"max_hp_loss":0,"event_name":"Upgrade Shrine","floor":46,"gold_loss":0,"cards_upgraded":["Fission"]}],"is_beta":false,"boss_relics":[{"not_picked":["Ectoplasm","Velvet Choker"],"picked":"Calling Bell"},{"not_picked":["Philosopher\u0027s Stone","Runic Dome"],"picked":"Empty Cage"}],"items_purged_floors":[4,19,31,36],"is_endless":false,"potions_floor_spawned":[5,7,11,12,20,24,28,33,35,44],"killed_by":"3 Darklings","ascension_level":0}