{"gold_per_floor":[119,139,139,139,139,169,169,199,223,241,268,268,296,312,312,386,386,396,396],"floor_reached":19,"playtime":360,"items_purged":[],"score":420,"play_id":"6e3d6eef-bc33-4045-87ea-a3144f28738f","local_time":"20190531161720","is_ascension_mode":true,"campfire_choices":[{"data":"Pommel Strike","floor":7,"key":"SMITH"},{"data":"Bludgeon","floor":15,"key":"SMITH"}],"neow_cost":"NONE","seed_source_timestamp":78691999333305,"circlet_count":0,"master_deck":["AscendersBane","Strike_R+1","Strike_R","Defend_R","Defend_R","Defend_R","Defend_R+1","Bash","Pommel Strike+1","Bludgeon+1","Shrug It Off","Dropkick","Feed"],"relics":["Burning Blood","NeowsBlessing","Shuriken","Oddly Smooth Stone","Bag of Preparation","Omamori","Dream Catcher","WingedGreaves","Empty Cage"],"potions_floor_usage":[16],"damage_taken":[{"damage":0,"enemies":"2 Louse","floor":1,"turns":1},{"damage":0,"enemies":"Small Slimes","floor":2,"turns":1},{"damage":0,"enemies":"Lagavulin","floor":6,"turns":1},{"damage":0,"enemies":"Jaw Worm","floor":10,"turns":3},{"damage":23,"enemies":"3 Sentries","floor":11,"turns":8},{"damage":32,"enemies":"Gremlin Nob","floor":13,"turns":4},{"damage":11,"enemies":"Looter","floor":14,"turns":3},{"damage":12,"enemies":"Slime Boss","floor":16,"turns":9},{"damage":36,"enemies":"2 Thieves","floor":18,"turns":5},{"damage":33,"enemies":"3 Byrds","floor":19,"turns":3}],"seed_played":"7588627206761992600","potions_obtained":[{"floor":6,"key":"FairyPotion"},{"floor":10,"key":"AttackPotion"}],"is_trial":false,"path_per_floor":["M","M","?","?","T","E","R","?","T","M","E","?","E","M","R","B",null,"M","M"],"character_chosen":"IRONCLAD","items_purchased":[],"campfire_rested":0,"item_purchase_floors":[],"current_hp_per_floor":[74,75,52,45,45,51,51,51,51,57,40,65,39,34,34,28,63,33,7],"gold":396,"neow_bonus":"THREE_ENEMY_KILL","is_prod":false,"is_daily":false,"chose_seed":false,"campfire_upgraded":2,"win_rate":0,"timestamp":1559290640,"path_taken":["M","M","?","?","?","E","R","?","T","M","E","?","E","M","R","BOSS","M","M"],"build_version":"2019-01-23","purchased_purges":0,"victory":false,"max_hp_per_floor":[75,75,75,75,75,75,75,75,75,75,75,75,75,75,75,75,75,75,75],"card_choices":[{"not_picked":["Twin Strike","Entrench","Flex"],"picked":"SKIP","floor":1},{"not_picked":["Headbutt","Thunderclap","Anger"],"picked":"SKIP","floor":2},{"not_picked":["Twin Strike","Thunderclap"],"picked":"Pommel Strike","floor":6},{"not_picked":["Havoc","Headbutt"],"picked":"Bludgeon","floor":10},{"not_picked":["Bludgeon","Corruption"],"picked":"Shrug It Off","floor":11},{"not_picked":["Wild Strike","Twin Strike","Intimidate"],"picked":"SKIP","floor":13},{"not_picked":["Clothesline","Shrug It Off"],"picked":"Dropkick","floor":14},{"not_picked":["Exhume","Limit Break"],"picked":"Feed","floor":16},{"not_picked":["Combust","Thunderclap","Pommel Strike"],"picked":"SKIP","floor":18}],"player_experience":1802098,"relics_obtained":[{"floor":5,"key":"Shuriken"},{"floor":6,"key":"Oddly Smooth Stone"},{"floor":9,"key":"Omamori"},{"floor":11,"key":"Dream Catcher"},{"floor":13,"key":"WingedGreaves"}],"event_choices":[{"damage_healed":0,"gold_gain":0,"player_choice":"Entered Light","damage_taken":23,"max_hp_gain":0,"max_hp_loss":0,"event_name":"Shining Light","floor":3,"gold_loss":0,"cards_upgraded":["Strike_R","Defend_R"]},{"cards_removed":["Strike_R"],"damage_healed":0,"gold_gain":0,"player_choice":"Card Removal","damage_taken":7,"max_hp_gain":0,"max_hp_loss":0,"event_name":"Golden Wing","floor":4,"gold_loss":0},{"damage_healed":0,"gold_gain":30,"player_choice":"Searched \u00272\u0027 times","damage_taken":0,"relics_obtained":["Bag of Preparation"],"max_hp_gain":0,"max_hp_loss":0,"event_name":"Dead Adventurer","floor":8,"gold_loss":0},{"damage_healed":25,"gold_gain":0,"player_choice":"Banana","damage_taken":0,"max_hp_gain":0,"max_hp_loss":0,"event_name":"Big Fish","floor":12,"gold_loss":0}],"is_beta":false,"boss_relics":[{"not_picked":["Runic Dome","Black Blood"],"picked":"Empty Cage"}],"items_purged_floors":[],"is_endless":false,"potions_floor_spawned":[6,10,11],"killed_by":"3 Byrds","ascension_level":20}