{"gold_per_floor":[20,34,34,34,44,44,58,58,82,82,98,122,122,141,141,219,219,234,149,165,165,37,71,90,107,107,121,121,21,21,37,37,109,109,124,175,100,112,123,158,158,191,191,191,201,221,237,71,71,71,71,71,71,18,53,53],"floor_reached":57,"playtime":1662,"items_purged":["Pain","Strike_R","Bash"],"score":3352,"play_id":"db1b1c1b-fba7-4b2b-98c4-b0026ca1733f","local_time":"20190606222249","is_ascension_mode":true,"campfire_choices":[{"data":"Searing Blow","floor":6.0,"key":"SMITH"},{"data":"Searing Blow+1","floor":8.0,"key":"SMITH"},{"data":"Searing Blow+2","floor":13.0,"key":"SMITH"},{"data":"Searing Blow+3","floor":15.0,"key":"SMITH"},{"data":"Searing Blow+4","floor":28.0,"key":"SMITH"},{"data":"Searing Blow+5","floor":30.0,"key":"SMITH"},{"data":"Searing Blow+6","floor":32.0,"key":"SMITH"},{"data":"Searing Blow+7","floor":41,"key":"SMITH"},{"data":"Searing Blow+8","floor":44,"key":"SMITH"},{"floor":49,"key":"RECALL"},{"data":"Searing Blow+9","floor":53,"key":"SMITH"}],"neow_cost":"NO_GOLD","seed_source_timestamp":369060024997043,"circlet_count":0,"master_deck":["AscendersBane","Defend_R","Defend_R","Defend_R","Defend_R","Searing Blow+10","Burning Pact","Offering","Shrug It Off","Body Slam+1","Havoc+1","Armaments+1","Impervious","Bludgeon","Sentinel+1","Battle Trance","True Grit+1","Power Through","Feel No Pain"],"special_seed":0,"relics":["Burning Blood","Pen Nib","Ancient Tea Set","WarpedTongs","Art of War","Runic Pyramid","Potion Belt","Necronomicon","Paper Frog","Coffee Dripper","FossilizedHelix","Regal Pillow","Strawberry","Sundial","Dodecahedron"],"potions_floor_usage":[56,56,56],"damage_taken":[{"damage":10.0,"enemies":"2 Louse","floor":1.0,"turns":3.0},{"damage":6.0,"enemies":"Jaw Worm","floor":2.0,"turns":5.0},{"damage":12.0,"enemies":"Cultist","floor":5.0,"turns":5.0},{"damage":12.0,"enemies":"Exordium Wildlife","floor":7.0,"turns":4.0},{"damage":12.0,"enemies":"Exordium Thugs","floor":11.0,"turns":5.0},{"damage":9.0,"enemies":"Looter","floor":14.0,"turns":2.0},{"damage":7.0,"enemies":"Slime Boss","floor":16.0,"turns":4.0},{"damage":12.0,"enemies":"Chosen","floor":18.0,"turns":5.0},{"damage":12.0,"enemies":"Spheric Guardian","floor":20.0,"turns":3.0},{"damage":6.0,"enemies":"Gremlin Leader","floor":23.0,"turns":3.0},{"damage":12.0,"enemies":"Snake Plant","floor":24.0,"turns":2.0},{"damage":6.0,"enemies":"Chosen and Byrds","floor":25.0,"turns":3.0},{"damage":2.0,"enemies":"Cultist and Chosen","floor":27.0,"turns":5.0},{"damage":0.0,"enemies":"Centurion and Healer","floor":31.0,"turns":3.0},{"damage":6.0,"enemies":"Champ","floor":33.0,"turns":3.0},{"damage":11.0,"enemies":"3 Darklings","floor":35.0,"turns":5.0},{"damage":6.0,"enemies":"2 Orb Walkers","floor":36.0,"turns":2.0},{"damage":0,"enemies":"3 Shapes","floor":38,"turns":2},{"damage":0,"enemies":"Jaw Worm Horde","floor":39,"turns":2},{"damage":0,"enemies":"Giant Head","floor":40,"turns":4},{"damage":0,"enemies":"Nemesis","floor":42,"turns":5},{"damage":0,"enemies":"4 Shapes","floor":45,"turns":3},{"damage":0,"enemies":"Maw","floor":46,"turns":2},{"damage":0,"enemies":"Writhing Mass","floor":47,"turns":1},{"damage":0,"enemies":"Donu and Deca","floor":50,"turns":3},{"damage":6,"enemies":"Awakened One","floor":51,"turns":4},{"damage":0,"enemies":"Shield and Spear","floor":55,"turns":2},{"damage":6,"enemies":"The Heart","floor":56,"turns":7}],"seed_played":"5838950174674505915","potions_obtained":[{"floor":1.0,"key":"Swift Potion"},{"floor":7.0,"key":"Strength Potion"},{"floor":16.0,"key":"SpeedPotion"},{"floor":18.0,"key":"SteroidPotion"},{"floor":25.0,"key":"SteroidPotion"},{"floor":27.0,"key":"AttackPotion"},{"floor":33.0,"key":"SmokeBomb"},{"floor":35.0,"key":"Energy Potion"},{"floor":36.0,"key":"Fruit Juice"},{"floor":42,"key":"Strength Potion"},{"floor":46,"key":"GamblersBrew"}],"is_trial":false,"path_per_floor":["M","M","$","?","M","R","M","R","T","?","M","T","R","M","R","B",null,"M","?","M","?","$","E","M","M","T","M","R","$","R","M","R","B",null,"M","?","?","M","M","E","R","E","T","R","M","M","M","$","R","B","B",null,"R","$","E","B",null],"character_chosen":"IRONCLAD","items_purchased":["SkillPotion","Feel No Pain","PowerPotion"],"campfire_rested":0,"item_purchase_floors":[22,48,54],"current_hp_per_floor":[64,64,64,46,40,40,34,34,34,34,28,28,28,25,25,24,62,56,56,50,29,29,29,23,23,23,27,27,27,27,33,33,33,65,60,65,65,71,77,80,80,87,87,87,87,87,87,87,87,87,87,87,87,87,87,87],"gold":53,"neow_bonus":"REMOVE_TWO","is_prod":false,"is_daily":false,"chose_seed":false,"campfire_upgraded":10,"win_rate":0,"timestamp":1559830969,"path_taken":["M","M","$","?","M","R","M","R","T","?","?","?","R","M","R","BOSS","M","?","M","?","$","E","M","M","T","M","R","?","R","?","R","BOSS","M","?","?","?","M","E","R","E","T","R","M","M","M","$","R","BOSS","BOSS","R","$","E","BOSS"],"build_version":"2019-01-23","purchased_purges":3,"victory":true,"max_hp_per_floor":[75,75,75,75,75,75,75,75,75,75,75,75,75,75,75,75,75,75,75,75,75,75,75,75,75,75,75,75,75,75,75,75,75,75,75,80,80,80,80,80,80,87,87,87,87,87,87,87,87,87,87,87,87,87,87,87],"card_choices":[{"not_picked":["Iron Wave","Pommel Strike"],"picked":"Searing Blow","floor":1.0},{"not_picked":["Rampage","Iron Wave"],"picked":"Burning Pact","floor":2.0},{"not_picked":["Twin Strike","Headbutt","Spot Weakness"],"picked":"SKIP","floor":5.0},{"not_picked":["Thunderclap","Flex"],"picked":"Offering","floor":7.0},{"not_picked":["Anger","Perfected Strike"],"picked":"Shrug It Off","floor":11.0},{"not_picked":["Dark Embrace","Thunderclap","Heavy Blade"],"picked":"SKIP","floor":14.0},{"not_picked":["Entrench","Warcry"],"picked":"Body Slam+1","floor":18.0},{"not_picked":["Body Slam","Iron Wave"],"picked":"Havoc+1","floor":20.0},{"not_picked":["Iron Wave","Immolate","Perfected Strike"],"picked":"SKIP","floor":23.0},{"not_picked":["Clash","Anger","Searing Blow"],"picked":"SKIP","floor":24.0},{"not_picked":["Heavy Blade","Intimidate"],"picked":"Armaments+1","floor":25.0},{"not_picked":["Shrug It Off","Warcry","Sword Boomerang"],"picked":"SKIP","floor":27.0},{"not_picked":["Spot Weakness","Cleave","Thunderclap"],"picked":"SKIP","floor":31.0},{"not_picked":["Clothesline","Perfected Strike","Sword Boomerang"],"picked":"SKIP","floor":35.0},{"not_picked":["Anger","Twin Strike","Bloodletting"],"picked":"SKIP","floor":38},{"not_picked":["Entrench","Sentinel+1","Iron Wave"],"picked":"SKIP","floor":39},{"not_picked":["Entrench","Iron Wave"],"picked":"Sentinel+1","floor":39},{"not_picked":["Fire Breathing","Sword Boomerang+1","Uppercut"],"picked":"SKIP","floor":40},{"not_picked":["Sword Boomerang+1","Fire Breathing"],"picked":"Battle Trance","floor":42},{"not_picked":["Body Slam+1","Thunderclap+1"],"picked":"True Grit+1","floor":45},{"not_picked":["Feed","True Grit"],"picked":"Power Through","floor":46},{"not_picked":["Metallicize","Warcry","Carnage"],"picked":"SKIP","floor":47},{"not_picked":["Perfected Strike","Wild Strike","Searing Blow"],"picked":"SKIP","floor":55}],"player_experience":1893079,"relics_obtained":[{"floor":9.0,"key":"Ancient Tea Set"},{"floor":12.0,"key":"Art of War"},{"floor":21.0,"key":"Necronomicon"},{"floor":23.0,"key":"Paper Frog"},{"floor":36.0,"key":"FossilizedHelix"},{"floor":40,"key":"Regal Pillow"},{"floor":42,"key":"Strawberry"},{"floor":43,"key":"Sundial"},{"floor":55,"key":"Dodecahedron"}],"event_choices":[{"damage_healed":0.0,"max_hp_gain":0.0,"max_hp_loss":0.0,"gold_gain":0.0,"event_name":"Scrap Ooze","player_choice":"Success","floor":4.0,"gold_loss":0.0,"damage_taken":18.0,"relics_obtained":["Pen Nib"]},{"damage_healed":0.0,"max_hp_gain":0.0,"max_hp_loss":0.0,"gold_gain":0.0,"event_name":"Accursed Blacksmith","player_choice":"Rummage","floor":10.0,"gold_loss":0.0,"damage_taken":0.0,"relics_obtained":["WarpedTongs"],"cards_obtained":["Pain"]},{"damage_healed":0.0,"max_hp_gain":0.0,"max_hp_loss":0.0,"gold_gain":0.0,"event_name":"Addict","player_choice":"Obtained Relic","floor":19.0,"gold_loss":85.0,"damage_taken":0.0,"relics_obtained":["Potion Belt"]},{"damage_healed":0.0,"max_hp_gain":0.0,"max_hp_loss":0.0,"gold_gain":0.0,"event_name":"Cursed Tome","player_choice":"Obtained Book","floor":21.0,"gold_loss":0.0,"damage_taken":21.0},{"damage_healed":0.0,"max_hp_gain":0.0,"max_hp_loss":0.0,"gold_gain":0.0,"event_name":"Mysterious Sphere","player_choice":"Fight","floor":36.0,"gold_loss":0.0,"damage_taken":0.0},{"damage_healed":0,"gold_gain":0,"cards_transformed":["Strike_R","Strike_R"],"player_choice":"Transformed Cards","damage_taken":0,"max_hp_gain":0,"max_hp_loss":0,"event_name":"Designer","floor":37,"gold_loss":75,"cards_obtained":["Impervious","Bludgeon"]}],"is_beta":false,"boss_relics":[{"not_picked":["Philosopher\u0027s Stone","Orrery"],"picked":"Runic Pyramid"},{"not_picked":["Black Blood","Sozu"],"picked":"Coffee Dripper"}],"items_purged_floors":[22,29,48],"is_endless":false,"potions_floor_spawned":[1,7,16,18,25,27,33,35,36,42,46,47],"ascension_level":20}