{"gold_per_floor":[14,26,46,46,4,4,4,4,74,74,88,121,46,46,46,120,120,130,130,148,4,14,14,30,30,30,43,43,60,60,78,78,78],"floor_reached":33,"playtime":1214,"items_purged":["Strike_B","Defend_B"],"score":494,"play_id":"5ec9e6c3-12f2-41f6-bffd-40fa025da10a","local_time":"20190524161454","is_ascension_mode":true,"campfire_choices":[{"data":"Fusion","floor":6.0,"key":"SMITH"},{"data":"Zap","floor":8.0,"key":"SMITH"},{"data":"Dualcast","floor":10.0,"key":"SMITH"},{"floor":15.0,"key":"REST"},{"data":"Turbo","floor":23.0,"key":"SMITH"},{"data":"Heatsinks","floor":25.0,"key":"SMITH"},{"data":"Sunder","floor":32.0,"key":"SMITH"}],"neow_cost":"NO_GOLD","seed_source_timestamp":50896260923250,"circlet_count":0,"master_deck":["AscendersBane","Defend_B","Defend_B","Zap+1","Dualcast+1","Turbo+1","Glacier","White Noise","Fusion+1","Conserve Battery","Skim","Beam Cell","Biased Cognition","Skim+1","Rebound+1","Reprogram+1","Hologram","Ball Lightning","Heatsinks+1","Compile Driver","Cold Snap","Recycle","Sunder+1"],"special_seed":0,"relics":["Cracked Core","StoneCalendar","Symbiotic Virus","Thread and Needle","Astrolabe","Orichalcum"],"potions_floor_usage":[33],"damage_taken":[{"damage":1.0,"enemies":"Cultist","floor":1.0,"turns":4.0},{"damage":14.0,"enemies":"Jaw Worm","floor":2.0,"turns":4.0},{"damage":0.0,"enemies":"2 Louse","floor":3.0,"turns":2.0},{"damage":3.0,"enemies":"Lots of Slimes","floor":11.0,"turns":4.0},{"damage":19.0,"enemies":"3 Sentries","floor":12.0,"turns":7.0},{"damage":1.0,"enemies":"Slime Boss","floor":16.0,"turns":7.0},{"damage":9.0,"enemies":"3 Byrds","floor":18.0,"turns":3.0},{"damage":2.0,"enemies":"Shell Parasite","floor":20.0,"turns":4.0},{"damage":4.0,"enemies":"Centurion and Healer","floor":22.0,"turns":7.0},{"damage":8.0,"enemies":"Chosen and Byrds","floor":24.0,"turns":5.0},{"damage":7.0,"enemies":"Shelled Parasite and Fungi","floor":27.0,"turns":4.0},{"damage":8.0,"enemies":"Cultist and Chosen","floor":29.0,"turns":5.0},{"damage":2.0,"enemies":"Snake Plant","floor":31.0,"turns":4.0},{"damage":11,"enemies":"Collector","floor":33,"turns":9}],"seed_played":"-2888020768750449787","potions_obtained":[{"floor":11.0,"key":"Strength Potion"},{"floor":12.0,"key":"Explosive Potion"},{"floor":19.0,"key":"LiquidBronze"},{"floor":19.0,"key":"FearPotion"},{"floor":24.0,"key":"Energy Potion"}],"is_trial":false,"path_per_floor":["M","M","M","?","$","R","$","R","T","R","M","E","$","?","R","B",null,"M","?","M","$","M","R","M","R","T","M","$","M","?","M","R","B"],"character_chosen":"DEFECT","items_purchased":["Fusion","Heatsinks"],"campfire_rested":1,"item_purchase_floors":[5,21],"current_hp_per_floor":[63,49,49,28,28,28,28,28,28,28,25,6,6,6,27,26,60,51,51,49,49,45,45,37,37,37,30,30,22,22,20,20,9],"gold":78,"neow_bonus":"ONE_RARE_RELIC","is_prod":false,"is_daily":false,"chose_seed":false,"campfire_upgraded":6,"win_rate":0,"timestamp":1558685694,"path_taken":["M","M","M","?","$","R","?","R","T","R","M","E","$","?","R","BOSS","M","?","M","$","M","R","?","R","T","M","?","M","?","?","R","BOSS"],"build_version":"2019-01-23","purchased_purges":2,"victory":false,"max_hp_per_floor":[71,71,71,71,71,71,71,71,71,71,71,71,71,71,71,71,71,71,71,71,71,71,71,71,71,71,71,71,71,71,71,71,71],"card_choices":[{"not_picked":["Leap","Rebound"],"picked":"Turbo","floor":1.0},{"not_picked":["Rebound","Sweeping Beam"],"picked":"Glacier","floor":2.0},{"not_picked":["Turbo","Stack"],"picked":"White Noise","floor":3.0},{"not_picked":["Reprogram","FTL"],"picked":"Conserve Battery","floor":11.0},{"not_picked":["Go for the Eyes","Tempest"],"picked":"Skim","floor":12.0},{"not_picked":["Electrodynamics","Fission"],"picked":"Biased Cognition","floor":16.0},{"not_picked":["Sweeping Beam+1","Barrage"],"picked":"Hologram","floor":18.0},{"not_picked":["Go for the Eyes","Sweeping Beam"],"picked":"Ball Lightning","floor":20.0},{"not_picked":["White Noise","FTL"],"picked":"Compile Driver","floor":22.0},{"not_picked":["Stack","Hologram"],"picked":"Cold Snap","floor":24.0},{"not_picked":["Genetic Algorithm","Turbo","Beam Cell"],"picked":"SKIP","floor":27.0},{"not_picked":["Coolheaded","Cold Snap"],"picked":"Recycle","floor":29.0},{"not_picked":["Steam","Redo"],"picked":"Sunder","floor":31.0}],"player_experience":1753447,"relics_obtained":[{"floor":9.0,"key":"Symbiotic Virus"},{"floor":12.0,"key":"Thread and Needle"},{"floor":26.0,"key":"Orichalcum"}],"event_choices":[{"damage_healed":0.0,"max_hp_gain":0.0,"max_hp_loss":0.0,"gold_gain":0.0,"event_name":"Shining Light","player_choice":"Entered Light","floor":4.0,"gold_loss":0.0,"damage_taken":21.0,"cards_upgraded":["Strike_B","Strike_B"]},{"damage_healed":0.0,"max_hp_gain":0.0,"max_hp_loss":0.0,"gold_gain":0.0,"cards_transformed":["Strike_B"],"event_name":"Living Wall","player_choice":"Change","floor":14.0,"gold_loss":0.0,"damage_taken":0.0,"cards_obtained":["Beam Cell"]},{"damage_healed":0.0,"max_hp_gain":0.0,"max_hp_loss":0.0,"gold_gain":0.0,"event_name":"Lab","player_choice":"Got Potions","floor":19.0,"gold_loss":0.0,"damage_taken":0.0},{"damage_healed":0.0,"max_hp_gain":0.0,"max_hp_loss":0.0,"gold_gain":0.0,"event_name":"The Mausoleum","player_choice":"Ignored","floor":30.0,"gold_loss":0.0,"damage_taken":0.0}],"is_beta":false,"boss_relics":[{"not_picked":["Nuclear Battery","Busted Crown"],"picked":"Astrolabe"}],"items_purged_floors":[13,21],"is_endless":false,"potions_floor_spawned":[11,12,24,27],"killed_by":"Collector","ascension_level":20}