{"gold_per_floor":[119,119,143,161,236,236,255,255,309,309,353,353,35,35],"floor_reached":14,"playtime":339,"items_purged":["Strike_R"],"score":154,"play_id":"f5e39d7e-f996-4460-8f02-5e7e934d5fef","local_time":"20190803021240","is_ascension_mode":true,"campfire_choices":[{"data":"Bash","floor":6,"key":"SMITH"},{"data":"Pommel Strike","floor":8,"key":"SMITH"},{"data":"Metallicize","floor":10,"key":"SMITH"}],"neow_cost":"NONE","seed_source_timestamp":611927563970567,"circlet_count":0,"master_deck":["AscendersBane","Strike_R","Strike_R","Strike_R","Strike_R","Defend_R","Defend_R","Defend_R","Defend_R","Bash+1","Sword Boomerang","Pommel Strike+1","Metallicize+1","Shrug It Off","Limit Break"],"relics":["Burning Blood","Golden Idol","Oddly Smooth Stone","Strawberry","Mummified Hand"],"potions_floor_usage":[],"damage_taken":[{"damage":4,"enemies":"2 Louse","floor":1,"turns":3},{"damage":7,"enemies":"Jaw Worm","floor":3,"turns":3},{"damage":13,"enemies":"Small Slimes","floor":4,"turns":4},{"damage":9,"enemies":"2 Fungi Beasts","floor":7,"turns":5},{"damage":24,"enemies":"Gremlin Nob","floor":11,"turns":4},{"damage":50,"enemies":"Lagavulin","floor":14,"turns":13}],"seed_played":"-3067063939724662701","potions_obtained":[{"floor":1,"key":"Dexterity Potion"},{"floor":7,"key":"LiquidBronze"}],"is_trial":false,"path_per_floor":["M","?","M","M","?","R","M","R","T","R","E","?","$","E"],"character_chosen":"IRONCLAD","items_purchased":["Mummified Hand"],"campfire_rested":0,"item_purchase_floors":[13],"current_hp_per_floor":[77,49,48,41,30,30,27,27,27,27,16,45,45,0],"gold":35,"neow_bonus":"TEN_PERCENT_HP_BONUS","is_prod":false,"is_daily":false,"chose_seed":false,"campfire_upgraded":3,"win_rate":0,"timestamp":1564812760,"path_taken":["M","?","M","M","?","R","M","R","T","R","E","?","$","E"],"build_version":"2019-07-17","purchased_purges":1,"victory":false,"max_hp_per_floor":[82,82,82,82,82,82,82,82,82,82,89,89,89,89],"card_choices":[{"not_picked":["Sever Soul","Flex"],"picked":"Sword Boomerang","floor":1},{"not_picked":["Twin Strike","Iron Wave"],"picked":"Pommel Strike","floor":3},{"not_picked":["Warcry","Anger"],"picked":"Metallicize","floor":4},{"not_picked":["Headbutt","Searing Blow"],"picked":"Shrug It Off","floor":7},{"not_picked":["Iron Wave","Perfected Strike"],"picked":"Limit Break","floor":11}],"player_experience":1657939,"relics_obtained":[{"floor":9,"key":"Oddly Smooth Stone"},{"floor":11,"key":"Strawberry"}],"event_choices":[{"damage_healed":0,"gold_gain":0,"player_choice":"Take Damage","damage_taken":28,"relics_obtained":["Golden Idol"],"max_hp_gain":0,"max_hp_loss":0,"event_name":"Golden Idol","floor":2,"gold_loss":0},{"damage_healed":0,"gold_gain":75,"player_choice":"Gather Gold","damage_taken":11,"max_hp_gain":0,"max_hp_loss":0,"event_name":"World of Goop","floor":5,"gold_loss":0},{"damage_healed":29,"gold_gain":0,"player_choice":"Banana","damage_taken":0,"max_hp_gain":0,"max_hp_loss":0,"event_name":"Big Fish","floor":12,"gold_loss":0}],"is_beta":false,"boss_relics":[],"items_purged_floors":[13],"is_endless":false,"potions_floor_spawned":[1,7],"killed_by":"Lagavulin","ascension_level":15}