{"gold_per_floor":[113,132,82,7,7,7,7,38,63,106,106,106],"floor_reached":12,"playtime":376,"items_purged":["Strike_R"],"score":84,"play_id":"ba48289e-0eb6-449f-8781-003e2b12a6cb","local_time":"20190110173931","is_ascension_mode":false,"campfire_choices":[{"data":"Armaments","floor":6,"key":"SMITH"}],"neow_cost":"NONE","seed_source_timestamp":85945836809007,"circlet_count":0,"master_deck":["Strike_R+1","Strike_R+1","Strike_R","Defend_R","Defend_R","Bash+1","Sentinel","Armaments+1","Dark Embrace+1","Battle Trance+1"],"relics":["Burning Blood","Golden Idol","Toxic Egg 2","Whetstone","Art of War"],"potions_floor_usage":[10],"damage_taken":[{"damage":0,"enemies":"Small Slimes","floor":1,"turns":3},{"damage":8,"enemies":"Jaw Worm","floor":2,"turns":4},{"damage":28,"enemies":"Gremlin Nob","floor":8,"turns":4},{"damage":30,"enemies":"3 Sentries","floor":10,"turns":9},{"damage":13,"enemies":"Lagavulin","floor":12,"turns":2}],"seed_played":"4206328403623009089","potions_obtained":[{"floor":8,"key":"Strength Potion"},{"floor":10,"key":"Weak Potion"}],"is_trial":false,"path_per_floor":["M","M","?","$","?","R","?","E","T","E","?","E"],"character_chosen":"IRONCLAD","items_purchased":[],"campfire_rested":0,"item_purchase_floors":[],"current_hp_per_floor":[80,78,78,78,74,74,67,45,45,21,6,0],"gold":106,"neow_bonus":"TRANSFORM_CARD","is_prod":false,"is_daily":false,"chose_seed":false,"campfire_upgraded":1,"win_rate":0,"timestamp":1547159971,"path_taken":["M","M","?","$","?","R","?","E","T","E","?","E"],"build_version":"2019-01-03v4","purchased_purges":1,"victory":false,"max_hp_per_floor":[80,80,80,80,74,74,74,74,74,74,74,74],"card_choices":[{"not_picked":["Pommel Strike","Dropkick"],"picked":"Armaments","floor":1},{"not_picked":["Headbutt","Metallicize"],"picked":"Dark Embrace","floor":2},{"not_picked":["Heavy Blade","Reckless Charge","Berserk"],"picked":"SKIP","floor":8},{"not_picked":["Heavy Blade","Sever Soul"],"picked":"Battle Trance+1","floor":10}],"player_experience":509241,"relics_obtained":[{"floor":8,"key":"Toxic Egg 2"},{"floor":9,"key":"Whetstone"},{"floor":10,"key":"Art of War"}],"event_choices":[{"cards_removed":["Defend_R"],"damage_healed":0,"gold_gain":0,"player_choice":"Card Removal","damage_taken":0,"max_hp_gain":0,"max_hp_loss":0,"event_name":"The Cleric","floor":3,"gold_loss":50},{"damage_healed":0,"gold_gain":0,"player_choice":"Lose Max HP","damage_taken":0,"relics_obtained":["Golden Idol"],"max_hp_gain":0,"max_hp_loss":6,"event_name":"Golden Idol","floor":5,"gold_loss":0},{"cards_removed":["Strike_R"],"damage_healed":0,"gold_gain":0,"player_choice":"Card Removal","damage_taken":7,"max_hp_gain":0,"max_hp_loss":0,"event_name":"Golden Wing","floor":7,"gold_loss":0},{"damage_healed":0,"gold_gain":0,"player_choice":"Entered Light","damage_taken":15,"max_hp_gain":0,"max_hp_loss":0,"event_name":"Shining Light","floor":11,"gold_loss":0,"cards_upgraded":["Strike_R","Dark Embrace"]}],"is_beta":false,"boss_relics":[],"items_purged_floors":[4],"is_endless":false,"potions_floor_spawned":[8,10],"killed_by":"Lagavulin","ascension_level":0}