{"gold_per_floor":[112,132,132,132,147,182,182,210,210,229,239,239,271,285,285,390,390,402,422,422,436,31,43,43,71,71,82,7,42,120,135,135,135],"floor_reached":33,"playtime":2509,"items_purged":[],"score":402,"play_id":"48cd6fcc-950b-4740-9a63-c8fd1d17023b","local_time":"20180724220007","is_ascension_mode":true,"campfire_choices":[{"data":"Footwork","floor":7,"key":"SMITH"},{"data":"Bouncing Flask","floor":12,"key":"SMITH"},{"data":"Calculated Gamble","floor":15,"key":"SMITH"},{"data":"Reflex","floor":24,"key":"SMITH"},{"floor":32,"key":"REST"}],"neow_cost":"","seed_source_timestamp":283695235505002,"circlet_count":0,"master_deck":["Defend_G","Defend_G","Defend_G","Defend_G","Defend_G","Strike_G","Strike_G","Strike_G","Strike_G","Strike_G","Survivor","Neutralize","Footwork+1","Dagger Throw","Calculated Gamble+1","Bouncing Flask+1","Catalyst","Poisoned Stab","Dash","Backflip","All Out Attack","Adrenaline","Prepared","Expertise","A Thousand Cuts","Cloak And Dagger","Cloak And Dagger","Choke","Reflex+1","Backflip","Prepared","Tactician","Deadly Poison"],"relics":["Ring of the Snake","Tingsha","Gambling Chip","The Specimen","Orichalcum","HoveringKite","Nunchaku","Blood Vial","Omamori","Frozen Egg 2","Darkstone Periapt"],"potions_floor_usage":[6,6,13,16,16,16,21,25],"damage_taken":[{"damage":0,"enemies":"Jaw Worm","floor":1,"turns":6},{"damage":0,"enemies":"Cultist","floor":2,"turns":4},{"damage":0,"enemies":"Small Slimes","floor":5,"turns":4},{"damage":6,"enemies":"3 Sentries","floor":6,"turns":10},{"damage":20,"enemies":"Gremlin Nob","floor":8,"turns":4},{"damage":0,"enemies":"Looter","floor":10,"turns":3},{"damage":8,"enemies":"Exordium Thugs","floor":11,"turns":5},{"damage":2,"enemies":"Lagavulin","floor":13,"turns":4},{"damage":0,"enemies":"Red Slaver","floor":14,"turns":1},{"damage":10,"enemies":"Slime Boss","floor":16,"turns":8},{"damage":0,"enemies":"Chosen","floor":18,"turns":3},{"damage":2,"enemies":"Shell Parasite","floor":19,"turns":3},{"damage":19,"enemies":"Centurion and Healer","floor":21,"turns":4},{"damage":0,"enemies":"Snake Plant","floor":23,"turns":2},{"damage":12,"enemies":"Slavers","floor":25,"turns":5},{"damage":13,"enemies":"Snecko","floor":27,"turns":4},{"damage":14,"enemies":"Gremlin Leader","floor":29,"turns":5},{"damage":0,"enemies":"Sentry and Sphere","floor":31,"turns":3},{"damage":39,"enemies":"Collector","floor":33,"turns":3}],"seed_played":"-3829736587217993621","potions_obtained":[{"floor":1,"key":"Strength Potion"},{"floor":4,"key":"EssenceOfSteel"},{"floor":4,"key":"Explosive Potion"},{"floor":10,"key":"GhostInAJar"},{"floor":13,"key":"AttackPotion"},{"floor":14,"key":"GamblersBrew"},{"floor":19,"key":"AttackPotion"},{"floor":21,"key":"Fire Potion"},{"floor":25,"key":"SteroidPotion"}],"is_trial":false,"path_per_floor":["M","M","?","?","M","E","R","E","T","M","M","R","E","M","R","B",null,"M","M","?","M","$","M","R","E","T","M","?","E","T","M","R"],"character_chosen":"THE_SILENT","items_purchased":["Cloak And Dagger","Choke","Nunchaku"],"campfire_rested":1,"item_purchase_floors":[22,22,22],"current_hp_per_floor":[63,63,63,63,63,57,57,37,37,37,29,29,27,27,27,17,57,57,55,55,36,36,36,36,24,24,13,13,1,1,3,24,0],"gold":135,"neow_bonus":"","is_prod":false,"is_daily":false,"chose_seed":false,"campfire_upgraded":4,"win_rate":0,"timestamp":1532484007,"path_taken":["M","M","?","?","M","E","R","E","T","M","M","R","E","M","R","BOSS","M","M","?","M","$","M","R","E","T","M","?","E","?","M","R","BOSS"],"build_version":"2018-07-19v2","purchased_purges":0,"victory":false,"max_hp_per_floor":[70,70,70,70,70,70,70,70,70,70,70,70,70,70,70,70,70,70,70,70,70,70,70,70,70,70,70,70,70,70,70,70,70],"card_choices":[{"not_picked":["Acrobatics","Concentrate"],"picked":"Footwork","floor":1},{"not_picked":["Deadly Poison","Dagger Spray"],"picked":"Dagger Throw","floor":2},{"not_picked":["Dagger Spray","Quick Slash"],"picked":"Calculated Gamble","floor":5},{"not_picked":["Quick Slash","Phantasmal Killer"],"picked":"Bouncing Flask","floor":6},{"not_picked":["Poisoned Stab","Flying Knee"],"picked":"Catalyst","floor":8},{"not_picked":["Dagger Spray","Acrobatics"],"picked":"Poisoned Stab","floor":10},{"not_picked":["Caltrops","Eviscerate"],"picked":"Dash","floor":11},{"not_picked":["Flying Knee","Poisoned Stab"],"picked":"Backflip","floor":13},{"not_picked":["Outmaneuver","Distraction"],"picked":"All Out Attack","floor":14},{"not_picked":["Wraith Form v2","Doppelganger"],"picked":"Adrenaline","floor":16},{"not_picked":["Sucker Punch","Outmaneuver"],"picked":"Prepared","floor":18},{"not_picked":["Sucker Punch","PiercingWail+1"],"picked":"Expertise","floor":19},{"not_picked":["Sucker Punch","Tools of the Trade"],"picked":"Cloak And Dagger","floor":21},{"not_picked":["Masterful Stab","Slice"],"picked":"Reflex","floor":23},{"not_picked":["Dagger Spray","Glass Knife"],"picked":"Backflip","floor":25},{"not_picked":["Outmaneuver+1","Endless Agony"],"picked":"Prepared","floor":27},{"not_picked":["Outmaneuver","Dagger Throw"],"picked":"Tactician","floor":29},{"not_picked":["Terror","Outmaneuver+1"],"picked":"Deadly Poison","floor":31}],"player_experience":298418,"relics_obtained":[{"floor":6,"key":"Tingsha"},{"floor":8,"key":"Gambling Chip"},{"floor":9,"key":"The Specimen"},{"floor":13,"key":"Orichalcum"},{"floor":25,"key":"Blood Vial"},{"floor":26,"key":"Omamori"},{"floor":29,"key":"Frozen Egg 2"},{"floor":30,"key":"Darkstone Periapt"}],"event_choices":[{"event_name":"Wheel of Change","player_choice":"Curse","floor":3,"damage_taken":0},{"event_name":"The Lab","player_choice":"Got Potions","floor":4,"damage_taken":0},{"event_name":"The Library","player_choice":"Read","floor":20,"damage_taken":0},{"event_name":"Beggar","player_choice":"Gave Gold","floor":28,"damage_taken":0}],"is_beta":false,"boss_relics":[{"not_picked":["Pandora\u0027s Box","Orrery"],"picked":"HoveringKite"}],"items_purged_floors":[],"is_endless":false,"potions_floor_spawned":[1,5,10,13,14,19,21,25],"killed_by":"Collector","ascension_level":6}