{"gold_per_floor":[367,387,404,416,22,47,47,73,73,62,78,78,40,75,75,75],"floor_reached":16,"playtime":935,"items_purged":[],"score":215,"play_id":"0cb977c9-2b8b-4a52-947b-42f56bca23bb","local_time":"20180722180351","is_ascension_mode":true,"campfire_choices":[{"data":"Dualcast","floor":7.0,"key":"SMITH"},{"data":"Hologram","floor":15,"key":"SMITH"}],"neow_cost":"TEN_PERCENT_HP_LOSS","seed_source_timestamp":0,"circlet_count":0,"master_deck":["Strike_B","Strike_B","Strike_B","Strike_B","Defend_B","Defend_B","Defend_B","Defend_B","Zap+1","Dualcast+1","Conserve Battery","Ball Lightning","Auto Shields","BootSequence","Meteor Strike","Cold Snap","Gash","Cold Snap","Hologram+1","Glacier"],"special_seed":0,"relics":["Cracked Core","Kunai","Omamori","Strawberry","Matryoshka","Darkstone Periapt","The Courier","Bag of Marbles"],"potions_floor_usage":[16],"damage_taken":[{"damage":0.0,"enemies":"2 Louse","floor":1.0,"turns":3.0},{"damage":2.0,"enemies":"Jaw Worm","floor":2.0,"turns":4.0},{"damage":3.0,"enemies":"Small Slimes","floor":3.0,"turns":2.0},{"damage":3.0,"enemies":"Blue Slaver","floor":4.0,"turns":4.0},{"damage":0.0,"enemies":"Lagavulin","floor":6.0,"turns":7.0},{"damage":24.0,"enemies":"Gremlin Nob","floor":8.0,"turns":4.0},{"damage":12.0,"enemies":"Exordium Thugs","floor":10.0,"turns":5.0},{"damage":0.0,"enemies":"2 Fungi Beasts","floor":11.0,"turns":2.0},{"damage":0.0,"enemies":"3 Sentries","floor":14.0,"turns":6.0},{"damage":40,"enemies":"Slime Boss","floor":16,"turns":9}],"seed_played":"-2990669067510244774","potions_obtained":[{"floor":1.0,"key":"Strength Potion"},{"floor":4.0,"key":"LiquidBronze"},{"floor":6.0,"key":"FocusPotion"},{"floor":10.0,"key":"SpeedPotion"}],"is_trial":false,"path_per_floor":["M","M","M","M","$","E","R","E","T","M","M","?","$","E","R"],"character_chosen":"DEFECT","items_purchased":["Kunai","Omamori","Hologram"],"campfire_rested":0,"item_purchase_floors":[5,5,13],"current_hp_per_floor":[68,66,63,60,60,67,67,43,43,31,31,31,31,31,31,0],"gold":75,"neow_bonus":"TWO_FIFTY_GOLD","is_prod":false,"is_daily":false,"chose_seed":false,"campfire_upgraded":2,"win_rate":0,"timestamp":1532297031,"path_taken":["M","M","M","M","$","E","R","E","T","M","M","?","$","E","R","BOSS"],"build_version":"2018-07-19v2","purchased_purges":0,"victory":false,"max_hp_per_floor":[68,68,68,68,68,75,75,75,75,75,75,75,75,75,75,75],"card_choices":[{"not_picked":["Redo","Gash"],"picked":"Conserve Battery","floor":1.0},{"not_picked":["Genetic Algorithm","Sweeping Beam"],"picked":"Ball Lightning","floor":2.0},{"not_picked":["Chill","Gash"],"picked":"Auto Shields","floor":3.0},{"not_picked":["Aggregate","Capacitor"],"picked":"BootSequence","floor":4.0},{"not_picked":["Leap","Conserve Battery"],"picked":"Meteor Strike","floor":6.0},{"not_picked":["Force Field","Barrage"],"picked":"Cold Snap","floor":8.0},{"not_picked":["Stack","Compile Driver"],"picked":"Gash","floor":10.0},{"not_picked":["Amplify","Reinforced Body"],"picked":"Cold Snap","floor":11.0},{"not_picked":["Scrape","Reinforced Body"],"picked":"Glacier","floor":14.0}],"player_experience":237370,"relics_obtained":[{"floor":6.0,"key":"Strawberry"},{"floor":8.0,"key":"Matryoshka"},{"floor":9.0,"key":"Darkstone Periapt"},{"floor":9.0,"key":"The Courier"},{"floor":14.0,"key":"Bag of Marbles"}],"event_choices":[{"event_name":"Living Wall","player_choice":"Grow","floor":12.0,"damage_taken":0.0}],"is_beta":false,"boss_relics":[],"items_purged_floors":[],"is_endless":false,"potions_floor_spawned":[1,4,6,10],"killed_by":"Slime Boss","ascension_level":5}