{"gold_per_floor":[115,115,135,135,135,135,162,162,162,175,185,110,137,37,37,112,112,122,70,95,120,120,120,136,166,247,247,280,280,297,312,312,389,389,406,192,202,202,202,202,222,222,222,248,261,35,50,50,50,50,50,50,50,21,54,54],"floor_reached":57,"playtime":2233,"items_purged":["Strike_R","Strike_R","Cleave+1","Defend_R"],"score":2952,"play_id":"07f52b9e-da96-4d87-9330-848b9da5af00","local_time":"20190531174114","is_ascension_mode":true,"campfire_choices":[{"floor":6.0,"key":"REST"},{"data":"Body Slam","floor":8.0,"key":"SMITH"},{"floor":15.0,"key":"REST"},{"data":"Offering","floor":23.0,"key":"SMITH"},{"floor":27.0,"key":"REST"},{"floor":29.0,"key":"REST"},{"data":"Seeing Red","floor":32.0,"key":"SMITH"},{"data":"Barricade","floor":40.0,"key":"SMITH"},{"data":"Power Through","floor":42.0,"key":"SMITH"},{"floor":49.0,"key":"RECALL"},{"data":"Entrench","floor":53.0,"key":"SMITH"}],"neow_cost":"NONE","seed_source_timestamp":81277275248247,"circlet_count":0,"master_deck":["AscendersBane","Defend_R","Defend_R+1","Bash","Body Slam+1","Carnage","Carnage","Impervious","Shockwave","Offering+1","Shockwave+1","Dark Embrace+1","Shrug It Off","Shrug It Off","Dropkick","Barricade+1","Pommel Strike+1","Feel No Pain","Shrug It Off+1","Power Through+1","Battle Trance","Entrench+1","Discovery","Havoc"],"special_seed":0,"relics":["Mark of Pain","Vajra","Kunai","Astrolabe","Omamori","Oddly Smooth Stone","Sundial","Darkstone Periapt","Bag of Preparation","Lizard Tail","Gremlin Horn","Strawberry","Blood Vial"],"potions_floor_usage":[56,56],"damage_taken":[{"damage":8.0,"enemies":"2 Louse","floor":1.0,"turns":3.0},{"damage":12.0,"enemies":"Jaw Worm","floor":3.0,"turns":4.0},{"damage":30.0,"enemies":"Lagavulin","floor":7.0,"turns":5.0},{"damage":6.0,"enemies":"Cultist","floor":10.0,"turns":3.0},{"damage":11.0,"enemies":"Exordium Thugs","floor":11.0,"turns":4.0},{"damage":0.0,"enemies":"3 Sentries","floor":13.0,"turns":5.0},{"damage":29.0,"enemies":"Slime Boss","floor":16.0,"turns":12.0},{"damage":6.0,"enemies":"2 Thieves","floor":18.0,"turns":4.0},{"damage":6.0,"enemies":"Chosen","floor":24.0,"turns":4.0},{"damage":31.0,"enemies":"Book of Stabbing","floor":25.0,"turns":6.0},{"damage":6.0,"enemies":"Gremlin Leader","floor":28.0,"turns":5.0},{"damage":6.0,"enemies":"Snecko","floor":30.0,"turns":2.0},{"damage":6.0,"enemies":"Centurion and Healer","floor":31.0,"turns":4.0},{"damage":26.0,"enemies":"Collector","floor":33.0,"turns":8.0},{"damage":6.0,"enemies":"3 Shapes","floor":35.0,"turns":4.0},{"damage":6.0,"enemies":"3 Darklings","floor":37.0,"turns":3.0},{"damage":7.0,"enemies":"Sphere and 2 Shapes","floor":41.0,"turns":7.0},{"damage":6.0,"enemies":"Reptomancer","floor":44.0,"turns":6.0},{"damage":8.0,"enemies":"Spire Growth","floor":45.0,"turns":6.0},{"damage":6.0,"enemies":"4 Shapes","floor":47.0,"turns":5.0},{"damage":18.0,"enemies":"Donu and Deca","floor":50.0,"turns":18.0},{"damage":6.0,"enemies":"Awakened One","floor":51.0,"turns":10.0},{"damage":6.0,"enemies":"Shield and Spear","floor":55.0,"turns":11.0},{"damage":65,"enemies":"The Heart","floor":56,"turns":11}],"seed_played":"-8645221010287688659","potions_obtained":[{"floor":1.0,"key":"Fruit Juice"},{"floor":7.0,"key":"PowerPotion"},{"floor":10.0,"key":"Strength Potion"},{"floor":18.0,"key":"Fire Potion"},{"floor":28.0,"key":"Block Potion"},{"floor":41.0,"key":"SkillPotion"},{"floor":44.0,"key":"Fire Potion"},{"floor":45.0,"key":"LiquidBronze"},{"floor":55.0,"key":"Dexterity Potion"}],"is_trial":false,"path_per_floor":["M","?","M","?","?","R","E","R","T","M","M","$","E","$","R","B",null,"M","$","T","T","?","R","M","E","T","R","E","R","M","M","R","B",null,"M","$","M","?","?","R","M","R","T","E","M","$","M","?","R","B","B",null,"R","$","E","B",null],"character_chosen":"IRONCLAD","items_purchased":["Shrug It Off","Feel No Pain","Battle Trance","Havoc"],"campfire_rested":4,"item_purchase_floors":[19,36,46,54],"current_hp_per_floor":[65,65,53,53,29,53,23,23,23,17,6,6,6,6,30,1,60,54,54,54,54,54,54,48,17,17,41,35,59,53,47,47,21,65,59,59,53,53,53,53,46,46,46,47,39,39,33,33,33,15,9,68,68,68,62,43],"gold":54,"neow_bonus":"BOSS_RELIC","is_prod":false,"is_daily":false,"chose_seed":false,"campfire_upgraded":6,"win_rate":0,"timestamp":1559295674,"path_taken":["M","?","M","?","?","R","E","R","T","M","?","$","E","$","R","BOSS","M","$","?","?","?","R","?","E","T","R","E","R","M","M","R","BOSS","M","$","M","?","?","R","M","R","T","E","M","$","M","?","R","BOSS","BOSS","R","$","E","BOSS"],"build_version":"2019-01-23","purchased_purges":4,"victory":true,"max_hp_per_floor":[80,80,80,80,80,80,80,80,80,80,80,80,80,80,80,80,80,80,80,80,80,80,80,80,80,80,80,80,80,80,80,80,80,80,80,80,80,80,80,80,80,80,80,87,87,87,87,87,87,87,87,87,87,87,87,87],"card_choices":[{"not_picked":["Entrench","Corruption"],"picked":"Body Slam","floor":1.0},{"not_picked":["Corruption","Bloodletting"],"picked":"Carnage","floor":3.0},{"not_picked":["Inflame","True Grit"],"picked":"Impervious","floor":7.0},{"not_picked":["Twin Strike","Pommel Strike","Reckless Charge"],"picked":"SKIP","floor":10.0},{"not_picked":["Clothesline","Heavy Blade"],"picked":"Shockwave","floor":11.0},{"not_picked":["Headbutt","Thunderclap","Cleave"],"picked":"SKIP","floor":13.0},{"not_picked":["Limit Break","Fiend Fire"],"picked":"Offering","floor":16.0},{"not_picked":["Ghostly Armor","Clash","Pommel Strike"],"picked":"SKIP","floor":18.0},{"not_picked":["Sword Boomerang","Spot Weakness","Blood for Blood"],"picked":"SKIP","floor":24.0},{"not_picked":["Fire Breathing","Entrench"],"picked":"Shrug It Off","floor":25.0},{"not_picked":["Iron Wave","Sentinel","Combust"],"picked":"SKIP","floor":28.0},{"not_picked":["Thunderclap","Reckless Charge"],"picked":"Seeing Red","floor":30.0},{"not_picked":["Armaments+1","Warcry"],"picked":"Dropkick","floor":31.0},{"not_picked":["Juggernaut","Dark Embrace"],"picked":"Barricade","floor":33.0},{"not_picked":["Fire Breathing","Iron Wave+1"],"picked":"Pommel Strike+1","floor":35.0},{"not_picked":["Feel No Pain","Dual Wield"],"picked":"Shrug It Off+1","floor":37.0},{"not_picked":["Combust+1","Dropkick"],"picked":"Power Through","floor":41.0},{"not_picked":["Anger","Wild Strike","Dropkick"],"picked":"SKIP","floor":44.0},{"not_picked":["Intimidate","Pommel Strike","Thunderclap+1"],"picked":"SKIP","floor":45.0},{"not_picked":["Heavy Blade","Blood for Blood"],"picked":"Entrench","floor":47.0},{"not_picked":["Jack Of All Trades","Dramatic Entrance"],"picked":"Discovery","floor":48.0},{"not_picked":["Perfected Strike","Immolate","Headbutt"],"picked":"SKIP","floor":55.0}],"player_experience":1803926,"relics_obtained":[{"floor":7.0,"key":"Vajra"},{"floor":13.0,"key":"Kunai"},{"floor":20.0,"key":"Omamori"},{"floor":21.0,"key":"Oddly Smooth Stone"},{"floor":25.0,"key":"Sundial"},{"floor":26.0,"key":"Darkstone Periapt"},{"floor":28.0,"key":"Bag of Preparation"},{"floor":43.0,"key":"Gremlin Horn"},{"floor":44.0,"key":"Strawberry"},{"floor":55.0,"key":"Blood Vial"}],"event_choices":[{"damage_healed":0.0,"max_hp_gain":0.0,"max_hp_loss":0.0,"gold_gain":0.0,"event_name":"Liars Game","player_choice":"Ignored","floor":2.0,"gold_loss":0.0,"damage_taken":0.0},{"damage_healed":0.0,"max_hp_gain":0.0,"max_hp_loss":0.0,"gold_gain":0.0,"cards_transformed":["Strike_R"],"event_name":"Living Wall","player_choice":"Change","floor":4.0,"gold_loss":0.0,"damage_taken":0.0,"cards_obtained":["Carnage"]},{"damage_healed":0.0,"max_hp_gain":0.0,"max_hp_loss":0.0,"gold_gain":0.0,"event_name":"Shining Light","player_choice":"Entered Light","floor":5.0,"gold_loss":0.0,"damage_taken":24.0,"cards_upgraded":["Strike_R","Defend_R"]},{"damage_healed":0.0,"max_hp_gain":0.0,"max_hp_loss":0.0,"gold_gain":0.0,"event_name":"Vampires","player_choice":"Ignored","floor":22.0,"gold_loss":0.0,"damage_taken":0.0},{"cards_removed":["Seeing Red"],"damage_healed":0.0,"max_hp_gain":0.0,"max_hp_loss":0.0,"gold_gain":0.0,"event_name":"Falling","player_choice":"Removed Skill","floor":38.0,"gold_loss":0.0,"damage_taken":0.0},{"damage_healed":0.0,"max_hp_gain":0.0,"max_hp_loss":0.0,"gold_gain":0.0,"event_name":"Tomb of Lord Red Mask","player_choice":"Ignored","floor":39.0,"gold_loss":0.0,"damage_taken":0.0},{"damage_healed":0.0,"max_hp_gain":0.0,"max_hp_loss":0.0,"gold_gain":0.0,"event_name":"SensoryStone","player_choice":"Memory 1","floor":48.0,"gold_loss":0.0,"damage_taken":0.0}],"is_beta":false,"boss_relics":[{"not_picked":["Orrery","Fusion Hammer"],"picked":"Astrolabe"},{"not_picked":["Philosopher\u0027s Stone","White Beast Statue"],"picked":"Lizard Tail"}],"items_purged_floors":[12,14,36,46],"is_endless":false,"potions_floor_spawned":[1,7,10,11,18,28,30,33,41,44,45,55],"ascension_level":20}