{"gold_per_floor":[110,110,130,55,78,78,96,96,123,123,49,65,104,184,184,313,313,334,334,84,84,108,142,142,176,176,216,216,240,155,178,178,303,303,317,317,331,456,479,479,512,512,512,535,535,35,35,35,35,35],"floor_reached":51,"playtime":2095,"items_purged":["Injury","Strike_B+1"],"score":867,"play_id":"7485b6e0-4600-427c-8cc9-5369215f8039","local_time":"20190518233831","is_ascension_mode":true,"campfire_choices":[{"data":"White Noise","floor":6.0,"key":"SMITH"},{"data":"Dualcast","floor":8.0,"key":"SMITH"},{"data":"Ball Lightning","floor":10.0,"key":"SMITH"},{"floor":15.0,"key":"REST"},{"data":"Double Energy","floor":24.0,"key":"SMITH"},{"floor":28.0,"key":"REST"},{"floor":32.0,"key":"REST"},{"floor":40.0,"key":"REST"},{"data":"Defragment","floor":42.0,"key":"SMITH"},{"data":"Zap","floor":49.0,"key":"SMITH"}],"neow_cost":"NONE","seed_source_timestamp":306229609827693,"circlet_count":0,"master_deck":["Strike_B+1","Strike_B+1","Defend_B+1","Defend_B+1","Zap+1","Dualcast+1","Echo Form","White Noise+1","Glacier","Cold Snap","Ball Lightning+1","Biased Cognition+1","Ball Lightning","Electrodynamics","Double Energy+1","BootSequence","Turbo+1","Amplify","Self Repair","Defragment+1","White Noise+1","Tempest+1","Madness+1"],"special_seed":0,"relics":["Cracked Core","Golden Idol","Bag of Preparation","WingedGreaves","Cursed Key","Bottled Lightning","Bottled Tornado","Omamori","Matryoshka","Kunai","Dream Catcher","Empty Cage","Dead Branch","Oddly Smooth Stone","Juzu Bracelet","Lantern","Strange Spoon","Happy Flower"],"potions_floor_usage":[50,50,50],"damage_taken":[{"damage":3.0,"enemies":"Jaw Worm","floor":1.0,"turns":4.0},{"damage":3.0,"enemies":"Small Slimes","floor":3.0,"turns":4.0},{"damage":8.0,"enemies":"2 Louse","floor":5.0,"turns":3.0},{"damage":4.0,"enemies":"Red Slaver","floor":7.0,"turns":3.0},{"damage":8.0,"enemies":"Blue Slaver","floor":12.0,"turns":3.0},{"damage":13.0,"enemies":"3 Sentries","floor":13.0,"turns":5.0},{"damage":4.0,"enemies":"Lagavulin Event","floor":14.0,"turns":4.0},{"damage":6.0,"enemies":"The Guardian","floor":16.0,"turns":7.0},{"damage":11.0,"enemies":"3 Byrds","floor":18.0,"turns":3.0},{"damage":0.0,"enemies":"2 Thieves","floor":22.0,"turns":2.0},{"damage":20.0,"enemies":"Gremlin Leader","floor":23.0,"turns":4.0},{"damage":11.0,"enemies":"Slavers","floor":25.0,"turns":3.0},{"damage":14.0,"enemies":"Gremlin Leader","floor":27.0,"turns":3.0},{"damage":4.0,"enemies":"Centurion and Healer","floor":29.0,"turns":2.0},{"damage":0.0,"enemies":"Sentry and Sphere","floor":31.0,"turns":4.0},{"damage":16.0,"enemies":"Automaton","floor":33.0,"turns":5.0},{"damage":55.0,"enemies":"3 Darklings","floor":35.0,"turns":4.0},{"damage":3.0,"enemies":"3 Shapes","floor":37.0,"turns":4.0},{"damage":0.0,"enemies":"Mind Bloom Boss Battle","floor":38.0,"turns":4.0},{"damage":0.0,"enemies":"Maw","floor":39.0,"turns":5.0},{"damage":14.0,"enemies":"Reptomancer","floor":41.0,"turns":5.0},{"damage":2.0,"enemies":"4 Shapes","floor":44.0,"turns":3.0},{"damage":63,"enemies":"Awakened One","floor":50,"turns":8}],"seed_played":"6160180062124437294","potions_obtained":[{"floor":1.0,"key":"LiquidBronze"},{"floor":7.0,"key":"AttackPotion"},{"floor":13.0,"key":"Block Potion"},{"floor":14.0,"key":"Swift Potion"},{"floor":18.0,"key":"PowerPotion"},{"floor":25.0,"key":"AttackPotion"},{"floor":31.0,"key":"Fire Potion"},{"floor":33.0,"key":"PowerPotion"},{"floor":38.0,"key":"SteroidPotion"},{"floor":41.0,"key":"SpeedPotion"}],"is_trial":false,"path_per_floor":["M","?","M","$","M","R","M","R","T","R","$","M","E","?","R","B",null,"M","?","$","?","M","E","R","E","T","E","R","M","?","M","R","B",null,"M","?","M","?","M","R","E","R","T","M","?","$","?","?","R","B",null],"character_chosen":"DEFECT","items_purchased":["Biased Cognition","Bottled Lightning","Strange Spoon","Happy Flower","SkillPotion"],"campfire_rested":4,"item_purchase_floors":[11,20,46,46,46],"current_hp_per_floor":[72,72,69,69,61,61,57,57,57,57,57,49,36,32,54,48,75,64,64,64,64,64,44,44,33,33,19,41,37,37,37,59,43,75,20,20,24,31,38,60,60,60,60,72,72,72,72,72,72,16],"gold":35,"neow_bonus":"ONE_RANDOM_RARE_CARD","is_prod":false,"is_daily":false,"chose_seed":false,"campfire_upgraded":6,"win_rate":0,"timestamp":1558237111,"path_taken":["M","?","M","$","M","R","M","R","T","R","$","M","E","?","R","BOSS","M","?","$","?","M","E","R","E","T","E","R","?","?","M","R","BOSS","M","?","M","?","M","R","E","R","T","M","?","$","?","?","R","BOSS"],"build_version":"2019-01-23","purchased_purges":2,"victory":true,"max_hp_per_floor":[75,75,75,75,75,75,75,75,75,75,75,75,75,75,75,75,75,75,75,75,75,75,75,75,75,75,75,75,75,75,75,75,75,75,75,75,75,75,75,75,75,75,75,75,75,75,75,75,75,75],"card_choices":[{"not_picked":["Gash","Cold Snap"],"picked":"White Noise","floor":1.0},{"not_picked":["Sweeping Beam","FTL"],"picked":"Glacier","floor":3.0},{"not_picked":["Go for the Eyes","Rip and Tear"],"picked":"Cold Snap","floor":5.0},{"not_picked":["Steam","Redo"],"picked":"Ball Lightning","floor":7.0},{"not_picked":["Coolheaded","Undo","Leap"],"picked":"SKIP","floor":12.0},{"not_picked":["Doom and Gloom","Leap","Meteor Strike"],"picked":"SKIP","floor":13.0},{"not_picked":["Undo","Tempest"],"picked":"Ball Lightning","floor":14.0},{"not_picked":["Seek","Multi-Cast"],"picked":"Electrodynamics","floor":16.0},{"not_picked":["Rebound","Steam Power+1","Leap"],"picked":"SKIP","floor":18.0},{"not_picked":["Barrage","Go for the Eyes","All For One"],"picked":"SKIP","floor":22.0},{"not_picked":["Heatsinks","Cold Snap+1"],"picked":"Double Energy","floor":23.0},{"not_picked":["Ball Lightning","Streamline","Redo"],"picked":"SKIP","floor":25.0},{"not_picked":["Stack","Ball Lightning"],"picked":"BootSequence","floor":27.0},{"not_picked":["Hologram","Leap","Ball Lightning+1"],"picked":"SKIP","floor":29.0},{"not_picked":["Chaos","Self Repair","Rebound"],"picked":"SKIP","floor":31.0},{"not_picked":["Auto Shields","Redo"],"picked":"Turbo+1","floor":32.0},{"not_picked":["Rainbow","Fission"],"picked":"Amplify","floor":33.0},{"not_picked":["Hologram","Coolheaded+1"],"picked":"Self Repair","floor":35.0},{"not_picked":["Turbo","Steam","Undo+1"],"picked":"SKIP","floor":37.0},{"not_picked":["Beam Cell+1","Steam"],"picked":"Defragment","floor":38.0},{"not_picked":["Consume","Streamline+1","Conserve Battery+1"],"picked":"SKIP","floor":39.0},{"not_picked":["Undo+1","Blizzard"],"picked":"White Noise+1","floor":40.0},{"not_picked":["Redo","Echo Form"],"picked":"Tempest+1","floor":41.0},{"not_picked":["Steam+1","Beam Cell","Steam Power+1"],"picked":"SKIP","floor":44.0},{"not_picked":["Purity","The Bomb"],"picked":"Madness","floor":45.0}],"player_experience":1006683,"relics_obtained":[{"floor":13.0,"key":"Bag of Preparation"},{"floor":14.0,"key":"WingedGreaves"},{"floor":23.0,"key":"Bottled Tornado"},{"floor":25.0,"key":"Omamori"},{"floor":26.0,"key":"Matryoshka"},{"floor":27.0,"key":"Kunai"},{"floor":38.0,"key":"Dead Branch"},{"floor":41.0,"key":"Oddly Smooth Stone"},{"floor":43.0,"key":"Juzu Bracelet"},{"floor":43.0,"key":"Lantern"}],"event_choices":[{"damage_healed":0.0,"max_hp_gain":0.0,"max_hp_loss":0.0,"gold_gain":0.0,"event_name":"Golden Idol","player_choice":"Take Wound","floor":2.0,"gold_loss":0.0,"damage_taken":0.0,"relics_obtained":["Golden Idol"],"cards_obtained":["Injury"]},{"damage_healed":0.0,"max_hp_gain":0.0,"max_hp_loss":0.0,"gold_gain":0.0,"event_name":"Dead Adventurer","player_choice":"Searched \u00271\u0027 times","floor":14.0,"gold_loss":0.0,"damage_taken":0.0},{"damage_healed":0.0,"max_hp_gain":0.0,"max_hp_loss":0.0,"gold_gain":0.0,"event_name":"Back to Basics","player_choice":"Simplicity","floor":19.0,"gold_loss":0.0,"damage_taken":0.0,"cards_upgraded":["Strike_B","Strike_B","Strike_B","Strike_B","Defend_B","Defend_B","Defend_B","Defend_B"]},{"damage_healed":0.0,"max_hp_gain":0.0,"max_hp_loss":0.0,"gold_gain":0.0,"event_name":"Accursed Blacksmith","player_choice":"Forge","floor":21.0,"gold_loss":0.0,"damage_taken":0.0,"cards_upgraded":["Biased Cognition"]},{"damage_healed":0.0,"max_hp_gain":0.0,"max_hp_loss":0.0,"gold_gain":0.0,"event_name":"Addict","player_choice":"Obtained Relic","floor":30.0,"gold_loss":85.0,"damage_taken":0.0,"relics_obtained":["Dream Catcher"]},{"cards_removed":["Defend_B"],"damage_healed":0.0,"max_hp_gain":0.0,"max_hp_loss":0.0,"gold_gain":0.0,"event_name":"Falling","player_choice":"Removed Skill","floor":36.0,"gold_loss":0.0,"damage_taken":0.0},{"damage_healed":0.0,"max_hp_gain":0.0,"max_hp_loss":0.0,"gold_gain":0.0,"event_name":"MindBloom","player_choice":"Fight","floor":38.0,"gold_loss":0.0,"damage_taken":0.0},{"damage_healed":0.0,"max_hp_gain":0.0,"max_hp_loss":0.0,"gold_gain":0.0,"event_name":"SensoryStone","player_choice":"Memory 1","floor":45.0,"gold_loss":0.0,"damage_taken":0.0},{"damage_healed":0.0,"max_hp_gain":0.0,"max_hp_loss":0.0,"gold_gain":0.0,"event_name":"Upgrade Shrine","player_choice":"Upgraded","floor":47.0,"gold_loss":0.0,"damage_taken":0.0,"cards_upgraded":["Madness"]},{"damage_healed":0.0,"max_hp_gain":0.0,"max_hp_loss":0.0,"gold_gain":0.0,"event_name":"Mysterious Sphere","player_choice":"Ignored","floor":48.0,"gold_loss":0.0,"damage_taken":0.0}],"is_beta":false,"boss_relics":[{"not_picked":["Snecko Eye","Sozu"],"picked":"Cursed Key"},{"not_picked":["Astrolabe","FrozenCore"],"picked":"Empty Cage"}],"items_purged_floors":[4,46],"is_endless":false,"potions_floor_spawned":[1,7,13,14,18,25,31,33,38,41],"ascension_level":4}