{"gold_per_floor":[109,124,39,39,114,114,214,214,240,252,264,139,139,155,155,230,230,246,5,17,35,48,48,48,76,128,128,128,40,60,60,60,139,139,155,49,102,112,125,125,155,155,181,195,195,195,195,209,209,209,209,209,209,15,46,46],"floor_reached":57,"playtime":2873,"items_purged":["Injury","Injury"],"score":2605,"play_id":"84c5bd67-fb28-4cd9-885e-0bffe4af5409","local_time":"20190623230049","is_ascension_mode":true,"campfire_choices":[{"data":"Zap","floor":6.0,"key":"SMITH"},{"data":"Dualcast","floor":8.0,"key":"SMITH"},{"floor":15.0,"key":"REST"},{"data":"Defragment","floor":23.0,"key":"SMITH"},{"floor":27.0,"key":"RECALL"},{"data":"Defragment","floor":32.0,"key":"SMITH"},{"data":"Loop","floor":40.0,"key":"SMITH"},{"data":"Defend_B","floor":42.0,"key":"PURGE"},{"data":"Defend_B","floor":46.0,"key":"PURGE"},{"data":"Defend_B","floor":49.0,"key":"PURGE"},{"data":"Biased Cognition","floor":53.0,"key":"SMITH"}],"neow_cost":"NONE","seed_source_timestamp":1836127976796428,"circlet_count":0,"master_deck":["AscendersBane","Defend_B","Zap+1","Dualcast+1","Reprogram+1","Recycle+1","Chaos+1","BootSequence+1","Compile Driver","Chill+1","Reinforced Body+1","Seek+1","White Noise+1","Steam Power+1","Storm+1","Undo+1","Defragment+1","Ball Lightning","White Noise+1","Fusion+1","Darkness+1","Turbo+1","Storm","Defragment+1","Biased Cognition+1","Loop+1","Panacea+1","Skim+1","Meteor Strike","Compile Driver","Compile Driver","Coolheaded+1","Cold Snap+1"],"special_seed":0,"relics":["Calling Bell","Vajra","Toxic Egg 2","Bird Faced Urn","Orichalcum","Regal Pillow","Astrolabe","StoneCalendar","Oddly Smooth Stone","Nuclear Battery","Unceasing Top","Peace Pipe","FossilizedHelix"],"potions_floor_usage":[56],"damage_taken":[{"damage":16.0,"enemies":"Jaw Worm","floor":1.0,"turns":5.0},{"damage":11.0,"enemies":"Small Slimes","floor":2.0,"turns":4.0},{"damage":8.0,"enemies":"2 Louse","floor":10.0,"turns":2.0},{"damage":8.0,"enemies":"Lots of Slimes","floor":11.0,"turns":5.0},{"damage":0.0,"enemies":"3 Louse","floor":14.0,"turns":4.0},{"damage":27.0,"enemies":"Slime Boss","floor":16.0,"turns":9.0},{"damage":6.0,"enemies":"Shell Parasite","floor":18.0,"turns":8.0},{"damage":0.0,"enemies":"Spheric Guardian","floor":20.0,"turns":3.0},{"damage":5.0,"enemies":"Shelled Parasite and Fungi","floor":21.0,"turns":6.0},{"damage":7.0,"enemies":"Snake Plant","floor":22.0,"turns":4.0},{"damage":28.0,"enemies":"Slavers","floor":25.0,"turns":5.0},{"damage":13.0,"enemies":"Cultist and Chosen","floor":30.0,"turns":4.0},{"damage":50.0,"enemies":"Collector","floor":33.0,"turns":10.0},{"damage":8.0,"enemies":"Orb Walker","floor":35.0,"turns":3.0},{"damage":23.0,"enemies":"2 Orb Walkers","floor":37.0,"turns":4.0},{"damage":0.0,"enemies":"3 Darklings","floor":38.0,"turns":2.0},{"damage":0.0,"enemies":"Spire Growth","floor":39.0,"turns":3.0},{"damage":3.0,"enemies":"Nemesis","floor":41.0,"turns":5.0},{"damage":0.0,"enemies":"Transient","floor":44.0,"turns":6.0},{"damage":0.0,"enemies":"Maw","floor":48.0,"turns":4.0},{"damage":52.0,"enemies":"Awakened One","floor":50.0,"turns":8.0},{"damage":30.0,"enemies":"Time Eater","floor":51.0,"turns":8.0},{"damage":24.0,"enemies":"Shield and Spear","floor":55.0,"turns":3.0},{"damage":66,"enemies":"The Heart","floor":56,"turns":8}],"seed_played":"4259254049928258022","potions_obtained":[{"floor":1.0,"key":"FocusPotion"},{"floor":10.0,"key":"SteroidPotion"},{"floor":11.0,"key":"Block Potion"},{"floor":16.0,"key":"AttackPotion"},{"floor":18.0,"key":"Fire Potion"},{"floor":22.0,"key":"Weak Potion"},{"floor":30.0,"key":"Fire Potion"},{"floor":33.0,"key":"Fire Potion"},{"floor":41.0,"key":"PowerPotion"},{"floor":55.0,"key":"Fruit Juice"}],"is_trial":false,"path_per_floor":["M","M","$","?","?","R","?","R","T","M","M","$","?","M","R","B",null,"M","$","M","M","M","R","?","E","T","R","?","$","M","?","R","B",null,"M","$","?","M","M","R","E","R","T","M","?","R","?","M","R","B","B",null,"R","$","E","B",null],"character_chosen":"DEFECT","items_purchased":["Chaos+1","Compile Driver","Defragment","Ball Lightning","Storm","Panacea+1","Coolheaded+1","Weak Potion","EssenceOfSteel"],"campfire_rested":1,"item_purchase_floors":[3,12,19,19,29,36,54,54,54],"current_hp_per_floor":[48,37,37,32,21,21,21,21,21,13,5,5,5,5,41,14,57,55,55,61,64,64,64,64,53,53,53,53,53,50,50,50,12,56,56,56,49,61,71,71,71,71,71,71,67,67,67,67,67,17,3,51,51,51,48,4],"gold":46,"neow_bonus":"BOSS_RELIC","is_prod":false,"is_daily":false,"chose_seed":false,"campfire_upgraded":6,"win_rate":0,"timestamp":1561302049,"path_taken":["M","M","$","?","?","R","?","R","T","M","?","$","?","M","R","BOSS","M","$","M","?","M","R","?","E","T","R","?","$","?","?","R","BOSS","M","$","?","M","M","R","E","R","T","M","?","R","?","M","R","BOSS","BOSS","R","$","E","BOSS"],"build_version":"2019-01-23","purchased_purges":2,"victory":true,"max_hp_per_floor":[71,71,71,71,71,71,71,71,71,71,71,71,71,71,71,71,71,71,71,71,71,71,71,71,71,71,71,71,71,71,71,71,71,71,71,71,71,71,71,71,71,71,71,71,67,67,67,67,67,67,67,67,67,67,72,72],"card_choices":[{"not_picked":["Stack+1","Beam Cell"],"picked":"Reprogram+1","floor":1.0},{"not_picked":["Sunder","Ball Lightning"],"picked":"Recycle+1","floor":2.0},{"not_picked":["Steam+1","Rebound","Sweeping Beam"],"picked":"SKIP","floor":10.0},{"not_picked":["Leap+1","Capacitor"],"picked":"BootSequence+1","floor":11.0},{"not_picked":["Barrage","Reprogram+1"],"picked":"Reinforced Body+1","floor":14.0},{"not_picked":["Multi-Cast+1","Machine Learning"],"picked":"Seek+1","floor":16.0},{"not_picked":["Barrage","Hologram+1"],"picked":"Undo+1","floor":18.0},{"not_picked":["Ball Lightning","Leap+1"],"picked":"White Noise+1","floor":20.0},{"not_picked":["Streamline","Go for the Eyes"],"picked":"Fusion+1","floor":21.0},{"not_picked":["Stack+1","Aggregate+1"],"picked":"Darkness+1","floor":22.0},{"not_picked":["Ball Lightning","Cold Snap+1"],"picked":"Turbo+1","floor":25.0},{"not_picked":["Gash","Static Discharge"],"picked":"Defragment","floor":30.0},{"not_picked":["Hyperbeam","Buffer"],"picked":"Biased Cognition","floor":33.0},{"not_picked":["Go for the Eyes","Sweeping Beam"],"picked":"Loop","floor":35.0},{"not_picked":["Redo+1","Cold Snap"],"picked":"Skim+1","floor":37.0},{"not_picked":["Streamline+1","Leap+1","Stack+1"],"picked":"SKIP","floor":38.0},{"not_picked":["Lockon","Stack+1"],"picked":"Meteor Strike","floor":39.0},{"not_picked":["Ball Lightning+1","Self Repair","Rainbow+1"],"picked":"SKIP","floor":41.0},{"not_picked":["Ball Lightning+1","Self Repair","Rainbow+1"],"picked":"SKIP","floor":41.0},{"not_picked":["Go for the Eyes","Barrage"],"picked":"Compile Driver","floor":44.0},{"not_picked":["Steam+1","Reprogram+1"],"picked":"Compile Driver","floor":48.0},{"not_picked":["Steam+1","Steam Power+1"],"picked":"Cold Snap+1","floor":55.0}],"player_experience":1979391,"relics_obtained":[{"floor":0.0,"key":"Vajra"},{"floor":0.0,"key":"Toxic Egg 2"},{"floor":0.0,"key":"Bird Faced Urn"},{"floor":9.0,"key":"Regal Pillow"},{"floor":25.0,"key":"StoneCalendar"},{"floor":26.0,"key":"Oddly Smooth Stone"},{"floor":37.0,"key":"Unceasing Top"},{"floor":41.0,"key":"Peace Pipe"},{"floor":55.0,"key":"FossilizedHelix"}],"event_choices":[{"damage_healed":0.0,"max_hp_gain":0.0,"max_hp_loss":0.0,"gold_gain":0.0,"event_name":"Scrap Ooze","player_choice":"Success","floor":4.0,"gold_loss":0.0,"damage_taken":5.0,"relics_obtained":["Orichalcum"]},{"damage_healed":0.0,"max_hp_gain":0.0,"max_hp_loss":0.0,"gold_gain":75.0,"event_name":"World of Goop","player_choice":"Gather Gold","floor":5.0,"gold_loss":0.0,"damage_taken":11.0},{"damage_healed":0.0,"max_hp_gain":0.0,"max_hp_loss":0.0,"gold_gain":100.0,"event_name":"Wheel of Change","player_choice":"Gold","floor":7.0,"gold_loss":0.0,"damage_taken":0.0},{"damage_healed":0.0,"max_hp_gain":0.0,"max_hp_loss":0.0,"gold_gain":0.0,"cards_transformed":["Strike_B"],"event_name":"Transmorgrifier","player_choice":"Transformed","floor":13.0,"gold_loss":0.0,"damage_taken":0.0,"cards_obtained":["Chill"]},{"damage_healed":0.0,"max_hp_gain":0.0,"max_hp_loss":0.0,"gold_gain":0.0,"event_name":"Vampires","player_choice":"Ignored","floor":24.0,"gold_loss":0.0,"damage_taken":0.0},{"cards_removed":["Injury"],"damage_healed":0.0,"max_hp_gain":0.0,"max_hp_loss":0.0,"gold_gain":0.0,"event_name":"Purifier","player_choice":"Purged","floor":28.0,"gold_loss":0.0,"damage_taken":0.0},{"damage_healed":0.0,"max_hp_gain":0.0,"max_hp_loss":0.0,"gold_gain":0.0,"event_name":"Beggar","player_choice":"Ignored","floor":31.0,"gold_loss":0.0,"damage_taken":0.0},{"damage_healed":0.0,"max_hp_gain":0.0,"max_hp_loss":0.0,"gold_gain":0.0,"event_name":"Mysterious Sphere","player_choice":"Fight","floor":37.0,"gold_loss":0.0,"damage_taken":0.0},{"damage_healed":0.0,"max_hp_gain":0.0,"max_hp_loss":4.0,"gold_gain":0.0,"event_name":"Winding Halls","player_choice":"Max HP","floor":45.0,"gold_loss":0.0,"damage_taken":0.0},{"damage_healed":0.0,"max_hp_gain":0.0,"max_hp_loss":0.0,"gold_gain":0.0,"event_name":"Tomb of Lord Red Mask","player_choice":"Ignored","floor":47.0,"gold_loss":0.0,"damage_taken":0.0}],"is_beta":false,"boss_relics":[{"not_picked":["Tiny House","Coffee Dripper"],"picked":"Astrolabe"},{"not_picked":["Black Star","Inserter"],"picked":"Nuclear Battery"}],"items_purged_floors":[12,19],"is_endless":false,"potions_floor_spawned":[1,10,11,16,18,22,30,33,41,44,55],"ascension_level":20}