{"gold_per_floor":[117,131,26,38,38,38,15,15,95,170,205,23,57,2,2,2],"floor_reached":16,"playtime":789,"items_purged":[],"score":136,"play_id":"b17d9ef9-f659-44ee-94c6-c0d2d13f5147","local_time":"20190802002112","is_ascension_mode":true,"campfire_choices":[{"data":"Leg Sweep","floor":6,"key":"SMITH"},{"data":"Bane","floor":8,"key":"SMITH"},{"data":"Backstab","floor":15,"key":"SMITH"}],"neow_cost":"NONE","seed_source_timestamp":606043124721100,"circlet_count":0,"master_deck":["Strike_G","Strike_G","Strike_G","Strike_G","Strike_G","Defend_G","Defend_G","Defend_G","Defend_G","Defend_G","Survivor","Neutralize","Riddle With Holes","Well Laid Plans","Leg Sweep+1","Noxious Fumes","Deadly Poison","Injury","Bane+1","Adrenaline","Backstab+1","All Out Attack+1"],"relics":["Ring of the Snake","Golden Idol","Pear","Potion Belt","Orichalcum","Molten Egg 2","Letter Opener"],"potions_floor_usage":[16],"damage_taken":[{"damage":0,"enemies":"Small Slimes","floor":1,"turns":3},{"damage":0,"enemies":"2 Louse","floor":2,"turns":3},{"damage":0,"enemies":"Cultist","floor":4,"turns":4},{"damage":23,"enemies":"Gremlin Nob","floor":11,"turns":5},{"damage":12,"enemies":"Lagavulin","floor":13,"turns":5},{"damage":55,"enemies":"Slime Boss","floor":16,"turns":8}],"seed_played":"-5652276472870076423","potions_obtained":[{"floor":13,"key":"Explosive Potion"}],"is_trial":false,"path_per_floor":["M","M","$","M","?","R","$","R","T","?","E","$","E","?","R","B"],"character_chosen":"THE_SILENT","items_purchased":["Leg Sweep","Noxious Fumes","Bane","Backstab","Orichalcum"],"campfire_rested":0,"item_purchase_floors":[3,3,7,12,12],"current_hp_per_floor":[77,77,77,77,77,77,77,77,87,87,64,64,52,52,52,0],"gold":2,"neow_bonus":"TEN_PERCENT_HP_BONUS","is_prod":false,"is_daily":false,"chose_seed":false,"campfire_upgraded":3,"win_rate":0,"timestamp":1564723272,"path_taken":["M","M","$","M","?","R","$","R","T","?","E","$","E","?","R","BOSS"],"build_version":"2019-07-17","purchased_purges":0,"victory":false,"max_hp_per_floor":[77,77,77,77,77,77,77,77,87,87,87,87,87,87,87,87],"card_choices":[{"not_picked":["Bane","All Out Attack"],"picked":"Riddle With Holes","floor":1},{"not_picked":["Dagger Throw","Dagger Spray"],"picked":"Well Laid Plans","floor":2},{"not_picked":["Cloak And Dagger","Slice"],"picked":"Deadly Poison","floor":4},{"not_picked":["Expertise","Heel Hook"],"picked":"Adrenaline","floor":11},{"not_picked":["Expertise","Prepared"],"picked":"All Out Attack","floor":13}],"player_experience":215082,"relics_obtained":[{"floor":9,"key":"Pear"},{"floor":11,"key":"Potion Belt"},{"floor":13,"key":"Molten Egg 2"}],"event_choices":[{"damage_healed":0,"gold_gain":0,"player_choice":"Take Wound","damage_taken":0,"relics_obtained":["Golden Idol"],"max_hp_gain":0,"max_hp_loss":0,"event_name":"Golden Idol","floor":5,"gold_loss":0,"cards_obtained":["Injury"]},{"damage_healed":0,"gold_gain":75,"player_choice":"Gained Gold","damage_taken":0,"max_hp_gain":0,"max_hp_loss":0,"event_name":"Golden Wing","floor":10,"gold_loss":0},{"damage_healed":0,"gold_gain":0,"player_choice":"Paid Gold","damage_taken":0,"relics_obtained":["Letter Opener"],"max_hp_gain":0,"max_hp_loss":0,"event_name":"WeMeetAgain","floor":14,"gold_loss":55}],"is_beta":false,"boss_relics":[],"items_purged_floors":[],"is_endless":false,"potions_floor_spawned":[13],"killed_by":"Slime Boss","ascension_level":1}