{"gold_per_floor":[11,29,29,40,60,60,60,70,122,122,135,182,197,197,197,297,327,342,65,65,82,92,92,111,111,189,189],"floor_reached":27,"playtime":2024,"items_purged":[],"score":207,"play_id":"1e631851-2497-47ae-bc9b-b5ebc0909fa9","local_time":"20180708115036","is_ascension_mode":false,"campfire_choices":[{"data":"Flex","floor":6,"key":"SMITH"},{"data":"Cleave","floor":10,"key":"SMITH"},{"data":"Flex","floor":15,"key":"SMITH"},{"data":"Seeing Red","floor":23,"key":"SMITH"},{"data":"Barricade","floor":25,"key":"SMITH"}],"neow_cost":"NO_GOLD","seed_source_timestamp":125723979730009,"circlet_count":0,"master_deck":["Strike_R","Strike_R","Strike_R","Strike_R","Strike_R","Defend_R","Defend_R","Defend_R+1","Defend_R","Bash+1","Bludgeon+1","Shrug It Off","Flex+1","Metallicize","Cleave+1","Anger","Impervious","Flex+1","Barricade+1","Anger","Warcry+1","Seeing Red+1","Inflame","Sentinel","Combust"],"relics":["Burning Blood","Shuriken","Whetstone","Boot","Tiny House","Bottled Tornado","Centennial Puzzle"],"potions_floor_usage":[16,16,18,22,22,22],"damage_taken":[{"damage":6,"enemies":"Jaw Worm","floor":1,"turns":2},{"damage":0,"enemies":"Cultist","floor":2,"turns":2},{"damage":5,"enemies":"2 Louse","floor":4,"turns":2},{"damage":8,"enemies":"Exordium Wildlife","floor":5,"turns":4},{"damage":0,"enemies":"Large Slime","floor":8,"turns":5},{"damage":13,"enemies":"2 Fungi Beasts","floor":11,"turns":3},{"damage":0,"enemies":"Lots of Slimes","floor":13,"turns":3},{"damage":20,"enemies":"Slime Boss","floor":16,"turns":6},{"damage":6,"enemies":"Shell Parasite","floor":18,"turns":4},{"damage":13,"enemies":"Spheric Guardian","floor":21,"turns":6},{"damage":35,"enemies":"Chosen and Byrds","floor":22,"turns":8},{"damage":21,"enemies":"Snake Plant","floor":24,"turns":5},{"damage":37,"enemies":"Book of Stabbing","floor":27,"turns":6}],"seed_played":"-1653482471986195252","potions_obtained":[{"floor":5,"key":"LiquidBronze"},{"floor":11,"key":"Dexterity Potion"},{"floor":13,"key":"Dexterity Potion"},{"floor":16,"key":"Explosive Potion"},{"floor":17,"key":"Energy Potion"},{"floor":18,"key":"Weak Potion"}],"is_trial":false,"path_per_floor":["M","M","?","M","M","R","$","M","T","R","M","T","M","?","R","B",null,"M","$","?","M","M","R","M","R","T"],"character_chosen":"IRONCLAD","items_purchased":["Bottled Tornado","Seeing Red"],"campfire_rested":0,"item_purchase_floors":[19,19],"current_hp_per_floor":[80,80,80,80,78,78,78,80,80,80,73,73,79,79,79,65,85,85,85,85,78,49,49,34,34,34,0],"gold":189,"neow_bonus":"THREE_RARE_CARDS","is_prod":false,"is_daily":false,"chose_seed":false,"campfire_upgraded":5,"win_rate":0,"timestamp":1531065036,"path_taken":["M","M","?","M","M","R","?","M","T","R","M","?","M","?","R","BOSS","M","$","?","M","M","R","M","R","T","E"],"build_version":"2018-06-28","purchased_purges":0,"victory":false,"max_hp_per_floor":[80,80,80,80,80,80,80,80,80,80,80,80,80,80,80,80,85,85,85,85,85,85,85,85,85,85,85],"card_choices":[{"not_picked":["Limit Break","Double Tap"],"picked":"Bludgeon","floor":0},{"not_picked":["Iron Wave","True Grit"],"picked":"Shrug It Off","floor":1},{"not_picked":["Cleave","Heavy Blade"],"picked":"Flex","floor":2},{"not_picked":["True Grit","Iron Wave"],"picked":"Metallicize","floor":4},{"not_picked":["Rage","Pummel"],"picked":"Cleave","floor":5},{"not_picked":["Second Wind","Reckless Charge"],"picked":"Anger","floor":8},{"not_picked":["Carnage","Clash"],"picked":"Impervious","floor":11},{"not_picked":["Feel No Pain","Havoc"],"picked":"Flex","floor":13},{"not_picked":["Immolate","Feed"],"picked":"Barricade","floor":16},{"not_picked":["Headbutt","Feel No Pain"],"picked":"Anger","floor":17},{"not_picked":["Anger","Sword Boomerang"],"picked":"Warcry+1","floor":18},{"not_picked":["Second Wind+1","Iron Wave"],"picked":"Inflame","floor":21},{"not_picked":["Wild Strike","Shockwave+1"],"picked":"Sentinel","floor":22},{"not_picked":["Warcry","Clash"],"picked":"Combust","floor":24}],"player_experience":67673,"relics_obtained":[{"floor":9,"key":"Whetstone"},{"floor":12,"key":"Boot"},{"floor":26,"key":"Centennial Puzzle"}],"event_choices":[{"event_name":"Wheel of Change","player_choice":"Relic","floor":3,"damage_taken":0},{"event_name":"The Cleric","player_choice":"Leave","floor":14,"damage_taken":0},{"event_name":"The Woman in Blue","player_choice":"Bought 0 Potions","floor":20,"damage_taken":0}],"boss_relics":[{"not_picked":["Orrery","Snecko Eye"],"picked":"Tiny House"}],"items_purged_floors":[],"is_endless":false,"potions_floor_spawned":[5,11,13,16,18],"killed_by":"Book of Stabbing","ascension_level":0}