{"gold_per_floor":[112,37,37,37,47,78,78,110,110,123,37,37,50,66,66,137,137,150,150,150,169,188,188,214,214,244,25,44,69,69,69,69,147,147,158,158,158,173,173,201,151,151,151,176,176,176,18,33,33,33,33,33,33,33,61,61],"floor_reached":57,"playtime":2728,"items_purged":["Pain","Defend_B"],"score":2998,"play_id":"0e1b8cf1-621c-40c3-b0c9-035ef257a4f7","local_time":"20190714222108","is_ascension_mode":true,"campfire_choices":[{"data":"Fusion","floor":7.0,"key":"SMITH"},{"data":"Defragment","floor":12.0,"key":"SMITH"},{"data":"Zap","floor":15.0,"key":"SMITH"},{"data":"Defragment","floor":23.0,"key":"SMITH"},{"floor":25.0,"key":"REST"},{"data":"Coolheaded","floor":32.0,"key":"SMITH"},{"data":"Defend_B","floor":42.0,"key":"PURGE"},{"data":"Defend_B","floor":45.0,"key":"PURGE"},{"floor":49.0,"key":"RECALL"},{"data":"Dualcast","floor":53.0,"key":"PURGE"}],"neow_cost":"NONE","seed_source_timestamp":1677923080189298,"circlet_count":0,"master_deck":["AscendersBane","Zap+1","Tempest","Fusion+1","Coolheaded+1","Cold Snap","Defragment+1","Biased Cognition","Multi-Cast","Electrodynamics+1","Machine Learning+1","Double Energy+1","Defragment+1","Ghostly","Ghostly","Ghostly","Compile Driver","Turbo","Undo","Compile Driver+1","Purity","Impatience","Redo+1","Buffer","Defragment+1"],"special_seed":0,"relics":["Cracked Core","NeowsBlessing","Ice Cream","Smiling Mask","WarpedTongs","Boot","Tiny Chest","DataDisk","Peace Pipe","Nloth\u0027s Gift","Black Star","Thread and Needle","Shuriken","Pantograph","Art of War","Regal Pillow","Bag of Preparation","Kunai","Oddly Smooth Stone"],"potions_floor_usage":[56,56],"damage_taken":[{"damage":0.0,"enemies":"Jaw Worm","floor":1.0,"turns":1.0},{"damage":0.0,"enemies":"Cultist","floor":5.0,"turns":1.0},{"damage":0.0,"enemies":"3 Sentries","floor":6.0,"turns":1.0},{"damage":10.0,"enemies":"Lagavulin","floor":8.0,"turns":5.0},{"damage":5.0,"enemies":"2 Louse","floor":10.0,"turns":3.0},{"damage":2.0,"enemies":"Looter","floor":13.0,"turns":3.0},{"damage":6.0,"enemies":"2 Fungi Beasts","floor":14.0,"turns":3.0},{"damage":21.0,"enemies":"The Guardian","floor":16.0,"turns":8.0},{"damage":1.0,"enemies":"Chosen","floor":18.0,"turns":3.0},{"damage":11.0,"enemies":"Shell Parasite","floor":21.0,"turns":3.0},{"damage":7.0,"enemies":"Centurion and Healer","floor":22.0,"turns":5.0},{"damage":11.0,"enemies":"Book of Stabbing","floor":24.0,"turns":5.0},{"damage":16.0,"enemies":"Snake Plant","floor":28.0,"turns":6.0},{"damage":0.0,"enemies":"Gremlin Leader","floor":29.0,"turns":4.0},{"damage":0.0,"enemies":"Automaton","floor":33.0,"turns":4.0},{"damage":6.0,"enemies":"Orb Walker","floor":35.0,"turns":5.0},{"damage":0.0,"enemies":"3 Darklings","floor":38.0,"turns":4.0},{"damage":6.0,"enemies":"Giant Head","floor":40.0,"turns":7.0},{"damage":0.0,"enemies":"Jaw Worm Horde","floor":48.0,"turns":3.0},{"damage":5.0,"enemies":"Awakened One","floor":50.0,"turns":7.0},{"damage":0.0,"enemies":"Donu and Deca","floor":51.0,"turns":5.0},{"damage":15.0,"enemies":"Shield and Spear","floor":55.0,"turns":7.0},{"damage":14,"enemies":"The Heart","floor":56,"turns":8}],"seed_played":"1443308112815692225","potions_obtained":[{"floor":8.0,"key":"FearPotion"},{"floor":10.0,"key":"Swift Potion"},{"floor":24.0,"key":"Regen Potion"},{"floor":28.0,"key":"Block Potion"},{"floor":38.0,"key":"LiquidBronze"}],"is_trial":false,"path_per_floor":["M","?","$","?","M","E","R","E","T","M","$","R","M","M","R","B",null,"M","?","?","M","M","R","E","R","T","$","M","E","$","?","R","B",null,"M","T","?","M","?","E","$","R","T","T","R","?","$","M","R","B","B",null,"R","$","E","B",null],"character_chosen":"DEFECT","items_purchased":["Defragment","DataDisk","Bag of Preparation"],"campfire_rested":1,"item_purchase_floors":[11,27,47],"current_hp_per_floor":[64,64,64,64,64,64,64,54,54,49,49,49,47,41,41,20,58,57,35,35,24,17,17,6,16,16,16,15,15,15,15,15,15,30,24,24,14,14,14,8,8,8,8,8,8,29,29,29,29,24,29,29,29,29,14,15],"gold":61,"neow_bonus":"THREE_ENEMY_KILL","is_prod":false,"is_daily":false,"chose_seed":false,"campfire_upgraded":5,"win_rate":0,"timestamp":1563114068,"path_taken":["M","?","$","?","?","E","R","E","T","M","?","R","M","M","R","BOSS","M","?","?","?","M","R","E","R","T","$","M","E","$","?","R","BOSS","M","?","?","M","?","E","$","R","T","?","R","?","?","?","R","BOSS","BOSS","R","$","E","BOSS"],"build_version":"2019-07-05","purchased_purges":2,"victory":true,"max_hp_per_floor":[71,71,71,71,71,71,71,71,71,71,71,71,71,71,71,71,71,71,35,35,35,35,35,35,35,35,35,35,35,35,35,35,35,35,35,35,35,35,35,35,35,35,35,35,35,29,29,29,29,29,29,29,29,29,29,29],"card_choices":[{"not_picked":["Streamline","Go for the Eyes","Force Field"],"picked":"SKIP","floor":1.0},{"not_picked":["Capacitor","Streamline"],"picked":"Tempest","floor":5.0},{"not_picked":["Self Repair","Doom and Gloom"],"picked":"Fusion","floor":6.0},{"not_picked":["Tempest","Streamline"],"picked":"Coolheaded","floor":8.0},{"not_picked":["Coolheaded","Streamline"],"picked":"Cold Snap","floor":10.0},{"not_picked":["Force Field","Barrage","Steam"],"picked":"SKIP","floor":13.0},{"not_picked":["Redo","Stack"],"picked":"Biased Cognition","floor":14.0},{"not_picked":["Creative AI","Machine Learning"],"picked":"Multi-Cast","floor":16.0},{"not_picked":["Reinforced Body","Ball Lightning+1"],"picked":"Defragment","floor":18.0},{"not_picked":["Go for the Eyes","Fusion","Rip and Tear"],"picked":"SKIP","floor":21.0},{"not_picked":["Genetic Algorithm","Steam"],"picked":"Compile Driver","floor":22.0},{"not_picked":["Beam Cell","Force Field+1"],"picked":"Turbo","floor":24.0},{"not_picked":["Consume","Sunder"],"picked":"Undo","floor":28.0},{"not_picked":["Force Field","Sunder"],"picked":"Compile Driver+1","floor":29.0},{"not_picked":["Consume","Reinforced Body","Stack"],"picked":"SKIP","floor":35.0},{"not_picked":["Forethought","Jack Of All Trades"],"picked":"Purity","floor":37.0},{"not_picked":["Dramatic Entrance","Madness"],"picked":"Impatience","floor":37.0},{"not_picked":["Leap+1","Stack+1"],"picked":"Redo+1","floor":38.0},{"not_picked":["Rebound","Redo"],"picked":"Buffer","floor":40.0},{"not_picked":["Barrage","White Noise","Consume+1"],"picked":"SKIP","floor":48.0},{"not_picked":["Compile Driver+1","Blizzard"],"picked":"Defragment+1","floor":55.0}],"player_experience":2016497,"relics_obtained":[{"floor":6.0,"key":"Ice Cream"},{"floor":8.0,"key":"Smiling Mask"},{"floor":24.0,"key":"Boot"},{"floor":26.0,"key":"Tiny Chest"},{"floor":29.0,"key":"Peace Pipe"},{"floor":36.0,"key":"Thread and Needle"},{"floor":40.0,"key":"Shuriken"},{"floor":40.0,"key":"Pantograph"},{"floor":43.0,"key":"Art of War"},{"floor":44.0,"key":"Regal Pillow"},{"floor":55.0,"key":"Kunai"},{"floor":55.0,"key":"Oddly Smooth Stone"}],"event_choices":[{"cards_removed":["Strike_B"],"damage_healed":0.0,"max_hp_gain":0.0,"max_hp_loss":0.0,"gold_gain":0.0,"event_name":"The Cleric","player_choice":"Card Removal","floor":2.0,"gold_loss":75.0,"damage_taken":0.0},{"cards_removed":["Strike_B"],"damage_healed":0.0,"max_hp_gain":0.0,"max_hp_loss":0.0,"gold_gain":0.0,"event_name":"Bonfire Elementals","player_choice":"Offered Basic","floor":4.0,"gold_loss":0.0,"damage_taken":0.0},{"damage_healed":0.0,"max_hp_gain":0.0,"max_hp_loss":36.0,"gold_gain":0.0,"event_name":"Ghosts","player_choice":"Became a Ghost","floor":19.0,"gold_loss":0.0,"damage_taken":0.0,"cards_obtained":["Ghostly","Ghostly","Ghostly"]},{"damage_healed":0.0,"max_hp_gain":0.0,"max_hp_loss":0.0,"gold_gain":0.0,"event_name":"Accursed Blacksmith","player_choice":"Rummage","floor":20.0,"gold_loss":0.0,"damage_taken":0.0,"relics_obtained":["WarpedTongs"],"cards_obtained":["Pain"]},{"damage_healed":0.0,"max_hp_gain":0.0,"max_hp_loss":0.0,"gold_gain":0.0,"event_name":"N\u0027loth","player_choice":"Traded Relic","floor":31.0,"relics_lost":["Astrolabe"],"gold_loss":0.0,"damage_taken":0.0,"relics_obtained":["Nloth\u0027s Gift"]},{"damage_healed":0.0,"max_hp_gain":0.0,"max_hp_loss":0.0,"gold_gain":0.0,"event_name":"SensoryStone","player_choice":"Memory 3","floor":37.0,"gold_loss":0.0,"damage_taken":10.0},{"damage_healed":0.0,"max_hp_gain":0.0,"max_hp_loss":0.0,"gold_gain":0.0,"event_name":"Mysterious Sphere","player_choice":"Ignored","floor":39.0,"gold_loss":0.0,"damage_taken":0.0},{"damage_healed":29.0,"max_hp_gain":0.0,"max_hp_loss":6.0,"gold_gain":0.0,"event_name":"The Moai Head","player_choice":"Heal","floor":46.0,"gold_loss":0.0,"damage_taken":0.0}],"is_beta":false,"boss_relics":[{"not_picked":["Empty Cage","Runic Pyramid"],"picked":"Astrolabe"},{"not_picked":["White Beast Statue","Inserter"],"picked":"Black Star"}],"items_purged_floors":[27,41],"is_endless":false,"potions_floor_spawned":[8,10,13,18,22,24,28,38],"ascension_level":20}