{"gold_per_floor":[218,393,408,21,21,64,87,150,175,175,206,224,28,51,51,179,179,202,218,2,26,26,61,16,29,52,52,27,27,27,47,47,47],"floor_reached":33,"playtime":2029,"items_purged":["Doubt"],"score":340,"play_id":"9bbf76d4-12a1-468e-af65-d749c03da42c","local_time":"20190720192507","is_ascension_mode":true,"campfire_choices":[{"floor":15,"key":"REST"},{"floor":27,"key":"REST"},{"data":"Infernal Blade","floor":29,"key":"SMITH"},{"floor":32,"key":"REST"}],"neow_cost":"NONE","seed_source_timestamp":851174888292500,"circlet_count":0,"master_deck":["Strike_R","Strike_R","Strike_R","Strike_R","Defend_R","Defend_R","Defend_R","Defend_R","Bash","Pommel Strike","Immolate","Intimidate","Trip","Twin Strike","Heavy Blade","Shockwave","Cleave","Carnage","Flex","Feed","Anger","Whirlwind+1","Infernal Blade+1","Clash","Shame","Uppercut"],"relics":["Burning Blood","Juzu Bracelet","Golden Idol","Regal Pillow","Tiny Chest","Oddly Smooth Stone","Smiling Mask","Lantern","Lizard Tail","Membership Card","Blood Vial","Nilry\u0027s Codex","Vajra","Anchor","Pear"],"potions_floor_usage":[6,11,16,16,18,23,23,25,31,31,33],"damage_taken":[{"damage":6,"enemies":"Jaw Worm","floor":1,"turns":5},{"damage":9,"enemies":"2 Louse","floor":3,"turns":3},{"damage":27,"enemies":"Lagavulin","floor":6,"turns":5},{"damage":0,"enemies":"Cultist","floor":7,"turns":2},{"damage":17,"enemies":"3 Sentries","floor":8,"turns":5},{"damage":42,"enemies":"Gremlin Nob","floor":11,"turns":5},{"damage":0,"enemies":"Exordium Wildlife","floor":12,"turns":3},{"damage":8,"enemies":"Red Slaver","floor":14,"turns":2},{"damage":58,"enemies":"Hexaghost","floor":16,"turns":8},{"damage":16,"enemies":"2 Thieves","floor":18,"turns":2},{"damage":31,"enemies":"Shell Parasite","floor":19,"turns":7},{"damage":45,"enemies":"Slavers","floor":23,"turns":5},{"damage":24,"enemies":"Snake Plant","floor":25,"turns":3},{"damage":14,"enemies":"Centurion and Healer","floor":31,"turns":3},{"damage":104,"enemies":"Automaton","floor":33,"turns":6}],"seed_played":"-3925822575938332417","potions_obtained":[{"floor":1,"key":"BloodPotion"},{"floor":8,"key":"SteroidPotion"},{"floor":14,"key":"BloodPotion"},{"floor":16,"key":"GamblersBrew"},{"floor":19,"key":"SpeedPotion"},{"floor":23,"key":"Dexterity Potion"},{"floor":31,"key":"SkillPotion"}],"is_trial":false,"path_per_floor":["M","?","M","$","?","E","M","E","T","?","E","M","$","M","R","B",null,"M","M","$","T","?","E","$","M","T","R","$","R","?","M","R","B"],"character_chosen":"IRONCLAD","items_purchased":["Juzu Bracelet","Intimidate","Trip","Lantern","Strength Potion","Membership Card","Energy Potion","Strength Potion","Infernal Blade","Block Potion"],"campfire_rested":3,"item_purchase_floors":[4,4,4,13,13,20,20,24,24,28],"current_hp_per_floor":[80,80,77,77,57,56,62,51,51,51,15,21,21,19,58,26,80,70,45,45,45,29,33,33,17,17,56,56,56,66,60,90,0],"gold":47,"neow_bonus":"HUNDRED_GOLD","is_prod":false,"is_daily":false,"chose_seed":false,"campfire_upgraded":1,"win_rate":0,"timestamp":1563668707,"path_taken":["M","?","M","$","?","E","M","E","T","?","E","M","$","M","R","BOSS","M","M","?","?","?","E","$","M","T","R","$","R","?","M","R","BOSS"],"build_version":"2019-07-17","purchased_purges":1,"victory":false,"max_hp_per_floor":[80,80,80,80,80,80,80,80,80,80,80,80,80,80,80,80,80,80,80,80,80,80,80,80,80,80,80,80,80,90,90,90,90],"card_choices":[{"not_picked":["Havoc","Wild Strike"],"picked":"Pommel Strike","floor":1},{"not_picked":["Thunderclap","Armaments"],"picked":"Immolate","floor":3},{"not_picked":["Headbutt","Sword Boomerang"],"picked":"Twin Strike","floor":6},{"not_picked":["Headbutt","Entrench"],"picked":"Heavy Blade","floor":7},{"not_picked":["Uppercut","Inflame"],"picked":"Shockwave","floor":8},{"not_picked":["Feed","Wild Strike"],"picked":"Cleave","floor":11},{"not_picked":["Fire Breathing","Ghostly Armor"],"picked":"Carnage","floor":12},{"not_picked":["Pommel Strike","Combust"],"picked":"Flex","floor":14},{"not_picked":["Fiend Fire","Limit Break"],"picked":"Feed","floor":16},{"not_picked":["Battle Trance+1","Second Wind","Body Slam"],"picked":"SKIP","floor":18},{"not_picked":["Heavy Blade","Iron Wave"],"picked":"Anger","floor":19},{"not_picked":["Wild Strike+1","Warcry"],"picked":"Whirlwind+1","floor":23},{"not_picked":["Flex","Searing Blow+1"],"picked":"Clash","floor":25},{"not_picked":["Twin Strike","Berserk"],"picked":"Uppercut","floor":31}],"player_experience":125389,"relics_obtained":[{"floor":6,"key":"Regal Pillow"},{"floor":8,"key":"Tiny Chest"},{"floor":9,"key":"Oddly Smooth Stone"},{"floor":11,"key":"Smiling Mask"},{"floor":21,"key":"Blood Vial"},{"floor":22,"key":"Nilry\u0027s Codex"},{"floor":23,"key":"Vajra"},{"floor":26,"key":"Anchor"}],"event_choices":[{"damage_healed":0,"gold_gain":175,"player_choice":"AGREE","damage_taken":0,"max_hp_gain":0,"max_hp_loss":0,"event_name":"Liars Game","floor":2,"gold_loss":0,"cards_obtained":["Doubt"]},{"damage_healed":0,"gold_gain":0,"player_choice":"Take Damage","damage_taken":20,"relics_obtained":["Golden Idol"],"max_hp_gain":0,"max_hp_loss":0,"event_name":"Golden Idol","floor":5,"gold_loss":0},{"cards_removed":["Strike_R"],"damage_healed":0,"gold_gain":0,"player_choice":"Offered Basic","damage_taken":0,"max_hp_gain":0,"max_hp_loss":0,"event_name":"Bonfire Elementals","floor":10,"gold_loss":0},{"damage_healed":0,"gold_gain":0,"player_choice":"Obtained Book","damage_taken":16,"max_hp_gain":0,"max_hp_loss":0,"event_name":"Cursed Tome","floor":22,"gold_loss":0},{"damage_healed":0,"gold_gain":0,"player_choice":"Stole Relic","damage_taken":0,"relics_obtained":["Pear"],"max_hp_gain":0,"max_hp_loss":0,"event_name":"Addict","floor":30,"gold_loss":0,"cards_obtained":["Shame"]}],"is_beta":false,"boss_relics":[{"not_picked":["Snecko Eye","Runic Pyramid"],"picked":"Lizard Tail"}],"items_purged_floors":[4],"is_endless":false,"potions_floor_spawned":[1,8,14,16,19,23,31],"killed_by":"Automaton","ascension_level":4}