{"gold_per_floor":[116,136,152,164,339,339,12,42,42,77,3,36,51,3,3,100,100,112,112,112,19,37,37,66,66,66,99,99,99],"floor_reached":29,"playtime":1526,"items_purged":["Doubt"],"score":349,"play_id":"dba97813-96f6-41b9-a754-38ae91f86fb2","local_time":"20190725231313","is_ascension_mode":true,"campfire_choices":[{"data":"Body Slam","floor":6,"key":"SMITH"},{"floor":15,"key":"REST"},{"data":"Immolate","floor":23,"key":"SMITH"},{"floor":25,"key":"REST"}],"neow_cost":"NONE","seed_source_timestamp":1297358860998600,"circlet_count":0,"master_deck":["Strike_R+1","Strike_R+1","Strike_R+1","Strike_R+1","Strike_R+1","Defend_R+1","Defend_R+1","Defend_R+1","Defend_R+1","Bash","Deep Breath","Twin Strike","Anger","Body Slam+1","Clash","Cleave","Cleave","Flex","Anger","Iron Wave","Impervious+1","Immolate+1","Armaments+1","Flex+1","Rage+1","True Grit+1","Bloodletting+1","Intimidate+1","Cleave"],"relics":["Burning Blood","ClockworkSouvenir","Pantograph","Darkstone Periapt","Singing Bowl","Toxic Egg 2","Sozu","Bronze Scales","Nunchaku","PreservedInsect"],"potions_floor_usage":[2,8,16,16],"damage_taken":[{"damage":1,"enemies":"Cultist","floor":1,"turns":3},{"damage":0,"enemies":"Small Slimes","floor":2,"turns":3},{"damage":5,"enemies":"2 Louse","floor":3,"turns":3},{"damage":0,"enemies":"Large Slime","floor":4,"turns":3},{"damage":5,"enemies":"Gremlin Nob","floor":8,"turns":3},{"damage":30,"enemies":"3 Sentries","floor":10,"turns":6},{"damage":17,"enemies":"Gremlin Nob","floor":12,"turns":3},{"damage":10,"enemies":"2 Fungi Beasts","floor":13,"turns":3},{"damage":69,"enemies":"The Guardian","floor":16,"turns":7},{"damage":6,"enemies":"Spheric Guardian","floor":18,"turns":3},{"damage":3,"enemies":"Chosen","floor":22,"turns":3},{"damage":38,"enemies":"Book of Stabbing","floor":24,"turns":4},{"damage":56,"enemies":"Slavers","floor":27,"turns":4},{"damage":10,"enemies":"Snecko","floor":29,"turns":3}],"seed_played":"-7995588316098229011","potions_obtained":[{"floor":1,"key":"Fire Potion"},{"floor":12,"key":"Ancient Potion"}],"is_trial":false,"path_per_floor":["M","M","M","M","?","R","$","E","T","E","$","E","M","$","R","B",null,"M","?","?","$","M","R","E","R","T","E","?","M"],"character_chosen":"IRONCLAD","items_purchased":["ClockworkSouvenir","PowerPotion","Flex","Anger","SkillPotion","Rage+1","True Grit+1"],"campfire_rested":2,"item_purchase_floors":[7,7,11,11,14,21,21],"current_hp_per_floor":[80,80,80,80,80,80,80,80,80,56,56,45,41,41,65,17,64,64,64,64,64,67,67,35,59,59,9,9,0],"gold":99,"neow_bonus":"RANDOM_COLORLESS","is_prod":false,"is_daily":false,"chose_seed":false,"campfire_upgraded":2,"win_rate":0,"timestamp":1564114393,"path_taken":["M","?","M","M","?","R","$","E","T","E","$","E","M","$","R","BOSS","M","?","?","$","M","R","E","R","T","E","?","M"],"build_version":"2019-07-17","purchased_purges":1,"victory":false,"max_hp_per_floor":[80,80,80,80,80,80,80,80,80,80,80,80,80,80,80,80,80,80,80,80,80,80,80,80,80,80,80,80,80],"card_choices":[{"not_picked":["Havoc","Armaments"],"picked":"Twin Strike","floor":1},{"not_picked":["Headbutt","Shockwave"],"picked":"Anger","floor":2},{"not_picked":["Twin Strike","Rupture"],"picked":"Body Slam","floor":3},{"not_picked":["Thunderclap","Shrug It Off"],"picked":"Clash","floor":4},{"not_picked":["Sentinel","Disarm"],"picked":"Cleave","floor":8},{"not_picked":["Heavy Blade","Sever Soul"],"picked":"Cleave","floor":10},{"not_picked":["Carnage","Power Through"],"picked":"Iron Wave","floor":12},{"not_picked":["Body Slam","Second Wind+1"],"picked":"Impervious+1","floor":13},{"not_picked":["Berserk","Bludgeon"],"picked":"Immolate","floor":16},{"not_picked":["Metallicize+1","True Grit+1"],"picked":"Armaments+1","floor":18},{"not_picked":["Dropkick","Sword Boomerang"],"picked":"Bloodletting+1","floor":22},{"not_picked":["Shrug It Off+1","Wild Strike+1"],"picked":"Intimidate+1","floor":24},{"not_picked":["Perfected Strike","Rupture"],"picked":"Cleave","floor":27}],"player_experience":148053,"relics_obtained":[{"floor":8,"key":"Pantograph"},{"floor":9,"key":"Darkstone Periapt"},{"floor":10,"key":"Singing Bowl"},{"floor":12,"key":"Toxic Egg 2"},{"floor":24,"key":"Bronze Scales"},{"floor":26,"key":"Nunchaku"},{"floor":27,"key":"PreservedInsect"}],"event_choices":[{"damage_healed":0,"gold_gain":175,"player_choice":"AGREE","damage_taken":0,"max_hp_gain":0,"max_hp_loss":0,"event_name":"Liars Game","floor":5,"gold_loss":0,"cards_obtained":["Doubt"]},{"damage_healed":0,"gold_gain":0,"player_choice":"Simplicity","damage_taken":0,"max_hp_gain":0,"max_hp_loss":0,"event_name":"Back to Basics","floor":19,"gold_loss":0,"cards_upgraded":["Strike_R","Strike_R","Strike_R","Strike_R","Strike_R","Defend_R","Defend_R","Defend_R","Defend_R"]},{"damage_healed":0,"gold_gain":0,"player_choice":"Read","damage_taken":0,"max_hp_gain":0,"max_hp_loss":0,"event_name":"The Library","floor":20,"gold_loss":0,"cards_obtained":["Flex"]},{"damage_healed":0,"gold_gain":0,"player_choice":"Ignored","damage_taken":0,"max_hp_gain":0,"max_hp_loss":0,"event_name":"Ghosts","floor":28,"gold_loss":0}],"is_beta":false,"boss_relics":[{"not_picked":["Astrolabe","White Beast Statue"],"picked":"Sozu"}],"items_purged_floors":[7],"is_endless":false,"potions_floor_spawned":[1,12,27],"killed_by":"Snecko","ascension_level":5}