{"gold_per_floor":[359,534,267,267,44,44,64,77,100,100,179,189,216,229,229,329,329,348,365,640,114,134,163,163,195,195,195,208,224,243,255,255,358,358,371,371,389,489,489,514,514,545,545,30,30,30,30,41,41,41],"floor_reached":51,"playtime":2239,"items_purged":["Doubt","Regret"],"score":1252,"play_id":"a0b68ca4-c1ea-466d-918b-fb5bfaf6e7dd","local_time":"20190517013540","is_ascension_mode":true,"campfire_choices":[{"data":"Footwork","floor":6,"key":"SMITH"},{"data":"Noxious Fumes","floor":10,"key":"SMITH"},{"floor":15,"key":"REST"},{"data":"Distraction","floor":24,"key":"SMITH"},{"floor":27,"key":"REST"},{"data":"Catalyst","floor":32,"key":"SMITH"},{"data":"Well Laid Plans","floor":41,"key":"SMITH"},{"data":"Bouncing Flask","floor":45,"key":"SMITH"},{"data":"Dodge and Roll","floor":49,"key":"SMITH"}],"neow_cost":"CURSE","seed_source_timestamp":2700059341415680,"circlet_count":0,"master_deck":["AscendersBane","Defend_G","Defend_G","Defend_G","Defend_G","Defend_G","Strike_G","Strike_G+1","Strike_G","Strike_G","Strike_G","Survivor","Neutralize+1","Footwork+1","Dodge and Roll","Noxious Fumes+1","Dagger Spray","Dodge and Roll+1","Poisoned Stab","Distraction+1","Venomology","Poisoned Stab","Catalyst+1","PiercingWail","PiercingWail+1","PiercingWail+1","Quick Slash","Backflip","Corpse Explosion","Calculated Gamble","Corpse Explosion","Blur+1","Bandage Up","Well Laid Plans+1","Bouncing Flask+1","Adrenaline","Backflip","Distraction+1"],"relics":["Ring of the Snake","Blood Vial","Oddly Smooth Stone","Whetstone","Mercury Hourglass","Regal Pillow","Eternal Feather","Calipers","Du-Vu Doll","Happy Flower","Bird Faced Urn","Calling Bell","Juzu Bracelet","Singing Bowl","Dead Branch","StoneCalendar","Bag of Marbles","Prayer Wheel","Bottled Tornado","ClockworkSouvenir","Blue Candle"],"potions_floor_usage":[18,19,25,25,28,30,31,31,42,42,50,50],"damage_taken":[{"damage":5,"enemies":"2 Louse","floor":1,"turns":3},{"damage":0,"enemies":"Jaw Worm","floor":7,"turns":6},{"damage":1,"enemies":"Cultist","floor":8,"turns":4},{"damage":0,"enemies":"3 Louse","floor":12,"turns":2},{"damage":20,"enemies":"Gremlin Nob","floor":13,"turns":4},{"damage":3,"enemies":"Gremlin Gang","floor":14,"turns":3},{"damage":16,"enemies":"The Guardian","floor":16,"turns":10},{"damage":1,"enemies":"Spheric Guardian","floor":18,"turns":7},{"damage":4,"enemies":"Chosen","floor":19,"turns":4},{"damage":7,"enemies":"Centurion and Healer","floor":22,"turns":7},{"damage":28,"enemies":"Book of Stabbing","floor":23,"turns":9},{"damage":41,"enemies":"Slavers","floor":25,"turns":7},{"damage":29,"enemies":"Snake Plant","floor":28,"turns":5},{"damage":4,"enemies":"Cultist and Chosen","floor":29,"turns":6},{"damage":15,"enemies":"Snecko","floor":30,"turns":6},{"damage":13,"enemies":"Snake Plant","floor":31,"turns":4},{"damage":28,"enemies":"Collector","floor":33,"turns":8},{"damage":2,"enemies":"Orb Walker","floor":35,"turns":3},{"damage":10,"enemies":"3 Darklings","floor":37,"turns":3},{"damage":0,"enemies":"Mind Bloom Boss Battle","floor":38,"turns":7},{"damage":23,"enemies":"Nemesis","floor":40,"turns":7},{"damage":78,"enemies":"Giant Head","floor":42,"turns":9},{"damage":15,"enemies":"Jaw Worm Horde","floor":48,"turns":3},{"damage":22,"enemies":"Donu and Deca","floor":50,"turns":7}],"seed_played":"-7184105718825591511","potions_obtained":[{"floor":7,"key":"PowerPotion"},{"floor":8,"key":"Dexterity Potion"},{"floor":23,"key":"Fruit Juice"},{"floor":25,"key":"Poison Potion"},{"floor":29,"key":"Fire Potion"},{"floor":30,"key":"Ancient Potion"},{"floor":48,"key":"GhostInAJar"}],"is_trial":false,"path_per_floor":["M","?","$","?","$","R","M","M","T","R","T","M","E","M","R","B",null,"M","M","?","$","M","E","R","E","T","R","M","M","M","M","R","B",null,"M","?","M","?","?","E","R","E","T","$","R","?","?","M","R","B",null],"character_chosen":"THE_SILENT","items_purchased":["Blood Vial","Dodge and Roll","Noxious Fumes","Oddly Smooth Stone","Calipers","PiercingWail","Noxious Fumes","ClockworkSouvenir","Blue Candle","Backflip"],"campfire_rested":2,"item_purchase_floors":[3,3,5,5,21,21,21,44,44,44],"current_hp_per_floor":[58,58,58,51,51,51,53,54,54,54,54,56,38,37,70,54,66,67,65,65,65,60,34,49,15,15,67,46,50,58,51,69,49,69,71,71,65,73,73,58,75,11,11,11,35,35,35,34,55,47],"gold":41,"neow_bonus":"TWO_FIFTY_GOLD","is_prod":false,"is_daily":false,"chose_seed":false,"campfire_upgraded":7,"win_rate":0,"timestamp":1558013740,"path_taken":["M","?","$","?","?","R","M","M","T","R","?","?","E","M","R","BOSS","M","?","?","$","M","E","R","E","T","R","M","M","M","M","R","BOSS","M","?","M","?","?","E","R","E","T","$","R","?","?","M","R","BOSS"],"build_version":"2019-01-23","purchased_purges":2,"victory":true,"max_hp_per_floor":[70,70,70,70,70,70,70,70,70,70,70,70,70,70,70,70,70,70,70,70,70,70,70,70,75,75,75,75,75,75,75,75,75,75,75,75,75,75,75,75,75,77,77,77,77,77,77,77,77,77],"card_choices":[{"not_picked":["Finisher","Skewer"],"picked":"Footwork","floor":1},{"not_picked":["Flying Knee","Acrobatics"],"picked":"Dagger Spray","floor":7},{"not_picked":["Dagger Spray","Backstab"],"picked":"Dodge and Roll","floor":8},{"not_picked":["Predator","Catalyst"],"picked":"Poisoned Stab","floor":12},{"not_picked":["Tactician","Unload","Concentrate"],"picked":"SKIP","floor":13},{"not_picked":["Terror","Concentrate"],"picked":"Distraction","floor":14},{"not_picked":["Unload","Burst"],"picked":"Venomology","floor":16},{"not_picked":["Quick Slash","Dodge and Roll"],"picked":"Poisoned Stab","floor":18},{"not_picked":["Cloak And Dagger","Burst"],"picked":"Catalyst","floor":19},{"not_picked":["Skewer","Riddle With Holes+1"],"picked":"PiercingWail+1","floor":22},{"not_picked":["Acrobatics","Concentrate"],"picked":"PiercingWail+1","floor":23},{"not_picked":["Blade Dance","Underhanded Strike+1"],"picked":"Quick Slash","floor":25},{"not_picked":["Flechettes","Masterful Stab","Endless Agony"],"picked":"SKIP","floor":28},{"not_picked":["Reflex","Concentrate"],"picked":"Backflip","floor":29},{"not_picked":["Dodge and Roll+1","Choke"],"picked":"Corpse Explosion","floor":30},{"not_picked":["Underhanded Strike","Finisher"],"picked":"Calculated Gamble","floor":31},{"not_picked":["Bullet Time","Die Die Die"],"picked":"Corpse Explosion","floor":33},{"not_picked":["Acrobatics","Bane"],"picked":"Blur+1","floor":35},{"not_picked":["Flash of Steel","Mayhem"],"picked":"Bandage Up","floor":36},{"not_picked":["Eviscerate+1","Dagger Spray"],"picked":"Well Laid Plans","floor":37},{"not_picked":["Caltrops","Reflex"],"picked":"Bouncing Flask","floor":38},{"not_picked":["Prepared","Outmaneuver"],"picked":"Adrenaline","floor":40},{"not_picked":["Deadly Poison","Reflex","Tactician+1"],"picked":"Singing Bowl","floor":42},{"not_picked":["Deflect+1","Underhanded Strike+1"],"picked":"Distraction+1","floor":48},{"not_picked":["Dagger Spray","Prepared","Blade Dance+1"],"picked":"SKIP","floor":48}],"player_experience":274369,"relics_obtained":[{"floor":9,"key":"Whetstone"},{"floor":11,"key":"Mercury Hourglass"},{"floor":13,"key":"Regal Pillow"},{"floor":23,"key":"Du-Vu Doll"},{"floor":25,"key":"Happy Flower"},{"floor":26,"key":"Bird Faced Urn"},{"floor":34,"key":"Juzu Bracelet"},{"floor":34,"key":"Singing Bowl"},{"floor":34,"key":"Dead Branch"},{"floor":38,"key":"StoneCalendar"},{"floor":40,"key":"Bag of Marbles"},{"floor":42,"key":"Prayer Wheel"},{"floor":43,"key":"Bottled Tornado"}],"event_choices":[{"damage_healed":0,"gold_gain":175,"player_choice":"AGREE","damage_taken":0,"max_hp_gain":0,"max_hp_loss":0,"event_name":"Liars Game","floor":2,"gold_loss":0,"cards_obtained":["Doubt"]},{"cards_removed":["Injury"],"damage_healed":0,"gold_gain":0,"player_choice":"Card Removal","damage_taken":7,"max_hp_gain":0,"max_hp_loss":0,"event_name":"Golden Wing","floor":4,"gold_loss":0},{"damage_healed":0,"gold_gain":275,"player_choice":"Desecrate","damage_taken":0,"max_hp_gain":0,"max_hp_loss":0,"event_name":"Golden Shrine","floor":20,"gold_loss":0,"cards_obtained":["Regret"]},{"damage_healed":0,"gold_gain":0,"player_choice":"Memory 1","damage_taken":0,"max_hp_gain":0,"max_hp_loss":0,"event_name":"SensoryStone","floor":36,"gold_loss":0},{"damage_healed":0,"gold_gain":0,"player_choice":"Fight","damage_taken":0,"max_hp_gain":0,"max_hp_loss":0,"event_name":"MindBloom","floor":38,"gold_loss":0},{"cards_removed":["Noxious Fumes"],"damage_healed":0,"gold_gain":0,"player_choice":"Removed Power","damage_taken":0,"max_hp_gain":0,"max_hp_loss":0,"event_name":"Falling","floor":39,"gold_loss":0},{"cards_removed":["Clumsy","Doubt","Writhe"],"damage_healed":0,"gold_gain":0,"player_choice":"Removed Curses","damage_taken":0,"max_hp_gain":0,"max_hp_loss":0,"event_name":"Fountain of Cleansing","floor":46,"gold_loss":0},{"damage_healed":0,"gold_gain":0,"player_choice":"Ignored","damage_taken":0,"max_hp_gain":0,"max_hp_loss":0,"event_name":"Mysterious Sphere","floor":47,"gold_loss":0}],"is_beta":false,"boss_relics":[{"not_picked":["Empty Cage","Tiny House"],"picked":"Eternal Feather"},{"not_picked":["Coffee Dripper","HoveringKite"],"picked":"Calling Bell"}],"items_purged_floors":[3,21],"is_endless":false,"potions_floor_spawned":[7,8,13,19,23,25,29,30,35,48],"ascension_level":12}