{"gold_per_floor":[110,110,210,385,397,397,407,425,480,495,570,191,191,253,253,353,353,369,64,79,98,98,98,129,129,129,160,160,172,172,185,185,286,286,305,8,19,36,105,105,117,117,117,0,26,40,40,50,50,50],"floor_reached":50,"playtime":3223,"items_purged":["Doubt","Defend_R","Writhe"],"score":577,"play_id":"39308077-70bb-4716-a573-f9214ee49fe9","local_time":"20180711061228","is_ascension_mode":true,"campfire_choices":[{"data":"Bash","floor":6,"key":"SMITH"},{"data":"Armaments","floor":13,"key":"SMITH"},{"data":"Perfected Strike","floor":15,"key":"SMITH"},{"data":"Shrug It Off","floor":23,"key":"SMITH"},{"data":"Evolve","floor":25,"key":"SMITH"},{"floor":28,"key":"REST"},{"floor":32,"key":"REST"},{"data":"Demon Form","floor":40,"key":"SMITH"},{"data":"Wild Strike","floor":42,"key":"SMITH"},{"floor":47,"key":"REST"},{"floor":49,"key":"REST"}],"neow_cost":"NONE","seed_source_timestamp":15744228105836,"circlet_count":0,"master_deck":["Defend_R","Defend_R","Defend_R","Bash+1","Whirlwind","Armaments+1","Pommel Strike","Flex","Perfected Strike+1","Demon Form+1","Shrug It Off+1","Wild Strike+1","Shrug It Off+1","Bite","Bite","Bite","Bite","Bite","Evolve+1","Double Tap","Power Through","Perfected Strike+1","Spot Weakness","Wild Strike+1","Pommel Strike+1","Twin Strike","Decay","Writhe","Ghostly Armor+1","Cleave+1","Pommel Strike","Wild Strike+1"],"relics":["Burning Blood","Orichalcum","Tiny Chest","Dream Catcher","Juzu Bracelet","Pear","Cursed Key","Membership Card","Calipers","Sundial","Potion Belt","Mark of Pain","Toolbox","Dodecahedron","Strawberry","Red Mask","Incense Burner"],"potions_floor_usage":[16,16,18,27,33,33,50],"damage_taken":[{"damage":6,"enemies":"Jaw Worm","floor":1,"turns":4},{"damage":4,"enemies":"Small Slimes","floor":5,"turns":5},{"damage":4,"enemies":"2 Louse","floor":7,"turns":4},{"damage":2,"enemies":"Exordium Wildlife","floor":8,"turns":4},{"damage":7,"enemies":"Red Slaver","floor":10,"turns":4},{"damage":13,"enemies":"3 Sentries","floor":14,"turns":4},{"damage":56,"enemies":"Hexaghost","floor":16,"turns":11},{"damage":14,"enemies":"2 Thieves","floor":18,"turns":4},{"damage":4,"enemies":"Chosen","floor":20,"turns":3},{"damage":27,"enemies":"Snecko","floor":21,"turns":5},{"damage":37,"enemies":"Book of Stabbing","floor":24,"turns":6},{"damage":53,"enemies":"Slavers","floor":27,"turns":6},{"damage":26,"enemies":"Snake Plant","floor":29,"turns":5},{"damage":31,"enemies":"Cultist and Chosen","floor":31,"turns":5},{"damage":67,"enemies":"Champ","floor":33,"turns":10},{"damage":9,"enemies":"Orb Walker","floor":35,"turns":3},{"damage":25,"enemies":"3 Shapes","floor":37,"turns":6},{"damage":22,"enemies":"Maw","floor":38,"turns":9},{"damage":20,"enemies":"4 Shapes","floor":41,"turns":4},{"damage":17,"enemies":"Nemesis","floor":45,"turns":5},{"damage":34,"enemies":"3 Darklings","floor":46,"turns":6},{"damage":17,"enemies":"Sphere and 2 Shapes","floor":48,"turns":5},{"damage":100,"enemies":"Awakened One","floor":50,"turns":10}],"seed_played":"285445945359024528","potions_obtained":[{"floor":5,"key":"FearPotion"},{"floor":7,"key":"SpeedPotion"},{"floor":10,"key":"EssenceOfSteel"},{"floor":21,"key":"Energy Potion"},{"floor":27,"key":"SpeedPotion"},{"floor":31,"key":"SpeedPotion"},{"floor":46,"key":"EssenceOfSteel"},{"floor":48,"key":"Ancient Potion"}],"is_trial":false,"path_per_floor":["M","?","?","?","M","R","M","M","T","M","?","$","R","?","R","B",null,"M","$","M","M","?","R","E","R","T","E","R","M","?","M","R","B",null,"M","$","M","M","T","R","M","R","T","?","E","M","R","M","R"],"character_chosen":"IRONCLAD","items_purchased":["Dream Catcher","Juzu Bracelet","Membership Card","Shrug It Off","Wild Strike","Toolbox"],"campfire_rested":4,"item_purchase_floors":[12,12,19,19,36,36],"current_hp_per_floor":[88,76,76,76,78,78,80,84,84,83,72,72,72,75,75,25,98,90,90,92,71,68,68,42,42,42,9,29,23,45,34,54,21,68,68,68,63,65,65,65,53,53,60,60,59,35,57,52,74,0],"gold":50,"neow_bonus":"TEN_PERCENT_HP_BONUS","is_prod":false,"is_daily":false,"chose_seed":false,"campfire_upgraded":7,"win_rate":0,"timestamp":1531257148,"path_taken":["M","?","?","?","?","R","M","M","T","?","?","$","R","?","R","BOSS","M","$","M","M","?","R","E","R","T","E","R","M","?","M","R","BOSS","M","$","M","M","?","R","M","R","T","?","E","M","R","M","R","BOSS"],"build_version":"2018-07-05","purchased_purges":3,"victory":false,"max_hp_per_floor":[88,88,88,88,88,88,88,88,88,88,88,88,88,98,98,98,98,98,98,98,98,68,68,68,68,68,68,68,68,68,68,68,68,68,68,68,68,68,68,68,68,68,75,75,75,75,75,75,75,75],"card_choices":[{"not_picked":["Heavy Blade","Seeing Red"],"picked":"Whirlwind","floor":1},{"not_picked":["Sword Boomerang","Clothesline","Clash"],"picked":"SKIP","floor":5},{"not_picked":["True Grit","Burning Pact"],"picked":"Armaments","floor":7},{"not_picked":["Rupture","Metallicize"],"picked":"Pommel Strike","floor":8},{"not_picked":["Anger","Armaments"],"picked":"Flex","floor":10},{"not_picked":["Corruption","Combust"],"picked":"Perfected Strike","floor":14},{"not_picked":["Feed","Double Tap"],"picked":"Demon Form","floor":16},{"not_picked":["Disarm","Rage","Armaments+1"],"picked":"SKIP","floor":18},{"not_picked":["Thunderclap","Pommel Strike"],"picked":"Wild Strike+1","floor":20},{"not_picked":["Cleave","Dropkick"],"picked":"Shrug It Off+1","floor":21},{"not_picked":["Clash","Thunderclap+1"],"picked":"Evolve","floor":24},{"not_picked":["Clothesline","Rage"],"picked":"Double Tap","floor":27},{"not_picked":["Rampage","Clash"],"picked":"Power Through","floor":29},{"not_picked":["Intimidate","Body Slam"],"picked":"Perfected Strike+1","floor":31},{"not_picked":["Blood for Blood","Shockwave"],"picked":"Spot Weakness","floor":32},{"not_picked":["Body Slam","Thunderclap+1","Iron Wave+1"],"picked":"SKIP","floor":35},{"not_picked":["Bloodletting","Thunderclap"],"picked":"Pommel Strike+1","floor":37},{"not_picked":["Clothesline+1","Flame Barrier"],"picked":"Twin Strike","floor":38},{"not_picked":["True Grit+1","Brutality","Combust+1"],"picked":"SKIP","floor":41},{"not_picked":["Body Slam+1","Warcry+1"],"picked":"Ghostly Armor+1","floor":45},{"not_picked":["Anger+1","Iron Wave+1","Immolate"],"picked":"SKIP","floor":46},{"not_picked":["Seeing Red","Warcry"],"picked":"Cleave+1","floor":47},{"not_picked":["Combust","Twin Strike"],"picked":"Pommel Strike","floor":48},{"not_picked":["Dual Wield+1","Shockwave+1"],"picked":"Wild Strike+1","floor":49}],"player_experience":129706,"relics_obtained":[{"floor":9,"key":"Tiny Chest"},{"floor":14,"key":"Pear"},{"floor":24,"key":"Calipers"},{"floor":26,"key":"Sundial"},{"floor":27,"key":"Potion Belt"},{"floor":39,"key":"Dodecahedron"},{"floor":43,"key":"Strawberry"},{"floor":45,"key":"Incense Burner"}],"event_choices":[{"event_name":"Scrap Ooze","player_choice":"success","floor":2,"damage_taken":12},{"event_name":"Golden Shrine","player_choice":"Pray","floor":3,"damage_taken":0},{"event_name":"Liars Game","player_choice":"agreed","floor":4,"damage_taken":0},{"event_name":"World of Goop","player_choice":"Gather Gold","floor":11,"damage_taken":0},{"event_name":"Dead Adventurer","player_choice":"Searched \u00271\u0027 times","floor":14,"damage_taken":0},{"event_name":"Vampires","player_choice":"Became a vampire","floor":22,"damage_taken":0},{"event_name":"The Library","player_choice":"Heal","floor":30,"damage_taken":0},{"event_name":"Tomb of Lord Red Mask","player_choice":"Paid","floor":44,"damage_taken":0}],"boss_relics":[{"not_picked":["Empty Cage","Fusion Hammer"],"picked":"Cursed Key"},{"not_picked":["Orrery","Pandora\u0027s Box"],"picked":"Mark of Pain"}],"items_purged_floors":[12,19,36],"is_endless":false,"potions_floor_spawned":[5,7,10,14,21,27,31,46,48],"killed_by":"Awakened One","ascension_level":1}