{"gold_per_floor":[110,130,10,24,24,24,52,52,76,92,112,112,128,162,162,261,261,273,373,78,128,141,141,156,156,181,197,122,136,136,136,136,241,241,261,280,295,170,188,188,188,198,498,515,515,525,554,554,554,554],"floor_reached":51,"playtime":3011,"items_purged":["Strike_B","Strike_B","Shame"],"score":802,"play_id":"2ae411c9-f3a7-48d8-b534-68c8acf6705f","local_time":"20180902211507","is_ascension_mode":true,"campfire_choices":[{"data":"Zap","floor":6,"key":"SMITH"},{"data":"Buffer","floor":8,"key":"SMITH"},{"data":"Defragment","floor":12,"key":"SMITH"},{"data":"Conserve Battery","floor":15,"key":"SMITH"},{"data":"Dualcast","floor":23,"key":"SMITH"},{"data":"Seek","floor":25,"key":"SMITH"},{"data":"Self Repair","floor":30,"key":"SMITH"},{"floor":32,"key":"REST"},{"data":"Defragment","floor":40,"key":"SMITH"},{"data":"Buffer","floor":45,"key":"SMITH"},{"floor":49,"key":"REST"}],"neow_cost":"NONE","seed_source_timestamp":1214409836088739,"circlet_count":0,"master_deck":["Strike_B+1","Strike_B+1","Defend_B+1","Defend_B+1","Defend_B+1","Zap+1","Dualcast+1","Conserve Battery+1","Ball Lightning+1","Ball Lightning+1","Buffer+1","Defragment+1","Defragment+1","Steam Power+1","Seek+1","Defragment+1","Ball Lightning+1","Cold Snap+1","Redo+1","Self Repair+1","Buffer+1","Decay","Decay","Melter+1","Redo+1","Conserve Battery+1","Go for the Eyes+1","Redo+1","Leap+1","Echo Form+1"],"relics":["Cracked Core","Lantern","Blood Vial","Potion Belt","Ornamental Fan","Runic Pyramid","Unceasing Top","Bottled Flame","Lee\u0027s Waffle","Oddly Smooth Stone","Anchor","Calling Bell","Dream Catcher","Pantograph","Gambling Chip","Old Coin","Ancient Tea Set","Mark of the Bloom"],"potions_floor_usage":[19,29,33,37,50,50,50,50],"damage_taken":[{"damage":0,"enemies":"Cultist","floor":1,"turns":4},{"damage":0,"enemies":"Small Slimes","floor":2,"turns":3},{"damage":0,"enemies":"Jaw Worm","floor":4,"turns":3},{"damage":10,"enemies":"3 Sentries","floor":7,"turns":6},{"damage":0,"enemies":"2 Fungi Beasts","floor":10,"turns":3},{"damage":2,"enemies":"Exordium Thugs","floor":11,"turns":4},{"damage":9,"enemies":"Exordium Wildlife","floor":13,"turns":3},{"damage":10,"enemies":"Gremlin Nob","floor":14,"turns":3},{"damage":0,"enemies":"The Guardian","floor":16,"turns":8},{"damage":0,"enemies":"Spheric Guardian","floor":18,"turns":4},{"damage":18,"enemies":"Colosseum Slavers","floor":19,"turns":4},{"damage":47,"enemies":"Colosseum Nobs","floor":19,"turns":5},{"damage":0,"enemies":"Chosen","floor":22,"turns":3},{"damage":18,"enemies":"3 Cultists","floor":24,"turns":5},{"damage":15,"enemies":"Snake Plant","floor":27,"turns":3},{"damage":10,"enemies":"Cultist and Chosen","floor":29,"turns":4},{"damage":14,"enemies":"Automaton","floor":33,"turns":8},{"damage":0,"enemies":"3 Shapes","floor":35,"turns":5},{"damage":0,"enemies":"Orb Walker","floor":36,"turns":3},{"damage":21,"enemies":"Reptomancer","floor":37,"turns":6},{"damage":5,"enemies":"4 Shapes","floor":39,"turns":4},{"damage":0,"enemies":"Transient","floor":42,"turns":5},{"damage":17,"enemies":"3 Darklings","floor":44,"turns":5},{"damage":0,"enemies":"Spire Growth","floor":46,"turns":4},{"damage":0,"enemies":"2 Orb Walkers","floor":47,"turns":6},{"damage":1,"enemies":"Donu and Deca","floor":50,"turns":10}],"seed_played":"3749590184028561211","potions_obtained":[{"floor":10,"key":"Ancient Potion"},{"floor":16,"key":"AttackPotion"},{"floor":22,"key":"GamblersBrew"},{"floor":24,"key":"PowerPotion"},{"floor":27,"key":"FocusPotion"},{"floor":33,"key":"Strength Potion"},{"floor":44,"key":"Dexterity Potion"},{"floor":46,"key":"AttackPotion"},{"floor":47,"key":"Fire Potion"}],"is_trial":false,"path_per_floor":["M","M","$","M","$","R","E","R","T","M","M","R","M","E","R","B",null,"M","?","$","T","M","R","M","R","T","M","$","M","R","?","R","B",null,"M","M","M","$","M","R","?","M","T","M","R","M","E","?","R","B"],"character_chosen":"DEFECT","items_purchased":["Ball Lightning","Lee\u0027s Waffle","Self Repair"],"campfire_rested":2,"item_purchase_floors":[3,20,28],"current_hp_per_floor":[75,75,75,75,75,75,65,65,65,67,67,67,60,52,52,54,75,75,12,82,82,82,82,64,64,64,51,51,50,50,34,58,46,82,82,82,71,71,68,68,68,80,80,75,75,77,82,82,82,81],"gold":554,"neow_bonus":"RANDOM_COMMON_RELIC","is_prod":false,"is_daily":false,"chose_seed":false,"campfire_upgraded":9,"win_rate":0,"timestamp":1535890507,"path_taken":["M","M","?","M","$","R","E","R","T","?","M","R","M","E","R","BOSS","M","?","?","?","M","R","?","R","T","M","$","?","R","?","R","BOSS","M","?","M","$","M","R","?","M","T","M","R","M","E","?","R","BOSS"],"build_version":"2018-08-30","purchased_purges":3,"victory":true,"max_hp_per_floor":[75,75,75,75,75,75,75,75,75,75,75,75,75,75,75,75,75,75,75,82,82,82,82,82,82,82,82,82,82,82,82,82,82,82,82,82,82,82,82,82,82,82,82,82,82,82,82,82,82,82],"card_choices":[{"not_picked":["Hologram","Go for the Eyes"],"picked":"Conserve Battery","floor":1},{"not_picked":["Hologram","Sunder","Chaos"],"picked":"SKIP","floor":2},{"not_picked":["FTL","Turbo"],"picked":"Ball Lightning","floor":4},{"not_picked":["Sweeping Beam","Recycle"],"picked":"Buffer","floor":7},{"not_picked":["Heatsinks","Beam Cell"],"picked":"Defragment","floor":10},{"not_picked":["Conserve Battery","Beam Cell"],"picked":"Defragment","floor":11},{"not_picked":["Scrape","Rebound","Steam"],"picked":"SKIP","floor":13},{"not_picked":["Fission","Reprogram"],"picked":"Steam Power","floor":14},{"not_picked":["Hyperbeam","Rainbow"],"picked":"Seek","floor":16},{"not_picked":["Rebound","Consume","Go for the Eyes+1"],"picked":"SKIP","floor":18},{"not_picked":["Tempest","Stack+1"],"picked":"Defragment","floor":19},{"not_picked":["Hello World","Loop"],"picked":"Ball Lightning+1","floor":22},{"not_picked":["Coolheaded","Barrage"],"picked":"Cold Snap","floor":24},{"not_picked":["Hologram","Reprogram"],"picked":"Redo+1","floor":27},{"not_picked":["Coolheaded","Hologram","FTL"],"picked":"SKIP","floor":29},{"not_picked":["Machine Learning","Biased Cognition"],"picked":"Buffer","floor":33},{"not_picked":["Chaos","Doom and Gloom+1"],"picked":"Melter+1","floor":35},{"not_picked":["Rebound","Storm+1"],"picked":"Redo+1","floor":36},{"not_picked":["Static Discharge+1","Storm+1"],"picked":"Conserve Battery+1","floor":37},{"not_picked":["Compile Driver","Reinforced Body"],"picked":"Go for the Eyes+1","floor":39},{"not_picked":["Rebound","Doom and Gloom"],"picked":"Redo+1","floor":42},{"not_picked":["Darkness","Rebound+1"],"picked":"Leap+1","floor":44},{"not_picked":["Sunder+1","Ball Lightning"],"picked":"Echo Form","floor":46},{"not_picked":["Aggregate+1","Barrage","Gash+1"],"picked":"SKIP","floor":47}],"player_experience":191510,"relics_obtained":[{"floor":7,"key":"Blood Vial"},{"floor":9,"key":"Potion Belt"},{"floor":14,"key":"Ornamental Fan"},{"floor":19,"key":"Unceasing Top"},{"floor":19,"key":"Bottled Flame"},{"floor":21,"key":"Oddly Smooth Stone"},{"floor":26,"key":"Anchor"},{"floor":34,"key":"Dream Catcher"},{"floor":34,"key":"Pantograph"},{"floor":34,"key":"Gambling Chip"},{"floor":43,"key":"Old Coin"},{"floor":47,"key":"Ancient Tea Set"}],"event_choices":[{"event_name":"Colosseum","player_choice":"Fight","floor":19,"damage_taken":0},{"event_name":"Colosseum","player_choice":"Fought Nobs","floor":19,"damage_taken":0},{"event_name":"Cursed Tome","player_choice":"Obtained Book","floor":31,"damage_taken":0},{"event_name":"Falling","player_choice":"Removed Skill","floor":41,"damage_taken":0},{"event_name":"MindBloom","player_choice":"Upgrade","floor":48,"damage_taken":0}],"is_beta":false,"boss_relics":[{"not_picked":["Coffee Dripper","Fusion Hammer"],"picked":"Runic Pyramid"},{"not_picked":["Velvet Choker","Tiny House"],"picked":"Calling Bell"}],"items_purged_floors":[3,20,38],"is_endless":false,"potions_floor_spawned":[10,16,22,24,27,33,44,46,47],"ascension_level":1}