{"gold_per_floor":[119,131,131,131,149,149,176,176,176,176,195,213,226,255,255,353,353,366,384,17,0,24,24,24],"floor_reached":24,"playtime":1076,"items_purged":["Regret"],"score":269,"play_id":"d3c88ed0-adef-4c95-8389-277c1b82f164","local_time":"20180829215107","is_ascension_mode":true,"campfire_choices":[{"data":"Armaments","floor":6,"key":"SMITH"},{"data":"Offering","floor":8,"key":"SMITH"},{"floor":15,"key":"REST"},{"floor":23,"key":"REST"}],"neow_cost":"NONE","seed_source_timestamp":872918155016893,"circlet_count":0,"master_deck":["Strike_R","Strike_R","Strike_R","Strike_R","Defend_R","Defend_R","Defend_R","Defend_R","Bash","Flex","Whirlwind","Armaments+1","Offering+1","Heavy Blade","Double Tap","Perfected Strike","Wild Strike","Evolve","Heavy Blade","Armaments+1"],"relics":["Burning Blood","Unceasing Top","Darkstone Periapt","Mummified Hand","Girya","Orrery","Lantern","Juzu Bracelet","Omamori"],"potions_floor_usage":[13,14,16,16,19],"damage_taken":[{"damage":6,"enemies":"2 Louse","floor":1,"turns":2},{"damage":5,"enemies":"Cultist","floor":2,"turns":4},{"damage":5,"enemies":"Small Slimes","floor":5,"turns":3},{"damage":21,"enemies":"3 Sentries","floor":7,"turns":5},{"damage":6,"enemies":"3 Louse","floor":11,"turns":1},{"damage":9,"enemies":"Blue Slaver","floor":12,"turns":4},{"damage":22,"enemies":"Exordium Thugs","floor":13,"turns":4},{"damage":24,"enemies":"Lagavulin","floor":14,"turns":6},{"damage":6,"enemies":"Slime Boss","floor":16,"turns":2},{"damage":39,"enemies":"Chosen","floor":18,"turns":6},{"damage":40,"enemies":"Shell Parasite","floor":19,"turns":4},{"damage":23,"enemies":"Shelled Parasite and Fungi","floor":24,"turns":3}],"seed_played":"3432147413034055600","potions_obtained":[{"floor":7,"key":"SteroidPotion"},{"floor":12,"key":"Poison Potion"},{"floor":13,"key":"Weak Potion"},{"floor":14,"key":"SteroidPotion"},{"floor":18,"key":"EssenceOfSteel"}],"is_trial":false,"path_per_floor":["M","M","?","?","M","R","E","R","T","?","M","M","M","E","R","B",null,"M","M","$","?","T","R"],"character_chosen":"IRONCLAD","items_purchased":["Lantern","Juzu Bracelet"],"campfire_rested":2,"item_purchase_floors":[20,20],"current_hp_per_floor":[88,88,88,81,82,82,67,67,67,73,73,70,54,36,64,64,94,61,27,27,27,27,55,32],"gold":24,"neow_bonus":"TEN_PERCENT_HP_BONUS","is_prod":false,"is_daily":false,"chose_seed":false,"campfire_upgraded":2,"win_rate":0,"timestamp":1535547067,"path_taken":["M","M","?","?","M","R","E","R","T","?","?","M","?","E","R","BOSS","M","M","$","?","?","R","M"],"build_version":"2018-08-23v2","purchased_purges":1,"victory":false,"max_hp_per_floor":[88,88,88,88,88,88,88,88,88,94,94,94,94,94,94,94,94,94,94,94,94,94,94,94],"card_choices":[{"not_picked":["Clothesline","Thunderclap"],"picked":"Flex","floor":1},{"not_picked":["Limit Break","Heavy Blade"],"picked":"Whirlwind","floor":2},{"not_picked":["Pommel Strike","Sword Boomerang"],"picked":"Armaments","floor":5},{"not_picked":["Headbutt","Corruption"],"picked":"Offering","floor":7},{"not_picked":["Twin Strike","Infernal Blade"],"picked":"Heavy Blade","floor":11},{"not_picked":["Searing Blow","Flame Barrier","Sentinel"],"picked":"SKIP","floor":12},{"not_picked":["Anger","True Grit","Sever Soul"],"picked":"SKIP","floor":13},{"not_picked":["Armaments","Body Slam","Barricade"],"picked":"SKIP","floor":14},{"not_picked":["Body Slam","Anger"],"picked":"Double Tap","floor":17},{"not_picked":["Havoc","True Grit"],"picked":"Perfected Strike","floor":17},{"not_picked":["Twin Strike","Dark Embrace"],"picked":"Wild Strike","floor":17},{"not_picked":["Clothesline","Anger"],"picked":"Evolve","floor":17},{"not_picked":["Rupture","Body Slam"],"picked":"Heavy Blade","floor":17},{"not_picked":["Clothesline","Dual Wield"],"picked":"Armaments+1","floor":18},{"not_picked":["Metallicize","Iron Wave","Anger+1"],"picked":"SKIP","floor":19}],"player_experience":160914,"relics_obtained":[{"floor":7,"key":"Unceasing Top"},{"floor":9,"key":"Darkstone Periapt"},{"floor":14,"key":"Girya"},{"floor":22,"key":"Omamori"}],"event_choices":[{"event_name":"The Woman in Blue","player_choice":"Bought 0 Potions","floor":3,"damage_taken":0},{"event_name":"Golden Wing","player_choice":"Card Removal","floor":4,"damage_taken":0},{"event_name":"Big Fish","player_choice":"Box","floor":10,"damage_taken":0},{"event_name":"Masked Bandits","player_choice":"Paid Fearfully","floor":21,"damage_taken":0}],"is_beta":false,"boss_relics":[{"not_picked":["Ectoplasm","Velvet Choker"],"picked":"Orrery"}],"items_purged_floors":[20],"is_endless":false,"potions_floor_spawned":[7,12,13,14,18],"killed_by":"Shelled Parasite and Fungi","ascension_level":1}