{"gold_per_floor":[117,28,38,38,213,213,247,247,247,265,265,282,311,322,322,421,421,433,433,449,449,158,193,193,207,276,276],"floor_reached":27,"playtime":563,"items_purged":["Regret"],"score":344,"play_id":"6e61e578-619b-4122-b30c-2d63ce0acbff","local_time":"20190510085751","is_ascension_mode":true,"campfire_choices":[{"data":"Static Discharge","floor":6,"key":"SMITH"},{"data":"Loop","floor":8,"key":"SMITH"},{"data":"Zap","floor":11,"key":"SMITH"},{"floor":15,"key":"REST"},{"floor":24,"key":"REST"}],"neow_cost":"NONE","seed_source_timestamp":2123469244127068,"circlet_count":0,"master_deck":["Defend_B","Defend_B","Defend_B","Defend_B","Zap+1","Dualcast","Cold Snap","Static Discharge+1","Doubt","Loop+1","Streamline","Rebound","Ball Lightning","Go for the Eyes","Fission","Consume","Bite","Bite","Bite","Bite","Bite","Leap","Apotheosis","Cold Snap","BootSequence"],"relics":["Cracked Core","NeowsBlessing","Orichalcum","Lantern","Ancient Tea Set","Gremlin Horn","Turnip","Lizard Tail","Pantograph"],"potions_floor_usage":[16,23],"damage_taken":[{"damage":0,"enemies":"2 Louse","floor":1,"turns":1},{"damage":0,"enemies":"Cultist","floor":3,"turns":1},{"damage":0,"enemies":"Gremlin Nob","floor":7,"turns":1},{"damage":7,"enemies":"Jaw Worm","floor":10,"turns":2},{"damage":13,"enemies":"2 Fungi Beasts","floor":12,"turns":3},{"damage":16,"enemies":"3 Sentries","floor":13,"turns":4},{"damage":8,"enemies":"Blue Slaver","floor":14,"turns":2},{"damage":34,"enemies":"Slime Boss","floor":16,"turns":7},{"damage":3,"enemies":"Spheric Guardian","floor":18,"turns":3},{"damage":20,"enemies":"Shell Parasite","floor":20,"turns":5},{"damage":41,"enemies":"Book of Stabbing","floor":23,"turns":5},{"damage":19,"enemies":"Snake Plant","floor":25,"turns":4},{"damage":48,"enemies":"3 Cultists","floor":27,"turns":4}],"seed_played":"3077067210959394078","potions_obtained":[{"floor":3,"key":"Fire Potion"},{"floor":7,"key":"AttackPotion"},{"floor":14,"key":"SteroidPotion"},{"floor":23,"key":"SteroidPotion"}],"is_trial":false,"path_per_floor":["M","?","M","?","?","R","E","R","T","M","R","M","E","M","R","B",null,"M","?","M","?","$","E","R","M","T","M"],"character_chosen":"DEFECT","items_purchased":["Apotheosis","Cold Snap"],"campfire_rested":2,"item_purchase_floors":[22,22],"current_hp_per_floor":[75,75,75,75,75,75,75,75,75,68,68,55,39,31,53,19,75,72,52,38,38,38,3,18,7,7,0],"gold":276,"neow_bonus":"THREE_ENEMY_KILL","is_prod":false,"is_daily":false,"chose_seed":false,"campfire_upgraded":3,"win_rate":0,"timestamp":1557435471,"path_taken":["M","?","?","?","?","R","E","R","T","M","R","M","E","M","R","BOSS","M","?","M","?","$","E","R","M","T","?"],"build_version":"2019-01-23","purchased_purges":1,"victory":false,"max_hp_per_floor":[75,75,75,75,75,75,75,75,75,75,75,75,75,75,75,75,75,75,52,52,52,52,52,52,52,52,52],"card_choices":[{"not_picked":["Sweeping Beam","Blizzard"],"picked":"Cold Snap","floor":1},{"not_picked":["Go for the Eyes","Coolheaded"],"picked":"Static Discharge","floor":3},{"not_picked":["Heatsinks","Sweeping Beam"],"picked":"Loop","floor":7},{"not_picked":["Creative AI","Barrage"],"picked":"Streamline","floor":10},{"not_picked":["Streamline","Heatsinks"],"picked":"Rebound","floor":12},{"not_picked":["Scrape","Machine Learning"],"picked":"Ball Lightning","floor":13},{"not_picked":["Cold Snap","Barrage"],"picked":"Go for the Eyes","floor":14},{"not_picked":["Seek","Biased Cognition"],"picked":"Fission","floor":16},{"not_picked":["Go for the Eyes","FTL"],"picked":"Consume","floor":18},{"not_picked":["Streamline","Hyperbeam"],"picked":"Leap","floor":20},{"not_picked":["Hello World","Scrape","Turbo"],"picked":"SKIP","floor":23},{"not_picked":["Steam","Skim"],"picked":"BootSequence","floor":25}],"player_experience":217511,"relics_obtained":[{"floor":7,"key":"Ancient Tea Set"},{"floor":9,"key":"Gremlin Horn"},{"floor":13,"key":"Turnip"},{"floor":23,"key":"Pantograph"}],"event_choices":[{"damage_healed":0,"gold_gain":0,"player_choice":"Paid Gold","damage_taken":0,"relics_obtained":["Orichalcum"],"max_hp_gain":0,"max_hp_loss":0,"event_name":"WeMeetAgain","floor":2,"gold_loss":89},{"damage_healed":0,"gold_gain":0,"player_choice":"Box","damage_taken":0,"relics_obtained":["Lantern"],"max_hp_gain":0,"max_hp_loss":0,"event_name":"Big Fish","floor":4,"gold_loss":0,"cards_obtained":["Regret"]},{"damage_healed":0,"gold_gain":175,"player_choice":"AGREE","damage_taken":0,"max_hp_gain":0,"max_hp_loss":0,"event_name":"Liars Game","floor":5,"gold_loss":0,"cards_obtained":["Doubt"]},{"damage_healed":0,"gold_gain":0,"player_choice":"Became a vampire","damage_taken":0,"max_hp_gain":0,"max_hp_loss":23,"event_name":"Vampires","floor":19,"gold_loss":0,"cards_obtained":["Bite","Bite","Bite","Bite","Bite"]},{"damage_healed":0,"gold_gain":0,"player_choice":"Ignored","damage_taken":0,"max_hp_gain":0,"max_hp_loss":0,"event_name":"Cursed Tome","floor":21,"gold_loss":0}],"is_beta":false,"boss_relics":[{"not_picked":["Runic Dome","White Beast Statue"],"picked":"Lizard Tail"}],"items_purged_floors":[22],"is_endless":false,"potions_floor_spawned":[3,7,14,23],"killed_by":"3 Cultists","ascension_level":4}