{"gold_per_floor":[110,110,127,142,67,67,94,94,94,94,110,140,14,14,14,14],"floor_reached":16,"playtime":535,"items_purged":["Regret"],"score":118,"play_id":"2a8035ef-ed1a-45c2-8603-198fe73378f0","local_time":"20181026200041","is_ascension_mode":true,"campfire_choices":[{"data":"Bash","floor":6,"key":"SMITH"},{"data":"True Grit","floor":8,"key":"SMITH"},{"data":"Armaments","floor":15,"key":"SMITH"}],"neow_cost":"NONE","seed_source_timestamp":1170054998857483,"circlet_count":0,"master_deck":["Strike_R","Strike_R","Strike_R","Strike_R","Strike_R","Defend_R","Defend_R","Defend_R","Defend_R","Bash+1","True Grit+1","Wild Strike","Armaments+1","Power Through"],"relics":["Burning Blood","Centennial Puzzle","Omamori","Orichalcum","Kunai","Bag of Preparation","Dead Branch","Paper Frog"],"potions_floor_usage":[11,16],"damage_taken":[{"damage":6,"enemies":"Cultist","floor":1,"turns":4},{"damage":5,"enemies":"Small Slimes","floor":3,"turns":3},{"damage":12,"enemies":"Jaw Worm","floor":4,"turns":3},{"damage":0,"enemies":"Gremlin Gang","floor":11,"turns":4},{"damage":22,"enemies":"Gremlin Nob","floor":12,"turns":5},{"damage":53,"enemies":"Hexaghost","floor":16,"turns":9}],"seed_played":"-1874390281162127621","potions_obtained":[{"floor":4,"key":"Fire Potion"},{"floor":11,"key":"Dexterity Potion"}],"is_trial":false,"path_per_floor":["M","?","M","M","$","R","T","R","T","?","M","E","$","?","R"],"character_chosen":"IRONCLAD","items_purchased":["Armaments","Power Through"],"campfire_rested":0,"item_purchase_floors":[13,13],"current_hp_per_floor":[80,80,80,74,74,74,74,74,74,74,80,64,64,52,52,0],"gold":14,"neow_bonus":"RANDOM_COMMON_RELIC","is_prod":false,"is_daily":false,"chose_seed":false,"campfire_upgraded":3,"win_rate":0,"timestamp":1540551641,"path_taken":["M","?","?","M","$","R","?","R","T","?","M","E","$","?","R","BOSS"],"build_version":"2018-10-25v2","purchased_purges":1,"victory":false,"max_hp_per_floor":[80,80,80,80,80,80,80,80,80,80,80,80,80,80,80,80],"card_choices":[{"not_picked":["Twin Strike","Feel No Pain","Rampage"],"picked":"SKIP","floor":1},{"not_picked":["Havoc","Warcry","Rampage"],"picked":"SKIP","floor":3},{"not_picked":["Rage","Anger"],"picked":"True Grit","floor":4},{"not_picked":["Iron Wave","Warcry","Shockwave"],"picked":"SKIP","floor":11},{"not_picked":["Flame Barrier","Rupture"],"picked":"Wild Strike","floor":12}],"player_experience":407180,"relics_obtained":[{"floor":7,"key":"Orichalcum"},{"floor":9,"key":"Kunai"},{"floor":12,"key":"Dead Branch"}],"event_choices":[{"damage_healed":0,"gold_gain":0,"player_choice":"Box","damage_taken":0,"relics_obtained":["Omamori"],"max_hp_gain":0,"max_hp_loss":0,"event_name":"Big Fish","floor":2,"gold_loss":0,"cards_obtained":["Regret"]},{"damage_healed":0,"gold_gain":0,"player_choice":"Searched \u00271\u0027 times","damage_taken":0,"relics_obtained":["Bag of Preparation"],"max_hp_gain":0,"max_hp_loss":0,"event_name":"Dead Adventurer","floor":10,"gold_loss":0},{"damage_healed":0,"gold_gain":0,"player_choice":"Success","damage_taken":12,"relics_obtained":["Paper Frog"],"max_hp_gain":0,"max_hp_loss":0,"event_name":"Scrap Ooze","floor":14,"gold_loss":0}],"is_beta":false,"boss_relics":[],"items_purged_floors":[5],"is_endless":false,"potions_floor_spawned":[4,11],"killed_by":"Hexaghost","ascension_level":4}