{"gold_per_floor":[17,36,36,50,69,69,83,101,147,72,90,90,90,90,90,187,187,204,224,149,149,161,161,178,178,203,217,63,78,78,78,78,78],"floor_reached":33,"playtime":2454,"items_purged":["Strike_G","Strike_G"],"score":266,"play_id":"3191d78c-f656-47bf-b1dd-8abfb405a5aa","local_time":"20181014232416","is_ascension_mode":false,"campfire_choices":[{"data":"Noxious Fumes","floor":6,"key":"SMITH"},{"floor":12,"key":"REST"},{"data":"Corpse Explosion","floor":15,"key":"SMITH"},{"data":"Adrenaline","floor":23,"key":"SMITH"},{"floor":25,"key":"REST"},{"data":"Neutralize","floor":30,"key":"SMITH"},{"floor":32,"key":"REST"}],"neow_cost":"NO_GOLD","seed_source_timestamp":9273912256589,"circlet_count":0,"master_deck":["Defend_G","Defend_G","Defend_G","Defend_G","Defend_G","Strike_G","Strike_G","Survivor","Neutralize+1","Corpse Explosion+1","Deflect","Noxious Fumes+1","Deflect","Adrenaline+1","Bane"],"relics":["Ring of the Snake","Happy Flower","Busted Crown","Regal Pillow","MutagenicStrength"],"potions_floor_usage":[19,19,33,33],"damage_taken":[{"damage":0,"enemies":"Cultist","floor":1,"turns":6},{"damage":1,"enemies":"Jaw Worm","floor":2,"turns":4},{"damage":0,"enemies":"2 Louse","floor":4,"turns":2},{"damage":9,"enemies":"Red Slaver","floor":5,"turns":6},{"damage":6,"enemies":"Large Slime","floor":7,"turns":7},{"damage":26,"enemies":"Exordium Wildlife","floor":8,"turns":5},{"damage":6,"enemies":"Lots of Slimes","floor":11,"turns":2},{"damage":35,"enemies":"Slime Boss","floor":16,"turns":10},{"damage":6,"enemies":"3 Byrds","floor":18,"turns":3},{"damage":8,"enemies":"2 Thieves","floor":19,"turns":3},{"damage":7,"enemies":"Centurion and Healer","floor":22,"turns":6},{"damage":16,"enemies":"Snake Plant","floor":24,"turns":5},{"damage":0,"enemies":"3 Cultists","floor":27,"turns":3},{"damage":3,"enemies":"Centurion and Healer","floor":29,"turns":5},{"damage":86,"enemies":"Champ","floor":33,"turns":13}],"seed_played":"9149191130905798268","potions_obtained":[{"floor":5,"key":"LiquidBronze"},{"floor":11,"key":"Strength Potion"},{"floor":19,"key":"Block Potion"},{"floor":27,"key":"EssenceOfSteel"}],"is_trial":false,"path_per_floor":["M","M","$","M","M","R","M","M","T","$","M","R","?","?","R","B",null,"M","M","?","?","M","R","M","R","T","M","$","M","R","?","R"],"character_chosen":"THE_SILENT","items_purchased":["Bane"],"campfire_rested":3,"item_purchase_floors":[28],"current_hp_per_floor":[70,69,69,69,60,60,54,28,28,28,22,43,36,59,59,24,70,64,56,56,43,36,36,20,42,42,42,42,39,39,39,75,0],"gold":78,"neow_bonus":"THREE_RARE_CARDS","is_prod":false,"is_daily":false,"chose_seed":false,"campfire_upgraded":4,"win_rate":0,"timestamp":1539530656,"path_taken":["M","M","?","?","M","R","M","M","T","$","M","R","?","?","R","BOSS","M","M","?","?","M","R","M","R","T","M","$","M","R","?","R","BOSS"],"build_version":"2018-09-06","purchased_purges":2,"victory":false,"max_hp_per_floor":[70,70,70,70,70,70,70,70,70,70,70,70,70,70,70,70,70,70,70,70,75,75,75,75,75,75,75,75,75,75,75,75,75],"card_choices":[{"not_picked":["Die Die Die","Storm of Steel"],"picked":"Corpse Explosion","floor":0},{"not_picked":["Deadly Poison","Tactician"],"picked":"Deflect","floor":1},{"not_picked":["Endless Agony","Prepared"],"picked":"Noxious Fumes","floor":2},{"not_picked":["Distraction","Blade Dance","Bouncing Flask"],"picked":"SKIP","floor":4},{"not_picked":["Blade Dance","Die Die Die"],"picked":"Infinite Blades","floor":5},{"not_picked":["Deadly Poison","Flying Knee"],"picked":"Deflect","floor":7},{"not_picked":["Finisher","Flying Knee","Reflex"],"picked":"SKIP","floor":8},{"not_picked":["Quick Slash","Reflex","Endless Agony"],"picked":"SKIP","floor":11},{"not_picked":["Night Terror","Glass Knife"],"picked":"Adrenaline","floor":16},{"not_picked":["Deadly Poison"],"picked":"SKIP","floor":18},{"not_picked":["Bouncing Flask"],"picked":"SKIP","floor":19},{"not_picked":["Slice"],"picked":"SKIP","floor":22},{"not_picked":["Deadly Poison"],"picked":"SKIP","floor":24},{"not_picked":["Blade Dance+1"],"picked":"SKIP","floor":27},{"not_picked":["Flying Knee"],"picked":"SKIP","floor":29}],"player_experience":74571,"relics_obtained":[{"floor":9,"key":"Happy Flower"},{"floor":26,"key":"Regal Pillow"}],"event_choices":[{"event_name":"Golden Wing","player_choice":"Card Removal","floor":13,"damage_taken":0},{"event_name":"Big Fish","player_choice":"Banana","floor":14,"damage_taken":0},{"event_name":"Beggar","player_choice":"Gave Gold","floor":20,"damage_taken":0},{"event_name":"Forgotten Altar","player_choice":"Shed Blood","floor":21,"damage_taken":0},{"event_name":"Drug Dealer","player_choice":"Inject Mutagens","floor":31,"damage_taken":0}],"is_beta":false,"boss_relics":[{"not_picked":["Empty Cage","Pandora\u0027s Box"],"picked":"Busted Crown"}],"items_purged_floors":[10,28],"is_endless":false,"potions_floor_spawned":[5,11,19,27],"killed_by":"Champ","ascension_level":0}