{"gold_per_floor":[111,286,9,21,21,21,48,48,48,76,76,89,89,101,101,205,205,216,216,216,229,38,38,66,66],"floor_reached":25,"playtime":949,"items_purged":["Doubt"],"score":315,"play_id":"29f93cc8-bef5-4567-bc78-e1c915802917","local_time":"20181101013743","is_ascension_mode":true,"campfire_choices":[{"data":"Armaments","floor":6,"key":"SMITH"},{"data":"Bash","floor":8,"key":"SMITH"},{"data":"Wild Strike","floor":11,"key":"SMITH"},{"data":"Strike_R","floor":15,"key":"SMITH"},{"data":"Reckless Charge","floor":23,"key":"SMITH"}],"neow_cost":"NONE","seed_source_timestamp":445364112252820,"circlet_count":0,"master_deck":["Strike_R+1","Strike_R","Strike_R","Strike_R","Defend_R","Defend_R","Defend_R","Defend_R","Bash+1","Armaments+1","Wild Strike+1","Offering","True Grit+1","Second Wind","Reckless Charge+1"],"relics":["Burning Blood","NeowsBlessing","ClockworkSouvenir","Kunai","Gambling Chip","Pen Nib","Sozu","Happy Flower","WingedGreaves"],"potions_floor_usage":[16,24],"damage_taken":[{"damage":0,"enemies":"2 Louse","floor":1,"turns":1},{"damage":0,"enemies":"Jaw Worm","floor":4,"turns":1},{"damage":0,"enemies":"3 Sentries","floor":7,"turns":2},{"damage":21,"enemies":"Gremlin Nob","floor":10,"turns":4},{"damage":0,"enemies":"Small Slimes","floor":12,"turns":2},{"damage":5,"enemies":"Red Slaver","floor":14,"turns":4},{"damage":68,"enemies":"Hexaghost","floor":16,"turns":12},{"damage":23,"enemies":"Shell Parasite","floor":18,"turns":4},{"damage":0,"enemies":"Chosen","floor":21,"turns":4},{"damage":75,"enemies":"Gremlin Leader","floor":24,"turns":9},{"damage":0,"enemies":"Snecko","floor":25,"turns":2}],"seed_played":"1241529078793709629","potions_obtained":[{"floor":1,"key":"SpeedPotion"},{"floor":14,"key":"FearPotion"}],"is_trial":false,"path_per_floor":["M","?","$","M","?","R","E","R","T","E","R","M","$","M","R","B",null,"M","?","?","M","$","R","E"],"character_chosen":"IRONCLAD","items_purchased":["ClockworkSouvenir","Reckless Charge","Happy Flower"],"campfire_rested":0,"item_purchase_floors":[3,22,22],"current_hp_per_floor":[80,80,80,80,80,80,80,80,80,65,65,71,71,72,72,10,63,46,72,72,78,78,78,9,9],"gold":66,"neow_bonus":"THREE_ENEMY_KILL","is_prod":false,"is_daily":false,"chose_seed":false,"campfire_upgraded":5,"win_rate":0,"timestamp":1541003863,"path_taken":["M","?","$","M","?","R","E","R","T","E","R","M","?","?","R","BOSS","M","?","?","?","$","R","E","M"],"build_version":"2018-10-25v2","purchased_purges":1,"victory":false,"max_hp_per_floor":[80,80,80,80,80,80,80,80,80,80,80,80,80,80,80,80,80,80,80,80,80,80,80,80,80],"card_choices":[{"not_picked":["Rampage","Twin Strike"],"picked":"Armaments","floor":1},{"not_picked":["Fire Breathing","Iron Wave","Flex"],"picked":"SKIP","floor":4},{"not_picked":["Sever Soul","Headbutt","Heavy Blade"],"picked":"SKIP","floor":7},{"not_picked":["Inflame","Infernal Blade"],"picked":"Wild Strike","floor":10},{"not_picked":["Corruption","Rampage","Havoc"],"picked":"SKIP","floor":12},{"not_picked":["Anger","Iron Wave","Carnage"],"picked":"SKIP","floor":14},{"not_picked":["Limit Break","Barricade"],"picked":"Offering","floor":16},{"not_picked":["Dropkick+1","Bloodletting"],"picked":"True Grit+1","floor":18},{"not_picked":["Havoc","Infernal Blade"],"picked":"Second Wind","floor":21},{"not_picked":["Pummel","Rage","Inflame"],"picked":"SKIP","floor":24}],"player_experience":424997,"relics_obtained":[{"floor":7,"key":"Kunai"},{"floor":9,"key":"Gambling Chip"},{"floor":10,"key":"Pen Nib"},{"floor":24,"key":"WingedGreaves"}],"event_choices":[{"damage_healed":0,"gold_gain":175,"player_choice":"AGREE","damage_taken":0,"max_hp_gain":0,"max_hp_loss":0,"event_name":"Liars Game","floor":2,"gold_loss":0,"cards_obtained":["Doubt"]},{"cards_removed":["Strike_R"],"damage_healed":0,"gold_gain":0,"player_choice":"Purged","damage_taken":0,"max_hp_gain":0,"max_hp_loss":0,"event_name":"Purifier","floor":5,"gold_loss":0},{"damage_healed":26,"gold_gain":0,"player_choice":"Heal","damage_taken":0,"max_hp_gain":0,"max_hp_loss":0,"event_name":"The Library","floor":19,"gold_loss":0},{"damage_healed":0,"gold_gain":0,"player_choice":"Ignored","damage_taken":0,"max_hp_gain":0,"max_hp_loss":0,"event_name":"Ghosts","floor":20,"gold_loss":0}],"is_beta":false,"boss_relics":[{"not_picked":["Empty Cage","Busted Crown"],"picked":"Sozu"}],"items_purged_floors":[3],"is_endless":false,"potions_floor_spawned":[1,14,18],"killed_by":"Snecko","ascension_level":5}