{"gold_per_floor":[118,138,67,81,81,107,107,118,118,118,11,11,39,49,49,148,148,163,181,145,163,163,163,181,181,205,220,135,135,135,151,151,250,280,292,292,304,13,23,23,37,37,88,103,103,119,129,146,146,146],"floor_reached":50,"playtime":4461,"items_purged":[],"score":533,"play_id":"abb0a248-b837-4fed-968d-0b481cf41a5b","local_time":"20180706031322","is_ascension_mode":false,"campfire_choices":[{"floor":10,"key":"REST"},{"floor":15,"key":"REST"},{"data":"Bouncing Flask","floor":23,"key":"SMITH"},{"floor":30,"key":"REST"},{"floor":32,"key":"REST"},{"floor":40,"key":"REST"},{"floor":42,"key":"REST"},{"floor":45,"key":"REST"},{"floor":49,"key":"REST"}],"neow_cost":"NONE","seed_source_timestamp":110849924161908,"circlet_count":0,"master_deck":["Defend_G","Defend_G","Defend_G","Defend_G","Defend_G","Strike_G+1","Survivor","Neutralize+1","Bullet Time","Deadly Poison","Bane","Caltrops","Dodge and Roll","Die Die Die","After Image","Quick Slash","Deflect","Bane","Bane","Bane","Envenom","A Thousand Cuts+1","Well Laid Plans+1","Wraith Form v2+1","Poisoned Stab","Bane","Dash+1","Bouncing Flask+1","Flying Knee","Writhe","Bouncing Flask","Writhe","All Out Attack","Poisoned Stab","Tools of the Trade","Acrobatics+1","Noxious Fumes","Dark Shackles","Good Instincts","Purity","Poisoned Stab+1","Crippling Poison","Magnetism","Poisoned Stab","Dodge and Roll","Blur+1","Noxious Fumes+1","Crippling Poison","Dash"],"relics":["Ring of the Snake","Pen Nib","Letter Opener","Astrolabe","Meat on the Bone","Potion Belt","Tingsha","Nloth\u0027s Gift","Tiny House","Oddly Smooth Stone"],"potions_floor_usage":[6,13,13,16,16,27,33,33,35,37,41,48,48,48,50,50],"damage_taken":[{"damage":0,"enemies":"2 Louse","floor":1,"turns":6},{"damage":0,"enemies":"Jaw Worm","floor":2,"turns":4},{"damage":4,"enemies":"Small Slimes","floor":4,"turns":3},{"damage":13,"enemies":"3 Sentries","floor":6,"turns":8},{"damage":9,"enemies":"Exordium Thugs","floor":8,"turns":6},{"damage":38,"enemies":"Gremlin Nob","floor":13,"turns":5},{"damage":1,"enemies":"Blue Slaver","floor":14,"turns":3},{"damage":14,"enemies":"The Guardian","floor":16,"turns":9},{"damage":12,"enemies":"3 Byrds","floor":18,"turns":5},{"damage":8,"enemies":"Chosen","floor":19,"turns":5},{"damage":9,"enemies":"Snecko","floor":21,"turns":5},{"damage":16,"enemies":"Snake Plant","floor":24,"turns":4},{"damage":24,"enemies":"Sentry and Sphere","floor":27,"turns":8},{"damage":1,"enemies":"Snecko","floor":31,"turns":4},{"damage":17,"enemies":"Collector","floor":33,"turns":8},{"damage":24,"enemies":"Orb Walker","floor":35,"turns":4},{"damage":25,"enemies":"3 Darklings","floor":37,"turns":7},{"damage":18,"enemies":"Maw","floor":39,"turns":9},{"damage":44,"enemies":"4 Shapes","floor":41,"turns":6},{"damage":36,"enemies":"3 Darklings","floor":44,"turns":4},{"damage":9,"enemies":"Maw","floor":46,"turns":8},{"damage":3,"enemies":"4 Shapes","floor":47,"turns":4},{"damage":1,"enemies":"Sphere and 2 Shapes","floor":48,"turns":6},{"damage":68,"enemies":"Awakened One","floor":50,"turns":9}],"seed_played":"-2976285334627665142","potions_obtained":[{"floor":1,"key":"EssenceOfSteel"},{"floor":2,"key":"Fire Potion"},{"floor":6,"key":"Strength Potion"},{"floor":8,"key":"SpeedPotion"},{"floor":13,"key":"Weak Potion"},{"floor":16,"key":"PowerPotion"},{"floor":19,"key":"SpeedPotion"},{"floor":24,"key":"SpeedPotion"},{"floor":31,"key":"Energy Potion"},{"floor":33,"key":"GhostInAJar"},{"floor":34,"key":"AttackPotion"},{"floor":39,"key":"Poison Potion"},{"floor":44,"key":"Fire Potion"},{"floor":46,"key":"AttackPotion"},{"floor":47,"key":"SkillPotion"},{"floor":48,"key":"Fire Potion"}],"is_trial":false,"path_per_floor":["M","M","$","M","?","E","?","M","T","R","$","?","E","M","R","B",null,"M","M","$","M","?","R","M","?","T","M","?","?","R","M","R","B",null,"M","?","M","$","M","R","M","R","T","M","R","M","M","M","R"],"character_chosen":"THE_SILENT","items_purchased":["Caltrops","Deflect","Bane","Dash","Crippling Poison","Magnetism","Poisoned Stab"],"campfire_rested":8,"item_purchase_floors":[3,11,11,20,38,38,38],"current_hp_per_floor":[70,70,70,66,52,39,39,30,30,51,51,56,20,21,43,31,75,63,57,57,50,50,50,36,36,36,26,26,26,48,47,69,52,80,56,46,33,33,27,51,19,43,43,19,43,46,43,42,66,0],"gold":146,"neow_bonus":"ONE_RANDOM_RARE_CARD","is_prod":false,"is_daily":false,"chose_seed":false,"campfire_upgraded":1,"win_rate":0.0,"timestamp":1530814402,"path_taken":["M","M","$","M","?","E","?","M","T","R","$","?","E","?","R","BOSS","M","M","$","M","?","R","?","?","T","M","?","?","R","M","R","BOSS","M","?","M","$","M","R","M","R","T","M","R","M","M","M","R","BOSS"],"build_version":"2018-06-28","purchased_purges":0,"victory":false,"max_hp_per_floor":[70,70,70,70,70,70,70,70,70,70,70,75,75,75,75,75,75,75,75,75,75,75,75,75,75,75,75,75,75,75,75,75,75,80,80,80,80,80,80,80,80,80,80,80,80,80,80,80,80,80],"card_choices":[{"not_picked":["Flechettes","Dagger Spray"],"picked":"Deadly Poison","floor":1},{"not_picked":["Well Laid Plans","PiercingWail"],"picked":"Bane","floor":2},{"not_picked":["Backflip","Acrobatics"],"picked":"Dodge and Roll","floor":4},{"not_picked":["Deflect","Dagger Throw"],"picked":"Die Die Die","floor":6},{"not_picked":["Deflect","Dagger Throw"],"picked":"Quick Slash","floor":8},{"not_picked":["Sucker Punch","Prepared"],"picked":"Bane","floor":13},{"not_picked":["Endless Agony","Backflip"],"picked":"Bane","floor":14},{"not_picked":["Unload","Die Die Die"],"picked":"Envenom","floor":16},{"not_picked":["Prepared","Deflect"],"picked":"Poisoned Stab","floor":18},{"not_picked":["Dagger Spray+1","Quick Slash"],"picked":"Bane","floor":19},{"not_picked":["Outmaneuver","Sucker Punch"],"picked":"Bouncing Flask","floor":21},{"not_picked":["Leg Sweep","Dagger Spray"],"picked":"Bouncing Flask","floor":24},{"not_picked":["Quick Slash","Slice+1"],"picked":"All Out Attack","floor":27},{"not_picked":["Dodge and Roll","After Image"],"picked":"Poisoned Stab","floor":31},{"not_picked":["Glass Knife","Corpse Explosion"],"picked":"Tools of the Trade","floor":33},{"not_picked":["Underhanded Strike","Infinite Blades"],"picked":"Acrobatics+1","floor":34},{"not_picked":["PiercingWail","Quick Slash+1"],"picked":"Noxious Fumes","floor":35},{"not_picked":["Jack Of All Trades","Flash of Steel"],"picked":"Dark Shackles","floor":36},{"not_picked":["Panacea","Finesse"],"picked":"Good Instincts","floor":36},{"not_picked":["Secret Weapon","Secret Technique"],"picked":"Purity","floor":36},{"not_picked":["Underhanded Strike+1","Dash"],"picked":"Poisoned Stab+1","floor":37},{"not_picked":["Underhanded Strike+1","Expertise+1"],"picked":"Dodge and Roll","floor":39},{"not_picked":["Underhanded Strike+1","Backflip"],"picked":"Blur+1","floor":41},{"not_picked":["Infinite Blades","Acrobatics+1"],"picked":"Noxious Fumes+1","floor":44},{"not_picked":["Predator+1","Caltrops"],"picked":"Crippling Poison","floor":46},{"not_picked":["Burst","Outmaneuver+1","Expertise"],"picked":"SKIP","floor":47},{"not_picked":["Doppelganger","Dagger Throw"],"picked":"Dash","floor":48}],"player_experience":20682,"relics_obtained":[{"floor":6,"key":"Pen Nib"},{"floor":9,"key":"Blood Vial"},{"floor":13,"key":"Letter Opener"},{"floor":26,"key":"Potion Belt"},{"floor":43,"key":"Oddly Smooth Stone"}],"event_choices":[{"event_name":"Shining Light","player_choice":"Entered Light","floor":5,"damage_taken":0},{"event_name":"Living Wall","player_choice":"Change","floor":7,"damage_taken":0},{"event_name":"Big Fish","player_choice":"Donut","floor":12,"damage_taken":0},{"event_name":"Match and Keep!","player_choice":"2 cards matched","floor":22,"damage_taken":0},{"event_name":"The Mausoleum","player_choice":"Yes","floor":25,"damage_taken":0},{"event_name":"Addict","player_choice":"Obtained Relic","floor":28,"damage_taken":0},{"event_name":"N\u0027loth","player_choice":"Traded a Blood Vial","floor":29,"damage_taken":0},{"event_name":"SensoryStone","player_choice":"Memory 3","floor":36,"damage_taken":0}],"boss_relics":[{"not_picked":["Coffee Dripper","Fusion Hammer"],"picked":"Astrolabe"},{"not_picked":["Lizard Tail","Busted Crown"],"picked":"Tiny House"}],"items_purged_floors":[],"is_endless":false,"potions_floor_spawned":[1,2,6,8,13,16,19,24,31,33,39,44,46,47,48],"killed_by":"Awakened One","ascension_level":0}