{"gold_per_floor":[118,129,79,79,79,79,4,4,4,35,35,49,64,79,79,178,178,198,198,82,82],"floor_reached":21,"playtime":909,"items_purged":["Writhe"],"score":212,"play_id":"4b89e098-ec4e-49e7-9407-39f66d51fc32","local_time":"20181026201559","is_ascension_mode":true,"campfire_choices":[{"data":"Juggernaut","floor":6,"key":"SMITH"},{"data":"Pommel Strike","floor":8,"key":"SMITH"},{"data":"Bash","floor":11,"key":"SMITH"},{"data":"Fiend Fire","floor":15,"key":"SMITH"}],"neow_cost":"TEN_PERCENT_HP_LOSS","seed_source_timestamp":1170598478078121,"circlet_count":0,"master_deck":["Strike_R","Strike_R","Strike_R+1","Defend_R","Defend_R+1","Defend_R","Defend_R","Bash+1","Juggernaut+1","Pommel Strike+1","Metallicize","Second Wind","Fiend Fire+1","Dark Embrace","Feel No Pain","Fiend Fire","Wild Strike","Metallicize","True Grit"],"relics":["Burning Blood","Dead Branch","Self Forming Clay","Orrery","MawBank"],"potions_floor_usage":[],"damage_taken":[{"damage":18,"enemies":"Jaw Worm","floor":1,"turns":4},{"damage":7,"enemies":"2 Louse","floor":2,"turns":3},{"damage":14,"enemies":"3 Sentries","floor":10,"turns":6},{"damage":5,"enemies":"Small Slimes","floor":12,"turns":3},{"damage":4,"enemies":"2 Fungi Beasts","floor":13,"turns":4},{"damage":6,"enemies":"Looter","floor":14,"turns":3},{"damage":32,"enemies":"Hexaghost","floor":16,"turns":10},{"damage":5,"enemies":"Shell Parasite","floor":18,"turns":5},{"damage":1,"enemies":"3 Byrds","floor":21,"turns":2}],"seed_played":"-7501144332321072467","potions_obtained":[{"floor":1,"key":"SteroidPotion"},{"floor":13,"key":"Ancient Potion"},{"floor":18,"key":"Block Potion"}],"is_trial":false,"path_per_floor":["M","M","?","?","?","R","$","R","T","E","R","M","M","M","R","B",null,"M","?","$"],"character_chosen":"IRONCLAD","items_purchased":["Metallicize","True Grit"],"campfire_rested":0,"item_purchase_floors":[7,20],"current_hp_per_floor":[60,59,59,45,45,45,45,45,45,37,37,38,40,40,40,14,72,72,72,72,71],"gold":82,"neow_bonus":"THREE_RARE_CARDS","is_prod":false,"is_daily":false,"chose_seed":false,"campfire_upgraded":4,"win_rate":0,"timestamp":1540552559,"path_taken":["M","M","?","?","?","R","?","R","T","E","R","M","M","M","R","BOSS","M","?","$","M"],"build_version":"2018-10-25v2","purchased_purges":1,"victory":false,"max_hp_per_floor":[72,72,72,72,72,72,72,72,72,72,72,72,72,72,72,72,72,72,72,72,72],"card_choices":[{"not_picked":["Bludgeon","Barricade"],"picked":"Juggernaut","floor":0},{"not_picked":["Uppercut","Anger","Burning Pact"],"picked":"SKIP","floor":1},{"not_picked":["Cleave","Sword Boomerang"],"picked":"Pommel Strike","floor":2},{"not_picked":["Anger","Feed","Clash"],"picked":"SKIP","floor":10},{"not_picked":["Sentinel","Flame Barrier"],"picked":"Second Wind","floor":12},{"not_picked":["Flex","Headbutt","Iron Wave"],"picked":"SKIP","floor":13},{"not_picked":["Pommel Strike","Iron Wave"],"picked":"Fiend Fire","floor":14},{"not_picked":["Limit Break","Feed"],"picked":"Dark Embrace","floor":16},{"not_picked":["Warcry","Wild Strike"],"picked":"Feel No Pain","floor":17},{"not_picked":["Iron Wave","Cleave"],"picked":"Fiend Fire","floor":17},{"not_picked":["Headbutt","Clash"],"picked":"Wild Strike","floor":17},{"not_picked":["True Grit","Carnage"],"picked":"Metallicize","floor":18}],"player_experience":407715,"relics_obtained":[{"floor":9,"key":"Dead Branch"},{"floor":10,"key":"Self Forming Clay"}],"event_choices":[{"cards_removed":["Strike_R"],"damage_healed":0,"gold_gain":0,"player_choice":"Card Removal","damage_taken":0,"max_hp_gain":0,"max_hp_loss":0,"event_name":"The Cleric","floor":3,"gold_loss":50},{"damage_healed":0,"gold_gain":0,"player_choice":"Entered Light","damage_taken":14,"max_hp_gain":0,"max_hp_loss":0,"event_name":"Shining Light","floor":4,"gold_loss":0,"cards_upgraded":["Defend_R","Strike_R"]},{"cards_removed":["Strike_R"],"damage_healed":0,"gold_gain":0,"player_choice":"Forget","damage_taken":0,"max_hp_gain":0,"max_hp_loss":0,"event_name":"Living Wall","floor":5,"gold_loss":0},{"damage_healed":0,"gold_gain":0,"player_choice":"Opened","damage_taken":0,"relics_obtained":["MawBank"],"max_hp_gain":0,"max_hp_loss":0,"event_name":"The Mausoleum","floor":19,"gold_loss":0,"cards_obtained":["Writhe"]}],"is_beta":false,"boss_relics":[{"not_picked":["Busted Crown","Philosopher\u0027s Stone"],"picked":"Orrery"}],"items_purged_floors":[20],"is_endless":false,"potions_floor_spawned":[1,13,18],"killed_by":"3 Byrds","ascension_level":4}