{"gold_per_floor":[111,111,124,124,142,142,142,142,196,11,41,41,52,71,71,175,175,194,44,44,0,0,0,0,17,17,28,42,42,59,75,75,75],"floor_reached":33,"playtime":1518,"items_purged":["Strike_G"],"score":333,"play_id":"da1194b6-70b9-47a3-8292-90e0a75b836e","local_time":"20180921004958","is_ascension_mode":true,"campfire_choices":[{"data":"Neutralize","floor":6,"key":"SMITH"},{"data":"Poisoned Stab","floor":8,"key":"SMITH"},{"data":"Wraith Form v2","floor":12,"key":"SMITH"},{"data":"Backflip","floor":15,"key":"SMITH"},{"data":"A Thousand Cuts","floor":23,"key":"SMITH"},{"data":"Bullet Time","floor":29,"key":"SMITH"},{"data":"Cloak And Dagger","floor":32,"key":"SMITH"}],"neow_cost":"NONE","seed_source_timestamp":411734896294856,"circlet_count":0,"master_deck":["Defend_G","Defend_G","Defend_G+1","Defend_G+1","Defend_G","Strike_G","Strike_G","Strike_G","Strike_G","Survivor","Neutralize+1","Poisoned Stab+1","Wraith Form v2+1","Deadly Poison","Die Die Die","Backflip+1","PiercingWail","A Thousand Cuts+1","Dagger Spray","Bullet Time+1","Backflip","Deadly Poison","Escape Plan+1","Cloak And Dagger+1"],"relics":["Ring of the Snake","NeowsBlessing","Oddly Smooth Stone","Lantern","Eternal Feather","Dodecahedron","Enchiridion","Mummified Hand"],"potions_floor_usage":[8,11,11,16,28,33,33],"damage_taken":[{"damage":0,"enemies":"2 Louse","floor":1,"turns":1},{"damage":0,"enemies":"Small Slimes","floor":3,"turns":1},{"damage":0,"enemies":"Cultist","floor":5,"turns":1},{"damage":2,"enemies":"Lagavulin","floor":11,"turns":4},{"damage":5,"enemies":"Looter","floor":13,"turns":3},{"damage":0,"enemies":"Red Slaver","floor":14,"turns":3},{"damage":18,"enemies":"The Guardian","floor":16,"turns":10},{"damage":11,"enemies":"Spheric Guardian","floor":18,"turns":8},{"damage":0,"enemies":"3 Byrds","floor":25,"turns":3},{"damage":0,"enemies":"Snake Plant","floor":27,"turns":5},{"damage":0,"enemies":"Cultist and Chosen","floor":28,"turns":6},{"damage":0,"enemies":"Snecko","floor":30,"turns":4},{"damage":7,"enemies":"Sentry and Sphere","floor":31,"turns":5},{"damage":79,"enemies":"Champ","floor":33,"turns":13}],"seed_played":"-6784755266478735963","potions_obtained":[{"floor":1,"key":"Swift Potion"},{"floor":7,"key":"Fruit Juice"},{"floor":7,"key":"Explosive Potion"},{"floor":7,"key":"Strength Potion"},{"floor":13,"key":"Poison Potion"},{"floor":14,"key":"SteroidPotion"},{"floor":25,"key":"Energy Potion"},{"floor":27,"key":"SpeedPotion"}],"is_trial":false,"path_per_floor":["M","?","M","?","M","R","?","R","T","$","E","R","M","M","R","B",null,"M","$","?","?","?","R","?","M","T","M","M","R","M","M","R"],"character_chosen":"THE_SILENT","items_purchased":["Wraith Form v2","Deadly Poison","Bullet Time"],"campfire_rested":0,"item_purchase_floors":[10,10,19],"current_hp_per_floor":[63,49,49,49,49,49,49,54,54,54,52,52,47,47,47,29,64,53,53,53,53,53,65,49,49,49,49,49,61,61,54,66,0],"gold":75,"neow_bonus":"THREE_ENEMY_KILL","is_prod":false,"is_daily":false,"chose_seed":false,"campfire_upgraded":7,"win_rate":0,"timestamp":1537458598,"path_taken":["M","?","M","?","M","R","?","R","T","$","E","R","M","M","R","BOSS","M","$","?","?","?","R","?","M","T","M","M","R","?","M","R","BOSS"],"build_version":"2018-09-06","purchased_purges":1,"victory":false,"max_hp_per_floor":[70,70,70,70,70,70,70,75,75,75,75,75,75,75,75,75,75,75,75,75,75,75,75,75,75,75,75,75,75,75,75,75,75],"card_choices":[{"not_picked":["Tactician","Acrobatics","Predator"],"picked":"SKIP","floor":1},{"not_picked":["Flying Knee","Concentrate"],"picked":"Poisoned Stab","floor":3},{"not_picked":["Leg Sweep","Prepared","Expertise"],"picked":"SKIP","floor":5},{"not_picked":["Dagger Spray","Blur"],"picked":"Die Die Die","floor":11},{"not_picked":["Poisoned Stab","Blade Dance"],"picked":"Backflip","floor":13},{"not_picked":["Dodge and Roll","Blade Dance"],"picked":"PiercingWail","floor":14},{"not_picked":["Envenom","After Image"],"picked":"A Thousand Cuts","floor":16},{"not_picked":["Quick Slash+1","Acrobatics"],"picked":"Dagger Spray","floor":18},{"not_picked":["Sucker Punch","Expertise"],"picked":"Backflip","floor":25},{"not_picked":["Footwork","Outmaneuver"],"picked":"Deadly Poison","floor":27},{"not_picked":["Blade Dance","Prepared"],"picked":"Escape Plan+1","floor":28},{"not_picked":["Deadly Poison","Eviscerate+1"],"picked":"Cloak And Dagger","floor":30},{"not_picked":["Leg Sweep","Riddle With Holes+1","Underhanded Strike"],"picked":"SKIP","floor":31}],"player_experience":309705,"relics_obtained":[{"floor":9,"key":"Oddly Smooth Stone"},{"floor":11,"key":"Lantern"},{"floor":24,"key":"Enchiridion"},{"floor":26,"key":"Mummified Hand"}],"event_choices":[{"event_name":"Shining Light","player_choice":"Entered Light","floor":2,"damage_taken":0},{"event_name":"The Woman in Blue","player_choice":"Bought 0 Potions","floor":4,"damage_taken":0},{"event_name":"The Lab","player_choice":"Got Potions","floor":7,"damage_taken":0},{"event_name":"Beggar","player_choice":"Ignored","floor":20,"damage_taken":0},{"event_name":"Masked Bandits","player_choice":"Paid Fearfully","floor":21,"damage_taken":0},{"event_name":"The Mausoleum","player_choice":"Yes","floor":22,"damage_taken":0},{"event_name":"Cursed Tome","player_choice":"Obtained Book","floor":24,"damage_taken":0}],"is_beta":false,"boss_relics":[{"not_picked":["Empty Cage","Coffee Dripper"],"picked":"Eternal Feather"}],"items_purged_floors":[19],"is_endless":false,"potions_floor_spawned":[1,13,14,25,27],"killed_by":"Champ","ascension_level":7}