{"gold_per_floor":[114,114,125,125,140,140,65,65,65,85,85,115,62,83,83,181,181,193,206,65,65,65,65,100,100,173,173,173,198,217,227,227,227],"floor_reached":33,"playtime":1292,"items_purged":["Brutality"],"score":281,"play_id":"6c29f139-f862-4406-81cb-e7ca7cf7525a","local_time":"20180711014613","is_ascension_mode":false,"campfire_choices":[{"data":"Wild Strike","floor":6,"key":"SMITH"},{"data":"Perfected Strike","floor":8,"key":"SMITH"},{"data":"Whirlwind","floor":11,"key":"SMITH"},{"data":"Shrug It Off","floor":15,"key":"SMITH"},{"data":"Evolve","floor":23,"key":"SMITH"},{"data":"Feed","floor":28,"key":"SMITH"},{"floor":32,"key":"REST"}],"neow_cost":"NONE","seed_source_timestamp":1700524125954,"circlet_count":0,"master_deck":["Strike_R","Strike_R","Strike_R","Strike_R","Strike_R","Defend_R","Defend_R","Defend_R","Defend_R","Bash","Perfected Strike+1","Perfected Strike+1","Wild Strike+1","Whirlwind+1","Warcry","Shrug It Off+1","Flex","Feed+1","Wild Strike","Heavy Blade","Evolve+1","Ghostly Armor","Shrug It Off","Decay","Shrug It Off"],"relics":["Burning Blood","Anchor","Art of War","Du-Vu Doll","Odd Mushroom","Sozu","The Courier","Ornamental Fan","Paper Frog","Torii"],"potions_floor_usage":[16,29,31],"damage_taken":[{"damage":14,"enemies":"Jaw Worm","floor":1,"turns":4},{"damage":0,"enemies":"2 Louse","floor":3,"turns":2},{"damage":1,"enemies":"Cultist","floor":5,"turns":3},{"damage":0,"enemies":"Looter","floor":10,"turns":1},{"damage":21,"enemies":"Lagavulin","floor":12,"turns":6},{"damage":3,"floor":14,"turns":4},{"damage":33,"enemies":"Hexaghost","floor":16,"turns":9},{"damage":7,"enemies":"Shell Parasite","floor":18,"turns":3},{"damage":5,"enemies":"Spheric Guardian","floor":19,"turns":3},{"damage":31,"enemies":"Gremlin Leader","floor":24,"turns":6},{"damage":36,"enemies":"Book of Stabbing","floor":29,"turns":5},{"damage":11,"enemies":"Snecko","floor":30,"turns":4},{"damage":0,"enemies":"Snake Plant","floor":31,"turns":3},{"damage":66,"enemies":"Automaton","floor":33,"turns":8}],"seed_played":"-3699244146923599048","potions_obtained":[{"floor":10,"key":"Weak Potion"},{"floor":12,"key":"LiquidBronze"},{"floor":14,"key":"Strength Potion"}],"is_trial":false,"path_per_floor":["M","?","M","?","M","R","$","R","T","M","R","E","$","?","R","B",null,"M","M","$","?","$","R","E","T","T","?","R","E","M","M","R"],"character_chosen":"IRONCLAD","items_purchased":["Shrug It Off","Evolve","Ghostly Armor"],"campfire_rested":1,"item_purchase_floors":[13,20,20],"current_hp_per_floor":[72,72,78,75,80,80,80,80,80,80,80,65,65,68,68,41,80,82,83,83,83,83,83,58,58,58,58,58,32,27,33,59,0],"gold":227,"neow_bonus":"ONE_RANDOM_RARE_CARD","is_prod":false,"is_daily":false,"chose_seed":false,"campfire_upgraded":6,"win_rate":0,"timestamp":1531241173,"path_taken":["M","?","?","?","?","R","$","R","T","?","R","E","?","?","R","BOSS","M","M","$","?","?","R","E","?","T","?","R","E","M","M","R","BOSS"],"build_version":"2018-07-05","purchased_purges":1,"victory":false,"max_hp_per_floor":[80,80,80,80,80,80,80,80,80,80,80,80,80,80,80,80,80,83,83,83,83,83,83,83,83,83,83,83,87,87,87,87,87],"card_choices":[{"not_picked":["Iron Wave","Anger"],"picked":"Perfected Strike","floor":1},{"not_picked":["Sword Boomerang","Twin Strike"],"picked":"Perfected Strike","floor":3},{"not_picked":["Warcry","Iron Wave"],"picked":"Wild Strike","floor":5},{"not_picked":["Heavy Blade","Shrug It Off"],"picked":"Whirlwind","floor":10},{"not_picked":["Thunderclap","Disarm"],"picked":"Warcry","floor":12},{"not_picked":["Exhume","Heavy Blade"],"picked":"Flex","floor":14},{"not_picked":["Dark Embrace","Exhume"],"picked":"Feed","floor":16},{"not_picked":["Cleave","Pummel"],"picked":"Wild Strike","floor":18},{"not_picked":["Body Slam","Bloodletting"],"picked":"Heavy Blade","floor":19},{"not_picked":["Dark Embrace","Blood for Blood+1"],"picked":"Shrug It Off","floor":24},{"not_picked":["Headbutt","Clothesline","Cleave"],"picked":"SKIP","floor":29},{"not_picked":["Clash+1","Warcry"],"picked":"Shrug It Off","floor":30},{"not_picked":["Disarm+1","Dropkick","Headbutt+1"],"picked":"SKIP","floor":31}],"player_experience":126033,"relics_obtained":[{"floor":9,"key":"Art of War"},{"floor":12,"key":"Du-Vu Doll"},{"floor":14,"key":"Odd Mushroom"},{"floor":24,"key":"The Courier"},{"floor":25,"key":"Ornamental Fan"},{"floor":26,"key":"Paper Frog"},{"floor":29,"key":"Torii"}],"event_choices":[{"event_name":"Living Wall","player_choice":"Grow","floor":2,"damage_taken":0},{"event_name":"Scrap Ooze","player_choice":"success","floor":4,"damage_taken":3},{"event_name":"Mushrooms","player_choice":"Fought Mushrooms","floor":14,"damage_taken":0},{"event_name":"Beggar","player_choice":"Ignored","floor":21,"damage_taken":0},{"event_name":"Wheel of Change","player_choice":"Curse","floor":27,"damage_taken":0}],"boss_relics":[{"not_picked":["Tiny House","Pandora\u0027s Box"],"picked":"Sozu"}],"items_purged_floors":[7],"is_endless":false,"potions_floor_spawned":[10,12,14,19,29,31],"killed_by":"Automaton","ascension_level":0}