{"gold_per_floor":[117,117,117,192,203,203,232,232,279,303,303,303,303,318,318,420,420,436,456,456,68,82,82,13,13,13,23,23,51,51,62,62,157,157,174,174,174,28,46,46,81,81,128,145,145,164,41,58,58,58],"floor_reached":51,"playtime":3600,"items_purged":["Strike_G","Writhe"],"score":691,"play_id":"6a2e28e0-466c-42df-a07a-5c62071fdc8a","local_time":"20181015003246","is_ascension_mode":false,"campfire_choices":[{"data":"Blade Dance","floor":6,"key":"SMITH"},{"data":"Poisoned Stab","floor":8,"key":"SMITH"},{"data":"Survivor","floor":11,"key":"SMITH"},{"floor":13,"key":"REST"},{"data":"Strike_G","floor":15,"key":"SMITH"},{"floor":23,"key":"REST"},{"data":"Strike_G","floor":25,"key":"SMITH"},{"data":"Strike_G","floor":28,"key":"SMITH"},{"floor":30,"key":"REST"},{"data":"Defend_G","floor":32,"key":"SMITH"},{"data":"Accuracy","floor":40,"key":"SMITH"},{"data":"Envenom","floor":42,"key":"SMITH"},{"floor":45,"key":"REST"},{"data":"Backstab","floor":49,"key":"SMITH"}],"neow_cost":"","seed_source_timestamp":12225992725602,"circlet_count":0,"master_deck":["Defend_G","Defend_G","Defend_G","Defend_G+1","Defend_G","Strike_G+1","Strike_G","Strike_G+1","Strike_G+1","Survivor+1","Neutralize+1","Blade Dance+1","Poisoned Stab+1","Venomology+1","Blade Dance+1","Cloak And Dagger+1","Burst+1","Blur+1","Escape Plan+1","Backstab+1","Footwork+1","Trip+1","Accuracy+1","Envenom+1","Accuracy+1","Blade Dance+1","Backstab+1"],"relics":["Ring of the Serpent","Ninja Scroll","Toxic Egg 2","Potion Belt","Odd Mushroom","Omamori","Cursed Key","Gremlin Horn","Dodecahedron","Meat on the Bone","Kunai","Vajra","Bronze Scales","Bag of Marbles"],"potions_floor_usage":[16,18,18,31,31,33,33,33,33,35,44,46,48,50,50,50,50],"damage_taken":[{"damage":2,"enemies":"2 Louse","floor":1,"turns":3},{"damage":0,"enemies":"Small Slimes","floor":5,"turns":3},{"damage":16,"enemies":"Gremlin Nob","floor":7,"turns":4},{"damage":0,"enemies":"The Mushroom Lair","floor":10,"turns":5},{"damage":0,"enemies":"Jaw Worm","floor":14,"turns":2},{"damage":52,"enemies":"Slime Boss","floor":16,"turns":15},{"damage":1,"enemies":"2 Thieves","floor":18,"turns":3},{"damage":3,"enemies":"Shell Parasite","floor":19,"turns":5},{"damage":18,"enemies":"Snecko","floor":22,"turns":6},{"damage":0,"enemies":"Cultist and Chosen","floor":27,"turns":6},{"damage":19,"enemies":"Gremlin Leader","floor":29,"turns":10},{"damage":0,"enemies":"Centurion and Healer","floor":31,"turns":3},{"damage":27,"enemies":"Automaton","floor":33,"turns":14},{"damage":0,"enemies":"3 Shapes","floor":35,"turns":5},{"damage":0,"enemies":"Orb Walker","floor":39,"turns":2},{"damage":13,"enemies":"2 Orb Walkers","floor":41,"turns":3},{"damage":3,"enemies":"Sphere and 2 Shapes","floor":44,"turns":3},{"damage":0,"enemies":"Transient","floor":46,"turns":5},{"damage":0,"enemies":"Maw","floor":48,"turns":4},{"damage":25,"enemies":"Donu and Deca","floor":50,"turns":8}],"seed_played":"-3232525784088563961","potions_obtained":[{"floor":1,"key":"SpeedPotion"},{"floor":14,"key":"Poison Potion"},{"floor":16,"key":"Strength Potion"},{"floor":22,"key":"Swift Potion"},{"floor":29,"key":"SkillPotion"},{"floor":33,"key":"FearPotion"},{"floor":44,"key":"Dexterity Potion"},{"floor":46,"key":"GhostInAJar"}],"is_trial":false,"path_per_floor":["M","?","T","?","M","R","E","R","T","?","R","?","R","M","R","B",null,"M","M","?","$","M","R","$","R","T","M","R","E","R","M","R","B",null,"M","T","?","$","M","R","E","R","T","M","R","M","$","M","R","B"],"character_chosen":"THE_SILENT","items_purchased":["Gremlin Horn","Burst+1","Blur+1","Vajra","Blade Dance+1"],"campfire_rested":4,"item_purchase_floors":[21,21,24,38,47],"current_hp_per_floor":[68,68,68,57,57,57,41,41,41,41,41,38,59,59,59,7,70,69,66,66,66,48,69,69,69,69,69,69,50,70,70,70,43,70,70,70,70,70,70,70,57,57,57,54,70,70,70,70,70,45],"gold":58,"neow_bonus":"","is_prod":false,"is_daily":false,"chose_seed":false,"campfire_upgraded":10,"win_rate":0,"timestamp":1539534766,"path_taken":["M","?","?","?","?","R","E","R","T","?","R","?","R","M","R","BOSS","M","M","?","$","M","R","?","R","T","M","R","E","R","M","R","BOSS","M","?","?","$","M","R","E","R","T","M","R","M","$","?","R","BOSS"],"build_version":"2018-09-06","purchased_purges":2,"victory":true,"max_hp_per_floor":[70,70,70,70,70,70,70,70,70,70,70,70,70,70,70,70,70,70,70,70,70,70,70,70,70,70,70,70,70,70,70,70,70,70,70,70,70,70,70,70,70,70,70,70,70,70,70,70,70,70],"card_choices":[{"not_picked":["Masterful Stab","Sucker Punch","Dodge and Roll"],"picked":"SKIP","floor":1},{"not_picked":["Dash","Masterful Stab"],"picked":"Blade Dance","floor":5},{"not_picked":["PiercingWail","Prepared"],"picked":"Poisoned Stab","floor":7},{"not_picked":["Predator","Outmaneuver+1","Wraith Form v2"],"picked":"SKIP","floor":14},{"not_picked":["Doppelganger+1","Malaise+1"],"picked":"Venomology+1","floor":16},{"not_picked":["Dodge and Roll+1","Skewer"],"picked":"Blade Dance+1","floor":18},{"not_picked":["Poisoned Stab","Choke"],"picked":"Cloak And Dagger+1","floor":19},{"not_picked":["Acrobatics+1","Deflect+1","Flying Knee"],"picked":"SKIP","floor":22},{"not_picked":["Sucker Punch","Deadly Poison+1"],"picked":"Escape Plan+1","floor":27},{"not_picked":["Dagger Throw","Calculated Gamble+1"],"picked":"Backstab+1","floor":29},{"not_picked":["Endless Agony+1","Dodge and Roll+1","PiercingWail+1"],"picked":"SKIP","floor":31},{"not_picked":["Heel Hook","Dagger Spray+1"],"picked":"Footwork+1","floor":35},{"not_picked":["Blind+1","Purity+1"],"picked":"Trip+1","floor":37},{"not_picked":["Slice","Quick Slash+1"],"picked":"Accuracy","floor":39},{"not_picked":["Expertise+1","Leg Sweep+1"],"picked":"Envenom","floor":41},{"not_picked":["Dodge and Roll+1","Deflect+1","Underhanded Strike+1"],"picked":"SKIP","floor":44},{"not_picked":["Quick Slash+1","Reflex+1"],"picked":"Accuracy+1","floor":46},{"not_picked":["Dagger Throw","Riddle With Holes"],"picked":"Backstab","floor":48}],"player_experience":77491,"relics_obtained":[{"floor":3,"key":"Ninja Scroll"},{"floor":7,"key":"Toxic Egg 2"},{"floor":9,"key":"Potion Belt"},{"floor":10,"key":"Odd Mushroom"},{"floor":26,"key":"Dodecahedron"},{"floor":29,"key":"Meat on the Bone"},{"floor":36,"key":"Kunai"},{"floor":41,"key":"Bronze Scales"},{"floor":43,"key":"Bag of Marbles"}],"event_choices":[{"event_name":"Living Wall","player_choice":"Grow","floor":2,"damage_taken":0},{"event_name":"World of Goop","player_choice":"Gather Gold","floor":4,"damage_taken":0},{"event_name":"Mushrooms","player_choice":"Fought Mushrooms","floor":10,"damage_taken":0},{"event_name":"Scrap Ooze","player_choice":"success","floor":12,"damage_taken":3},{"event_name":"Ghosts","player_choice":"Ignored","floor":20,"damage_taken":0},{"event_name":"SensoryStone","player_choice":"Memory 1","floor":37,"damage_taken":0}],"is_beta":false,"boss_relics":[{"not_picked":["Lizard Tail","Busted Crown"],"picked":"Cursed Key"},{"not_picked":["White Beast Statue","Velvet Choker"],"picked":"Ring of the Serpent"}],"items_purged_floors":[21,47],"is_endless":false,"potions_floor_spawned":[1,14,16,22,29,33,44,46,48],"ascension_level":0}