{"gold_per_floor":[110,110,110,124,139,139,59,73,121,121,152,152,171,74,74,74],"floor_reached":16,"playtime":662,"items_purged":["Strike_R"],"score":125,"play_id":"955ce01b-7fa5-4464-87f3-95d3ae1fef7e","local_time":"20181102003540","is_ascension_mode":true,"campfire_choices":[{"data":"Armaments","floor":6,"key":"SMITH"},{"data":"Bash","floor":10,"key":"SMITH"},{"data":"Power Through","floor":12,"key":"SMITH"},{"data":"True Grit","floor":15,"key":"SMITH"}],"neow_cost":"NONE","seed_source_timestamp":528328514347135,"circlet_count":0,"master_deck":["Strike_R","Strike_R","Strike_R","Strike_R","Defend_R+1","Defend_R","Defend_R","Defend_R","Bash+1","Armaments+1","Bash","Dramatic Entrance","Wild Strike","Battle Trance","Ghostly Armor+1","Power Through+1","Thunderclap","True Grit+1"],"relics":["Burning Blood","Bag of Preparation","Omamori","War Paint","PreservedInsect"],"potions_floor_usage":[11],"damage_taken":[{"damage":0,"enemies":"Small Slimes","floor":1,"turns":3},{"damage":1,"enemies":"Cultist","floor":4,"turns":3},{"damage":2,"enemies":"Jaw Worm","floor":5,"turns":3},{"damage":2,"enemies":"2 Fungi Beasts","floor":8,"turns":3},{"damage":30,"enemies":"Gremlin Nob","floor":11,"turns":4},{"damage":6,"enemies":"Exordium Wildlife","floor":13,"turns":6},{"damage":20,"enemies":"Hexaghost","floor":16,"turns":9}],"seed_played":"4013281669055967221","potions_obtained":[{"floor":1,"key":"SteroidPotion"},{"floor":8,"key":"AttackPotion"}],"is_trial":false,"path_per_floor":["M","?","?","M","M","R","$","M","T","R","E","R","M","$","R"],"character_chosen":"IRONCLAD","items_purchased":["Battle Trance","True Grit"],"campfire_rested":0,"item_purchase_floors":[7,14],"current_hp_per_floor":[80,80,55,60,64,64,64,68,68,68,44,44,44,44,44,24],"gold":74,"neow_bonus":"RANDOM_COMMON_RELIC","is_prod":false,"is_daily":false,"chose_seed":false,"campfire_upgraded":4,"win_rate":0,"timestamp":1541086540,"path_taken":["M","?","?","M","M","R","?","M","T","R","E","R","M","$","R","BOSS"],"build_version":"2018-10-25v2","purchased_purges":1,"victory":false,"max_hp_per_floor":[80,80,80,80,80,80,80,80,80,80,80,80,80,80,80,80],"card_choices":[{"not_picked":["Flame Barrier","Perfected Strike"],"picked":"Armaments","floor":1},{"not_picked":["True Grit","Rage"],"picked":"Wild Strike","floor":4},{"not_picked":["Clash","Intimidate","Body Slam"],"picked":"SKIP","floor":5},{"not_picked":["Havoc","Burning Pact"],"picked":"Ghostly Armor","floor":8},{"not_picked":["Body Slam","Second Wind"],"picked":"Power Through","floor":11},{"not_picked":["Shrug It Off","Heavy Blade"],"picked":"Thunderclap","floor":13}],"player_experience":429358,"relics_obtained":[{"floor":9,"key":"War Paint"},{"floor":11,"key":"PreservedInsect"}],"event_choices":[{"damage_healed":0,"gold_gain":0,"player_choice":"2 cards matched","damage_taken":0,"max_hp_gain":0,"max_hp_loss":0,"event_name":"Match and Keep!","floor":2,"gold_loss":0,"cards_obtained":["Bash","Dramatic Entrance"]},{"damage_healed":0,"gold_gain":0,"player_choice":"Success","damage_taken":25,"relics_obtained":["Omamori"],"max_hp_gain":0,"max_hp_loss":0,"event_name":"Scrap Ooze","floor":3,"gold_loss":0}],"is_beta":false,"boss_relics":[],"items_purged_floors":[14],"is_endless":false,"potions_floor_spawned":[1,8],"killed_by":"Hexaghost","ascension_level":5}