{"gold_per_floor":[114,0,0,20,31,31,63,82,105,121,137,137,148,165,165,263,263,252,252,252,18,0,35,35,134,134,146,180,180,190,100,100,100],"floor_reached":33,"playtime":1067,"items_purged":[],"score":402,"play_id":"f83a9b22-2165-49e0-9f34-c584edd0ed40","local_time":"20190518111310","is_ascension_mode":true,"campfire_choices":[{"floor":6,"key":"REST"},{"floor":12,"key":"REST"},{"floor":15,"key":"REST"},{"floor":24,"key":"REST"},{"floor":29,"key":"REST"},{"floor":32,"key":"REST"}],"neow_cost":"NONE","seed_source_timestamp":2822289538123088,"circlet_count":0,"master_deck":["Strike_B","Strike_B","Strike_B","Strike_B+1","Defend_B","Defend_B","Defend_B","Defend_B","Zap","Dualcast","Static Discharge","Glacier","Capacitor","Cold Snap","Defragment","White Noise","Compile Driver","Ball Lightning","Glacier","Darkness","Redo","Multi-Cast","Leap+1","Heatsinks","Coolheaded+1","Hologram","Storm","Go for the Eyes"],"relics":["Cracked Core","Ancient Tea Set","Juzu Bracelet","Lantern","Vajra","Cursed Key","Chemical X","Question Card","Anchor"],"potions_floor_usage":[23,23,30,33,33],"damage_taken":[{"damage":1,"enemies":"Cultist","floor":1,"turns":3},{"damage":1,"enemies":"Jaw Worm","floor":4,"turns":4},{"damage":8,"enemies":"Small Slimes","floor":5,"turns":4},{"damage":22,"enemies":"3 Sentries","floor":7,"turns":7},{"damage":7,"enemies":"Exordium Wildlife","floor":8,"turns":6},{"damage":21,"enemies":"Exordium Thugs","floor":10,"turns":4},{"damage":0,"enemies":"Looter","floor":11,"turns":3},{"damage":9,"enemies":"3 Louse","floor":13,"turns":2},{"damage":9,"enemies":"Red Slaver","floor":14,"turns":5},{"damage":17,"enemies":"Slime Boss","floor":16,"turns":7},{"damage":21,"enemies":"2 Thieves","floor":18,"turns":4},{"damage":41,"enemies":"Gremlin Leader","floor":23,"turns":9},{"damage":7,"enemies":"Chosen","floor":27,"turns":4},{"damage":31,"enemies":"Slavers","floor":28,"turns":6},{"damage":35,"enemies":"Centurion and Healer","floor":30,"turns":5},{"damage":63,"enemies":"Collector","floor":33,"turns":7}],"seed_played":"-4228241019622468449","potions_obtained":[{"floor":4,"key":"GamblersBrew"},{"floor":5,"key":"FocusPotion"},{"floor":11,"key":"FearPotion"},{"floor":13,"key":"Poison Potion"},{"floor":23,"key":"SteroidPotion"},{"floor":28,"key":"Fire Potion"},{"floor":30,"key":"Regen Potion"}],"is_trial":false,"path_per_floor":["M","$","?","M","M","R","E","M","T","M","M","R","M","M","R","B",null,"M","?","?","$","?","E","R","?","T","M","E","R","M","?","R","B"],"character_chosen":"DEFECT","items_purchased":["Glacier","Capacitor","Chemical X","Heatsinks"],"campfire_rested":6,"item_purchase_floors":[2,2,21,21],"current_hp_per_floor":[67,67,42,41,33,55,33,26,26,5,5,27,18,9,31,14,60,39,64,75,75,75,34,56,56,56,49,18,40,5,5,27,0],"gold":100,"neow_bonus":"RANDOM_COMMON_RELIC","is_prod":false,"is_daily":false,"chose_seed":false,"campfire_upgraded":0,"win_rate":0,"timestamp":1558134790,"path_taken":["M","?","?","M","M","R","E","M","T","M","M","R","M","M","R","BOSS","M","?","?","$","?","E","R","?","T","M","E","R","M","?","R","BOSS"],"build_version":"2019-01-23","purchased_purges":0,"victory":false,"max_hp_per_floor":[75,75,75,75,75,75,75,75,75,75,75,75,75,75,75,75,75,75,75,75,75,75,75,75,75,75,75,75,75,75,75,75,75],"card_choices":[{"not_picked":["Rebound","White Noise"],"picked":"Static Discharge","floor":1},{"not_picked":["Redo","Conserve Battery"],"picked":"Cold Snap","floor":4},{"not_picked":["Auto Shields","Leap"],"picked":"Defragment","floor":5},{"not_picked":["Rebound","Amplify"],"picked":"White Noise","floor":7},{"not_picked":["Barrage","Turbo"],"picked":"Compile Driver","floor":8},{"not_picked":["Stack","Seek"],"picked":"Ball Lightning","floor":10},{"not_picked":["Turbo","Double Energy"],"picked":"Glacier","floor":11},{"not_picked":["Compile Driver","Gash"],"picked":"Darkness","floor":13},{"not_picked":["Doom and Gloom","Compile Driver"],"picked":"Redo","floor":14},{"not_picked":["Amplify","Fission"],"picked":"Multi-Cast","floor":16},{"not_picked":["Gash","Fusion"],"picked":"Leap+1","floor":18},{"not_picked":["Go for the Eyes","Barrage"],"picked":"Coolheaded+1","floor":23},{"not_picked":["Aggregate","Genetic Algorithm","Leap+1"],"picked":"Hologram","floor":27},{"not_picked":["Sunder","Blizzard","Ball Lightning"],"picked":"Storm","floor":28},{"not_picked":["Auto Shields","Ball Lightning","Compile Driver"],"picked":"Go for the Eyes","floor":30}],"player_experience":294028,"relics_obtained":[{"floor":7,"key":"Lantern"},{"floor":9,"key":"Vajra"},{"floor":23,"key":"Question Card"},{"floor":28,"key":"Anchor"}],"event_choices":[{"damage_healed":0,"gold_gain":0,"player_choice":"Success","damage_taken":25,"relics_obtained":["Juzu Bracelet"],"max_hp_gain":0,"max_hp_loss":0,"event_name":"Scrap Ooze","floor":3,"gold_loss":0},{"damage_healed":25,"gold_gain":0,"player_choice":"Heal","damage_taken":0,"max_hp_gain":0,"max_hp_loss":0,"event_name":"The Library","floor":19,"gold_loss":0},{"damage_healed":11,"gold_gain":0,"player_choice":"Full Heal","damage_taken":0,"max_hp_gain":0,"max_hp_loss":0,"event_name":"Wheel of Change","floor":20,"gold_loss":0},{"damage_healed":0,"gold_gain":0,"player_choice":"Paid Fearfully","damage_taken":0,"max_hp_gain":0,"max_hp_loss":0,"event_name":"Masked Bandits","floor":22,"gold_loss":18},{"damage_healed":0,"gold_gain":99,"player_choice":"Stole From Cult","damage_taken":0,"max_hp_gain":0,"max_hp_loss":0,"event_name":"Nest","floor":25,"gold_loss":0},{"cards_removed":["Regret"],"damage_healed":0,"gold_gain":0,"player_choice":"Upgrade and Remove","damage_taken":0,"max_hp_gain":0,"max_hp_loss":0,"event_name":"Designer","floor":31,"gold_loss":90,"cards_upgraded":["Strike_B"]}],"is_beta":false,"boss_relics":[{"not_picked":["Busted Crown","Runic Pyramid"],"picked":"Cursed Key"}],"items_purged_floors":[],"is_endless":false,"potions_floor_spawned":[4,5,11,13,23,28,30],"killed_by":"Collector","ascension_level":8}