{"gold_per_floor":[364,57,57,57,69,98,98,133,159,159,159,159,11,23,23,120,120,138,138,138,148,161,161,192,192,215,231,231,231,79,79,79,79],"floor_reached":33,"playtime":1433,"items_purged":["Clumsy"],"score":334,"play_id":"dbef908e-1aa0-4e60-a7b3-7f426d710ae2","local_time":"20180903214520","is_ascension_mode":true,"campfire_choices":[{"floor":7,"key":"REST"},{"data":"Zap","floor":11,"key":"SMITH"},{"floor":15,"key":"REST"},{"floor":23,"key":"REST"},{"floor":25,"key":"REST"},{"data":"Dualcast","floor":29,"key":"SMITH"},{"data":"Redo","floor":32,"key":"SMITH"}],"neow_cost":"CURSE","seed_source_timestamp":1304215176284605,"circlet_count":0,"master_deck":["Defend_B","Defend_B","Defend_B","Zap+1","Dualcast+1","Defragment","Ball Lightning","Thunder Strike+1","Ball Lightning+1","Defragment","Go for the Eyes","Redo+1","Echo Form+1","Storm","Undo","Go for the Eyes+1","Steam Power","Undo","Loop","Ball Lightning+1","Bite","Bite","Bite","Bite","Bite"],"relics":["Cracked Core","DataDisk","Omamori","Oddly Smooth Stone","Juzu Bracelet","Regal Pillow","Lantern","Orrery","Bag of Marbles","Whetstone","Blood Vial","Toxic Egg 2"],"potions_floor_usage":[6,16,27],"damage_taken":[{"damage":9,"enemies":"Jaw Worm","floor":1,"turns":4},{"damage":0,"enemies":"Cultist","floor":5,"turns":2},{"damage":20,"enemies":"3 Sentries","floor":6,"turns":3},{"damage":25,"enemies":"Lagavulin","floor":8,"turns":5},{"damage":0,"enemies":"2 Louse","floor":14,"turns":2},{"damage":13,"enemies":"The Guardian","floor":16,"turns":8},{"damage":23,"enemies":"Shell Parasite","floor":18,"turns":6},{"damage":12,"enemies":"Chosen","floor":21,"turns":3},{"damage":25,"enemies":"Snecko","floor":22,"turns":5},{"damage":58,"enemies":"Book of Stabbing","floor":24,"turns":6},{"damage":13,"enemies":"Centurion and Healer","floor":27,"turns":7},{"damage":69,"enemies":"Champ","floor":33,"turns":8}],"seed_played":"4116731376363169708","potions_obtained":[{"floor":5,"key":"AttackPotion"},{"floor":8,"key":"Weak Potion"},{"floor":14,"key":"GamblersBrew"},{"floor":18,"key":"Strength Potion"},{"floor":24,"key":"Regen Potion"}],"is_trial":false,"path_per_floor":["M","$","?","?","M","E","R","E","T","?","R","?","$","M","R","B",null,"M","?","?","M","M","R","E","R","T","M","?","R","$","?","R"],"character_chosen":"DEFECT","items_purchased":["Defragment","DataDisk","Ball Lightning","Lantern","Blood Vial"],"campfire_rested":4,"item_purchase_floors":[2,2,2,13,30],"current_hp_per_floor":[66,66,66,59,59,39,61,36,36,36,36,29,29,29,66,53,75,52,52,75,63,38,75,17,54,54,56,52,52,52,52,52,0],"gold":79,"neow_bonus":"TWO_FIFTY_GOLD","is_prod":false,"is_daily":false,"chose_seed":false,"campfire_upgraded":3,"win_rate":0,"timestamp":1535978720,"path_taken":["M","$","?","?","?","E","R","E","T","?","R","?","$","M","R","BOSS","M","?","?","M","M","R","E","R","T","M","?","R","$","?","R","BOSS"],"build_version":"2018-08-30","purchased_purges":1,"victory":false,"max_hp_per_floor":[75,75,75,75,75,75,75,75,75,75,75,75,75,75,75,75,75,75,75,75,75,75,75,75,75,75,75,52,52,52,52,52,52],"card_choices":[{"not_picked":["Beam Cell","FTL","Leap"],"picked":"SKIP","floor":1},{"not_picked":["Darkness","Blizzard"],"picked":"Ball Lightning","floor":5},{"not_picked":["Barrage","Leap"],"picked":"Defragment","floor":6},{"not_picked":["Hologram","Core Surge"],"picked":"Go for the Eyes","floor":8},{"not_picked":["FTL","Stack"],"picked":"Redo","floor":14},{"not_picked":["Reboot","Meteor Strike"],"picked":"Echo Form","floor":16},{"not_picked":["Static Discharge","Beam Cell"],"picked":"Storm","floor":17},{"not_picked":["Conserve Battery","Chill"],"picked":"Undo","floor":17},{"not_picked":["Reprogram","Force Field"],"picked":"Go for the Eyes","floor":17},{"not_picked":["Darkness","Go for the Eyes+1"],"picked":"Steam Power","floor":18},{"not_picked":["Barrage+1","Stack"],"picked":"Undo","floor":21},{"not_picked":["Undo","Reprogram"],"picked":"Loop","floor":22},{"not_picked":["Melter","Coolheaded+1"],"picked":"Ball Lightning+1","floor":24},{"not_picked":["Ball Lightning","FTL","Redo"],"picked":"SKIP","floor":27}],"player_experience":211459,"relics_obtained":[{"floor":6,"key":"Omamori"},{"floor":8,"key":"Oddly Smooth Stone"},{"floor":9,"key":"Juzu Bracelet"},{"floor":24,"key":"Bag of Marbles"},{"floor":26,"key":"Whetstone"}],"event_choices":[{"event_name":"Transmorgrifier","player_choice":"Transform","floor":3,"damage_taken":0},{"event_name":"Golden Wing","player_choice":"Card Removal","floor":4,"damage_taken":0},{"event_name":"Upgrade Shrine","player_choice":"Upgraded","floor":10,"damage_taken":0},{"event_name":"Scrap Ooze","player_choice":"success","floor":12,"damage_taken":7},{"event_name":"Upgrade Shrine","player_choice":"Upgraded","floor":19,"damage_taken":0},{"event_name":"The Library","player_choice":"Heal","floor":20,"damage_taken":0},{"event_name":"Vampires","player_choice":"Became a vampire","floor":28,"damage_taken":0},{"event_name":"Addict","player_choice":"Stole Relic","floor":31,"damage_taken":0}],"is_beta":false,"boss_relics":[{"not_picked":["Runic Dome","Eternal Feather"],"picked":"Orrery"}],"items_purged_floors":[2],"is_endless":false,"potions_floor_spawned":[5,8,14,18,24],"killed_by":"Champ","ascension_level":3}