{"gold_per_floor":[109,83,83,96,110,110,130,130,211,211,222,236,161,176,176,279,279,297,323,335,349,368,368,382,382,382,297,314,174,174,185,185,185],"floor_reached":33,"playtime":2020,"items_purged":["Strike_G","Strike_G"],"score":255,"play_id":"96229c67-8020-4d2c-a9b2-80dbe09a084d","local_time":"20180904093158","is_ascension_mode":true,"campfire_choices":[{"data":"Deadly Poison","floor":6,"key":"SMITH"},{"data":"Neutralize","floor":8,"key":"SMITH"},{"data":"Bane","floor":10,"key":"SMITH"},{"data":"Bouncing Flask","floor":15,"key":"SMITH"},{"floor":23,"key":"REST"},{"data":"Wraith Form v2","floor":25,"key":"SMITH"},{"data":"Noxious Fumes","floor":32,"key":"SMITH"}],"neow_cost":"NONE","seed_source_timestamp":1346025510819656,"circlet_count":0,"master_deck":["Defend_G","Defend_G","Defend_G","Defend_G","Defend_G","Strike_G","Strike_G","Survivor+1","Neutralize+1","Deadly Poison+1","Bane+1","Footwork","PiercingWail","Poisoned Stab","Bouncing Flask+1","Wraith Form v2+1","Deadly Poison","Blur","Escape Plan","Backflip","Deflect","Terror","Noxious Fumes+1"],"relics":["Ring of the Snake","Ninja Scroll","WristBlade","Red Mask","Incense Burner","Strawberry","Tingsha"],"potions_floor_usage":[14,16,16,19,20,31,33,33],"damage_taken":[{"damage":0,"enemies":"2 Louse","floor":1,"turns":2},{"damage":0,"enemies":"Cultist","floor":4,"turns":3},{"damage":1,"enemies":"Jaw Worm","floor":5,"turns":4},{"damage":0,"enemies":"2 Fungi Beasts","floor":7,"turns":6},{"damage":0,"enemies":"3 Louse","floor":11,"turns":4},{"damage":13,"enemies":"Red Slaver","floor":12,"turns":5},{"damage":1,"enemies":"2 Fungi Beasts","floor":14,"turns":3},{"damage":22,"enemies":"Hexaghost","floor":16,"turns":6},{"damage":0,"enemies":"Chosen","floor":18,"turns":3},{"damage":28,"enemies":"Masked Bandits","floor":19,"turns":6},{"damage":0,"enemies":"3 Byrds","floor":20,"turns":5},{"damage":4,"enemies":"Shelled Parasite and Fungi","floor":21,"turns":6},{"damage":12,"enemies":"Centurion and Healer","floor":22,"turns":7},{"damage":2,"enemies":"Snecko","floor":24,"turns":5},{"damage":9,"enemies":"Snake Plant","floor":28,"turns":5},{"damage":0,"enemies":"Shelled Parasite and Fungi","floor":31,"turns":4},{"damage":45,"enemies":"Champ","floor":33,"turns":10}],"seed_played":"8389704329662682529","potions_obtained":[{"floor":4,"key":"Dexterity Potion"},{"floor":7,"key":"Weak Potion"},{"floor":12,"key":"SkillPotion"},{"floor":16,"key":"Ancient Potion"},{"floor":19,"key":"Block Potion"},{"floor":21,"key":"Weak Potion"},{"floor":24,"key":"Explosive Potion"},{"floor":28,"key":"FearPotion"}],"is_trial":false,"path_per_floor":["M","$","?","M","M","R","M","R","T","R","M","M","$","M","R","B",null,"M","?","M","M","M","R","M","R","T","?","M","$","?","M","R"],"character_chosen":"THE_SILENT","items_purchased":["Bane","Noxious Fumes"],"campfire_rested":1,"item_purchase_floors":[2,29],"current_hp_per_floor":[70,70,70,70,69,69,69,69,69,69,69,56,56,55,55,33,70,70,42,42,38,26,47,45,45,45,52,43,43,43,43,43,0],"gold":185,"neow_bonus":"UPGRADE_CARD","is_prod":false,"is_daily":false,"chose_seed":false,"campfire_upgraded":6,"win_rate":0,"timestamp":1536021118,"path_taken":["M","$","?","?","M","R","M","R","T","R","M","M","$","M","R","BOSS","M","?","M","M","M","R","M","R","T","?","M","$","?","M","R","BOSS"],"build_version":"2018-08-30","purchased_purges":2,"victory":false,"max_hp_per_floor":[70,70,70,70,70,70,70,70,70,70,70,70,70,70,70,70,70,70,70,70,70,70,70,70,70,70,77,77,77,77,77,77,77],"card_choices":[{"not_picked":["Prepared","Underhanded Strike"],"picked":"Deadly Poison","floor":1},{"not_picked":["Sucker Punch","Eviscerate"],"picked":"Footwork","floor":4},{"not_picked":["Setup","Outmaneuver","Flying Knee"],"picked":"SKIP","floor":5},{"not_picked":["Tactician","Dagger Throw"],"picked":"PiercingWail","floor":7},{"not_picked":["Slice","Terror"],"picked":"Poisoned Stab","floor":11},{"not_picked":["Infinite Blades","Outmaneuver","Backstab"],"picked":"SKIP","floor":12},{"not_picked":["Blade Dance","Flying Knee"],"picked":"Bouncing Flask","floor":14},{"not_picked":["Night Terror","Phantasmal Killer"],"picked":"Wraith Form v2","floor":16},{"not_picked":["Outmaneuver","Prepared","Dodge and Roll"],"picked":"SKIP","floor":18},{"not_picked":["Dodge and Roll","Deflect"],"picked":"Deadly Poison","floor":19},{"not_picked":["Leg Sweep","Dodge and Roll"],"picked":"Blur","floor":20},{"not_picked":["Dagger Spray","Quick Slash"],"picked":"Escape Plan","floor":21},{"not_picked":["Acrobatics","After Image"],"picked":"Backflip","floor":22},{"not_picked":["Tactician+1","Dagger Throw"],"picked":"Deflect","floor":24},{"not_picked":["Outmaneuver","Slice+1"],"picked":"Terror","floor":28},{"not_picked":["Underhanded Strike","Quick Slash","Prepared+1"],"picked":"SKIP","floor":31}],"player_experience":221782,"relics_obtained":[{"floor":9,"key":"Ninja Scroll"},{"floor":19,"key":"Red Mask"},{"floor":26,"key":"Incense Burner"}],"event_choices":[{"event_name":"Bonfire Elementals","player_choice":"BASIC","floor":3,"damage_taken":0},{"event_name":"Masked Bandits","player_choice":"Fought Bandits","floor":19,"damage_taken":0},{"event_name":"Addict","player_choice":"Obtained Relic","floor":27,"damage_taken":0},{"event_name":"The Mausoleum","player_choice":"Yes","floor":30,"damage_taken":0}],"is_beta":false,"boss_relics":[{"not_picked":["Calling Bell","Black Star"],"picked":"WristBlade"}],"items_purged_floors":[13,29],"is_endless":false,"potions_floor_spawned":[4,7,12,16,19,21,24,28],"killed_by":"Champ","ascension_level":1}