{"gold_per_floor":[119,119,136,136,33,33,68,68,144,144,160,5,22,36,36,140,140,158,158,158],"floor_reached":20,"playtime":515,"items_purged":["Strike_B"],"score":278,"play_id":"4e491bfe-9b8c-4db2-b529-781c5bfafd86","local_time":"20181208053916","is_ascension_mode":true,"campfire_choices":[{"data":"Dualcast","floor":6,"key":"SMITH"},{"data":"Defragment","floor":8,"key":"SMITH"},{"data":"Buffer","floor":15,"key":"SMITH"}],"neow_cost":"NONE","seed_source_timestamp":1995445725936269,"circlet_count":0,"master_deck":["Strike_B","Strike_B","Defend_B","Defend_B","Defend_B","Zap","Dualcast+1","Cold Snap","Defragment+1","Go for the Eyes","Capacitor","Buffer+1","Defragment","Conserve Battery","Ball Lightning","Creative AI","Ball Lightning+1"],"relics":["Cracked Core","Shuriken","Sundial","Blood Vial","Inserter"],"potions_floor_usage":[16,20],"damage_taken":[{"damage":0,"enemies":"Cultist","floor":1,"turns":3},{"damage":0,"enemies":"Small Slimes","floor":3,"turns":2},{"damage":31,"enemies":"3 Sentries","floor":7,"turns":8},{"damage":2,"enemies":"2 Louse","floor":11,"turns":2},{"damage":0,"enemies":"Blue Slaver","floor":13,"turns":4},{"damage":0,"enemies":"Looter","floor":14,"turns":3},{"damage":0,"enemies":"Slime Boss","floor":16,"turns":7},{"damage":15,"enemies":"Chosen","floor":18,"turns":6},{"damage":58,"enemies":"Masked Bandits","floor":20,"turns":3}],"seed_played":"6705238577822302984","potions_obtained":[{"floor":7,"key":"Weak Potion"},{"floor":13,"key":"Fire Potion"},{"floor":18,"key":"GamblersBrew"}],"is_trial":false,"path_per_floor":["M","?","M","?","$","R","E","R","T","?","M","$","M","M","R","B",null,"M","?","?"],"character_chosen":"DEFECT","items_purchased":["Defragment","Go for the Eyes","Defragment"],"campfire_rested":0,"item_purchase_floors":[5,5,12],"current_hp_per_floor":[75,68,68,73,73,73,42,42,42,42,42,42,44,46,46,48,72,59,44,0],"gold":158,"neow_bonus":"REMOVE_CARD","is_prod":false,"is_daily":false,"chose_seed":false,"campfire_upgraded":3,"win_rate":0,"timestamp":1544215156,"path_taken":["M","?","M","?","$","R","E","R","T","?","M","?","M","M","R","BOSS","M","?","?"],"build_version":"2018-12-06","purchased_purges":1,"victory":false,"max_hp_per_floor":[75,75,75,80,80,80,80,80,80,80,80,80,80,80,80,80,80,80,85,85],"card_choices":[{"not_picked":["Leap","Gash","Turbo"],"picked":"SKIP","floor":1},{"not_picked":["Undo","Barrage"],"picked":"Cold Snap","floor":3},{"not_picked":["Compile Driver","Leap"],"picked":"Capacitor","floor":7},{"not_picked":["Fusion","Redo"],"picked":"Buffer","floor":11},{"not_picked":["Barrage","Beam Cell"],"picked":"Conserve Battery","floor":13},{"not_picked":["Hologram","Redo"],"picked":"Ball Lightning","floor":14},{"not_picked":["Seek","Amplify"],"picked":"Creative AI","floor":16},{"not_picked":["Steam Power","Redo"],"picked":"Ball Lightning+1","floor":18}],"player_experience":514684,"relics_obtained":[{"floor":7,"key":"Shuriken"},{"floor":9,"key":"Sundial"}],"event_choices":[{"cards_removed":["Defend_B"],"damage_healed":0,"gold_gain":0,"player_choice":"Card Removal","damage_taken":7,"max_hp_gain":0,"max_hp_loss":0,"event_name":"Golden Wing","floor":2,"gold_loss":0},{"damage_healed":0,"gold_gain":0,"player_choice":"Donut","damage_taken":0,"max_hp_gain":5,"max_hp_loss":0,"event_name":"Big Fish","floor":4,"gold_loss":0},{"damage_healed":0,"gold_gain":0,"player_choice":"Searched \u00271\u0027 times","damage_taken":0,"relics_obtained":["Blood Vial"],"max_hp_gain":0,"max_hp_loss":0,"event_name":"Dead Adventurer","floor":10,"gold_loss":0},{"damage_healed":0,"gold_gain":0,"player_choice":"Shed Blood","damage_taken":20,"max_hp_gain":5,"max_hp_loss":0,"event_name":"Forgotten Altar","floor":19,"gold_loss":0},{"damage_healed":0,"gold_gain":0,"player_choice":"Fought Bandits","damage_taken":0,"max_hp_gain":0,"max_hp_loss":0,"event_name":"Masked Bandits","floor":20,"gold_loss":0}],"is_beta":false,"boss_relics":[{"not_picked":["Coffee Dripper","Busted Crown"],"picked":"Inserter"}],"items_purged_floors":[12],"is_endless":false,"potions_floor_spawned":[7,13,18],"killed_by":"Masked Bandits","ascension_level":5}