{"gold_per_floor":[215,290,309,322,322,322,348,348,398,398,413,413,79,79,79,79],"floor_reached":16,"playtime":480,"items_purged":["Strike_B"],"score":118,"play_id":"ea975e18-59ed-46de-937d-8b69f424511b","local_time":"20180911122153","is_ascension_mode":true,"campfire_choices":[{"data":"Zap","floor":6,"key":"SMITH"},{"data":"Dualcast","floor":8,"key":"SMITH"},{"data":"Defragment","floor":10,"key":"SMITH"},{"data":"Biased Cognition","floor":12,"key":"SMITH"},{"data":"Undo","floor":15,"key":"SMITH"}],"neow_cost":"NONE","seed_source_timestamp":1962558588968651,"circlet_count":0,"master_deck":["Strike_B","Strike_B+1","Strike_B+1","Defend_B","Defend_B","Defend_B","Defend_B","Zap+1","Dualcast+1","Undo+1","Defragment+1","Biased Cognition+1","Hologram"],"relics":["Cracked Core","Ancient Tea Set","Centennial Puzzle","Molten Egg 2"],"potions_floor_usage":[11,16],"damage_taken":[{"damage":0,"enemies":"Small Slimes","floor":1,"turns":2},{"damage":0,"enemies":"2 Louse","floor":3,"turns":1},{"damage":0,"enemies":"Cultist","floor":4,"turns":3},{"damage":17,"enemies":"Gremlin Nob","floor":7,"turns":4},{"damage":0,"enemies":"Gremlin Gang","floor":11,"turns":3},{"damage":39,"enemies":"Hexaghost","floor":16,"turns":9}],"seed_played":"-2973529722732659922","potions_obtained":[{"floor":3,"key":"GamblersBrew"},{"floor":11,"key":"LiquidBronze"}],"is_trial":false,"path_per_floor":["M","?","M","M","?","R","E","R","T","R","M","R","$","?","R"],"character_chosen":"DEFECT","items_purchased":["Molten Egg 2"],"campfire_rested":0,"item_purchase_floors":[13],"current_hp_per_floor":[75,64,64,64,49,49,32,32,32,32,32,32,32,37,37,0],"gold":79,"neow_bonus":"HUNDRED_GOLD","is_prod":false,"is_daily":false,"chose_seed":false,"campfire_upgraded":5,"win_rate":0,"timestamp":1536636113,"path_taken":["M","?","M","?","?","R","E","R","T","R","M","R","$","?","R","BOSS"],"build_version":"2018-09-06","purchased_purges":1,"victory":false,"max_hp_per_floor":[75,75,75,75,75,75,75,75,75,75,75,75,75,80,80,80],"card_choices":[{"not_picked":["Steam","Sweeping Beam","Coolheaded"],"picked":"SKIP","floor":1},{"not_picked":["Gash","Lockon"],"picked":"Undo","floor":3},{"not_picked":["Streamline","Conserve Battery"],"picked":"Defragment","floor":4},{"not_picked":["Melter","Redo"],"picked":"Biased Cognition","floor":7},{"not_picked":["Sweeping Beam","Barrage"],"picked":"Hologram","floor":11}],"player_experience":247905,"relics_obtained":[{"floor":7,"key":"Ancient Tea Set"},{"floor":9,"key":"Centennial Puzzle"}],"event_choices":[{"event_name":"World of Goop","player_choice":"Gather Gold","floor":2,"damage_taken":0},{"event_name":"Shining Light","player_choice":"Entered Light","floor":5,"damage_taken":0},{"event_name":"Big Fish","player_choice":"Donut","floor":14,"damage_taken":0}],"is_beta":false,"boss_relics":[],"items_purged_floors":[13],"is_endless":false,"potions_floor_spawned":[3,11],"killed_by":"Hexaghost","ascension_level":4}