{"gold_per_floor":[110,124,124,124,124,124,151,151,151,151,185,205,222,234,234,335,385,397,672,691,231,231],"floor_reached":22,"playtime":892,"items_purged":["Regret"],"score":230,"play_id":"22f54173-311f-41bc-8fca-5268f716de80","local_time":"20180902222057","is_ascension_mode":true,"campfire_choices":[{"data":"Dualcast","floor":6,"key":"SMITH"},{"floor":8,"key":"REST"},{"data":"Defend_B","floor":10,"key":"SMITH"},{"data":"Consume","floor":15,"key":"SMITH"}],"neow_cost":"NONE","seed_source_timestamp":1220491963780707,"circlet_count":0,"master_deck":["Strike_B","Strike_B+1","Strike_B","Strike_B+1","Defend_B+1","Defend_B+1","Defend_B+1","Zap+1","Dualcast+1","Conserve Battery+1","Consume+1","Seek","Redo","Conserve Battery","Defragment"],"relics":["Cracked Core","War Paint","Dodecahedron","Ancient Tea Set","Tiny House","Bag of Marbles","Cables"],"potions_floor_usage":[11,14,18,20],"damage_taken":[{"damage":0,"enemies":"2 Louse","floor":1,"turns":2},{"damage":12,"enemies":"Small Slimes","floor":2,"turns":3},{"damage":0,"enemies":"Lagavulin","floor":11,"turns":7},{"damage":0,"enemies":"Cultist","floor":12,"turns":3},{"damage":0,"enemies":"3 Louse","floor":13,"turns":3},{"damage":0,"enemies":"2 Fungi Beasts","floor":14,"turns":1},{"damage":41,"enemies":"The Guardian","floor":16,"turns":12},{"damage":18,"enemies":"2 Thieves","floor":18,"turns":3},{"damage":21,"enemies":"3 Byrds","floor":20,"turns":4},{"damage":43,"enemies":"Snecko","floor":22,"turns":5}],"seed_played":"5110124669334951724","potions_obtained":[{"floor":1,"key":"AttackPotion"},{"floor":11,"key":"SmokeBomb"},{"floor":13,"key":"AttackPotion"},{"floor":16,"key":"Poison Potion"},{"floor":17,"key":"SmokeBomb"},{"floor":18,"key":"FocusPotion"}],"is_trial":false,"path_per_floor":["M","M","?","?","?","R","T","R","T","R","E","M","M","M","R","B",null,"M","?","M","$"],"character_chosen":"DEFECT","items_purchased":["Bag of Marbles","Cables"],"campfire_rested":1,"item_purchase_floors":[21,21],"current_hp_per_floor":[75,63,56,56,41,41,41,63,63,63,63,63,63,63,63,22,80,62,62,41,41,0],"gold":231,"neow_bonus":"UPGRADE_CARD","is_prod":false,"is_daily":false,"chose_seed":false,"campfire_upgraded":3,"win_rate":0,"timestamp":1535894457,"path_taken":["M","M","?","?","?","R","?","R","T","R","E","M","M","?","R","BOSS","M","?","M","?","M"],"build_version":"2018-08-30","purchased_purges":1,"victory":false,"max_hp_per_floor":[75,75,75,75,75,75,75,75,75,75,75,75,75,75,75,75,80,80,80,80,80,80],"card_choices":[{"not_picked":["Reinforced Body","Go for the Eyes","Hologram"],"picked":"SKIP","floor":1},{"not_picked":["Rip and Tear","Go for the Eyes"],"picked":"Conserve Battery","floor":2},{"not_picked":["Gash","Scrape"],"picked":"Consume","floor":11},{"not_picked":["Gash","Lockon","Barrage"],"picked":"SKIP","floor":12},{"not_picked":["Reprogram","Leap","Streamline"],"picked":"SKIP","floor":13},{"not_picked":["Chaos","Steam","Tempest"],"picked":"SKIP","floor":14},{"not_picked":["Fission","Hyperbeam"],"picked":"Seek","floor":16},{"not_picked":["Lockon","Double Energy"],"picked":"Redo","floor":17},{"not_picked":["Skim","Go for the Eyes"],"picked":"Conserve Battery","floor":18},{"not_picked":["Cold Snap","Leap"],"picked":"Defragment","floor":20}],"player_experience":197114,"relics_obtained":[{"floor":7,"key":"War Paint"},{"floor":9,"key":"Dodecahedron"},{"floor":11,"key":"Ancient Tea Set"}],"event_choices":[{"event_name":"Golden Wing","player_choice":"Card Removal","floor":3,"damage_taken":0},{"event_name":"The Woman in Blue","player_choice":"Bought 0 Potions","floor":4,"damage_taken":0},{"event_name":"Shining Light","player_choice":"Entered Light","floor":5,"damage_taken":0},{"event_name":"Golden Shrine","player_choice":"Desecrate","floor":19,"damage_taken":0}],"is_beta":false,"boss_relics":[{"not_picked":["Philosopher\u0027s Stone","Coffee Dripper"],"picked":"Tiny House"}],"items_purged_floors":[21],"is_endless":false,"potions_floor_spawned":[1,11,13,16,18],"killed_by":"Snecko","ascension_level":2}