{"gold_per_floor":[114,114,128,128,146,177,21,21,21,21,37,57,57,96,96,220,220,238,238,53,72,97,436,436,456,456,481,59,59,59,82,82,207,207,225,243,261,113,136,169,169,202,278,292,292,310,310,325,325,325],"floor_reached":50,"playtime":2298,"items_purged":[],"score":693,"play_id":"40d1ac63-7103-4eda-9887-5c654acf8508","local_time":"20190515113306","is_ascension_mode":true,"campfire_choices":[{"floor":8.0,"key":"REST"},{"data":"Defragment","floor":13.0,"key":"SMITH"},{"data":"Lockon","floor":15.0,"key":"SMITH"},{"data":"1","floor":24,"key":"LIFT"},{"data":"2","floor":29,"key":"LIFT"},{"data":"3","floor":32,"key":"LIFT"},{"floor":41,"key":"REST"},{"floor":49,"key":"REST"}],"neow_cost":"NONE","seed_source_timestamp":0,"circlet_count":0,"master_deck":["Strike_B+1","Defend_B","Defend_B","Defend_B","Zap+1","Dualcast","Coolheaded","Lockon+1","Defragment+1","Conserve Battery","Sweeping Beam","Compile Driver","Core Surge","Creative AI","Auto Shields","Beam Cell","FTL","Gash","Gash+1","Conserve Battery+1","FTL","Flash of Steel","Rip and Tear","Steam+1","Buffer","Cold Snap+1","Gash+1","All For One","Echo Form","Seek","Gash+1","Coolheaded+1"],"special_seed":0,"relics":["Cracked Core","Girya","Meat on the Bone","DataDisk","Calipers","Golden Idol","Letter Opener","Sozu","Happy Flower","Old Coin","Membership Card","Torii","Empty Cage","Bag of Marbles","Strawberry","Darkstone Periapt","Singing Bowl","NlothsMask"],"potions_floor_usage":[23,33],"damage_taken":[{"damage":3.0,"enemies":"Small Slimes","floor":1.0,"turns":3.0},{"damage":4.0,"enemies":"2 Louse","floor":3.0,"turns":3.0},{"damage":2.0,"enemies":"Jaw Worm","floor":5.0,"turns":3.0},{"damage":38.0,"enemies":"3 Sentries","floor":6.0,"turns":10.0},{"damage":0.0,"enemies":"Red Slaver","floor":11.0,"turns":1.0},{"damage":9.0,"enemies":"3 Louse","floor":12.0,"turns":4.0},{"damage":3.0,"enemies":"Lagavulin","floor":14.0,"turns":5.0},{"damage":8.0,"enemies":"Hexaghost","floor":16.0,"turns":8.0},{"damage":22.0,"enemies":"2 Thieves","floor":18.0,"turns":3.0},{"damage":0.0,"enemies":"Shell Parasite","floor":21.0,"turns":4.0},{"damage":8,"enemies":"Snecko","floor":22,"turns":4},{"damage":17,"enemies":"Gremlin Leader","floor":23,"turns":5},{"damage":0,"enemies":"Centurion and Healer","floor":25,"turns":5},{"damage":12,"enemies":"Chosen and Byrds","floor":27,"turns":4},{"damage":2,"enemies":"Snake Plant","floor":31,"turns":4},{"damage":29,"enemies":"Champ","floor":33,"turns":9},{"damage":1,"enemies":"3 Shapes","floor":35,"turns":3},{"damage":13,"enemies":"3 Darklings","floor":36,"turns":4},{"damage":6,"enemies":"Sphere and 2 Shapes","floor":37,"turns":4},{"damage":1,"enemies":"Spire Growth","floor":39,"turns":4},{"damage":41,"enemies":"Reptomancer","floor":40,"turns":5},{"damage":42,"enemies":"Giant Head","floor":42,"turns":7},{"damage":1,"enemies":"Transient","floor":44,"turns":5},{"damage":24,"enemies":"4 Shapes","floor":46,"turns":3},{"damage":16,"enemies":"Jaw Worm Horde","floor":48,"turns":3},{"damage":43,"enemies":"Awakened One","floor":50,"turns":3}],"seed_played":"-4589902560942016116","potions_obtained":[{"floor":1.0,"key":"PowerPotion"},{"floor":14.0,"key":"Block Potion"},{"floor":16.0,"key":"SkillPotion"}],"is_trial":false,"path_per_floor":["M","?","M","?","M","E","$","R","T","?","M","M","R","E","R","B",null,"M","?","$","M","M","E","R","M","T","M","$","R","$","M","R","B",null,"M","M","M","$","M","E","R","E","T","M","?","M","?","M","R","B"],"character_chosen":"DEFECT","items_purchased":["DataDisk","Happy Flower","FTL","Membership Card","Torii","Flash of Steel","Rip and Tear","All For One","Bag of Marbles"],"campfire_rested":3,"item_purchase_floors":[7,20,20,28,28,28,28,38,38],"current_hp_per_floor":[72,57,53,46,44,6,6,28,28,28,40,43,43,40,40,44,69,47,47,47,47,39,34,34,46,46,46,46,46,46,44,44,27,69,68,55,49,49,48,26,48,18,18,29,29,17,17,15,38,0],"gold":325,"neow_bonus":"REMOVE_CARD","is_prod":false,"is_daily":false,"chose_seed":false,"campfire_upgraded":2,"win_rate":0,"timestamp":1557934386,"path_taken":["M","?","M","?","M","E","$","R","T","?","M","M","R","E","R","BOSS","M","?","$","M","?","E","R","M","T","M","$","R","?","M","R","BOSS","M","M","M","$","M","E","R","E","T","M","?","?","?","M","R","BOSS"],"build_version":"2019-01-23","purchased_purges":0,"victory":false,"max_hp_per_floor":[75,75,75,75,75,75,75,75,75,69,69,69,69,69,69,69,69,69,69,69,69,69,69,69,69,69,69,69,69,69,69,69,69,69,69,69,69,69,69,76,76,76,76,76,76,76,76,78,78,78],"card_choices":[{"not_picked":["Force Field","Streamline"],"picked":"Coolheaded","floor":1.0},{"not_picked":["Beam Cell","Force Field"],"picked":"Lockon","floor":3.0},{"not_picked":["Lockon","Skim"],"picked":"Defragment","floor":5.0},{"not_picked":["Consume","Static Discharge"],"picked":"Conserve Battery","floor":6.0},{"not_picked":["Conserve Battery","Turbo"],"picked":"Sweeping Beam","floor":11.0},{"not_picked":["Blizzard","Consume"],"picked":"Compile Driver","floor":12.0},{"not_picked":["Rip and Tear","Coolheaded"],"picked":"Core Surge","floor":14.0},{"not_picked":["Amplify","Core Surge"],"picked":"Creative AI","floor":16.0},{"not_picked":["Compile Driver","Beam Cell+1"],"picked":"Auto Shields","floor":18.0},{"not_picked":["Melter","Barrage"],"picked":"Gash","floor":21.0},{"not_picked":["Recycle","Rebound","Beam Cell"],"picked":"SKIP","floor":22},{"not_picked":["Recycle","Rebound","Beam Cell"],"picked":"SKIP","floor":22},{"not_picked":["Force Field","Coolheaded"],"picked":"Gash+1","floor":23},{"not_picked":["Go for the Eyes","Hello World"],"picked":"Conserve Battery+1","floor":25},{"not_picked":["Rebound","Genetic Algorithm"],"picked":"FTL","floor":27},{"not_picked":["Beam Cell+1","Sunder"],"picked":"Steam+1","floor":31},{"not_picked":["Creative AI","Meteor Strike"],"picked":"Buffer","floor":33},{"not_picked":["Sweeping Beam","Hologram+1"],"picked":"Cold Snap+1","floor":35},{"not_picked":["Leap+1","Scrape+1"],"picked":"Gash+1","floor":36},{"not_picked":["Coolheaded","Stack+1","Turbo+1"],"picked":"SKIP","floor":37},{"not_picked":["Reprogram","Compile Driver+1","Chill+1"],"picked":"SKIP","floor":39},{"not_picked":["Scrape+1","Static Discharge+1"],"picked":"Echo Form","floor":40},{"not_picked":["Sweeping Beam","Streamline"],"picked":"Seek","floor":42},{"not_picked":["Cold Snap+1","Turbo"],"picked":"Gash+1","floor":44},{"not_picked":["FTL","Melter"],"picked":"Coolheaded+1","floor":46},{"not_picked":["Fusion","Hello World+1","Beam Cell+1"],"picked":"Singing Bowl","floor":48}],"player_experience":192685,"relics_obtained":[{"floor":6.0,"key":"Meat on the Bone"},{"floor":9.0,"key":"Calipers"},{"floor":14.0,"key":"Letter Opener"},{"floor":23,"key":"Old Coin"},{"floor":40,"key":"Strawberry"},{"floor":42,"key":"Darkstone Periapt"},{"floor":43,"key":"Singing Bowl"}],"event_choices":[{"damage_healed":0.0,"max_hp_gain":0.0,"max_hp_loss":0.0,"gold_gain":0.0,"event_name":"Shining Light","player_choice":"Entered Light","floor":2.0,"gold_loss":0.0,"damage_taken":15.0,"cards_upgraded":["Zap","Strike_B"]},{"damage_healed":0.0,"max_hp_gain":0.0,"max_hp_loss":0.0,"gold_gain":0.0,"event_name":"Scrap Ooze","player_choice":"Success","floor":4.0,"gold_loss":0.0,"damage_taken":7.0,"relics_obtained":["Girya"]},{"damage_healed":0.0,"max_hp_gain":0.0,"max_hp_loss":6.0,"gold_gain":0.0,"event_name":"Golden Idol","player_choice":"Lose Max HP","floor":10.0,"gold_loss":0.0,"damage_taken":0.0,"relics_obtained":["Golden Idol"]},{"damage_healed":0.0,"max_hp_gain":0.0,"max_hp_loss":0.0,"gold_gain":0.0,"cards_transformed":["Defend_B"],"event_name":"Transmorgrifier","player_choice":"Transformed","floor":19.0,"gold_loss":0.0,"damage_taken":0.0,"cards_obtained":["Beam Cell"]},{"damage_healed":0,"gold_gain":0,"player_choice":"Trade","damage_taken":0,"relics_obtained":["NlothsMask"],"max_hp_gain":0,"max_hp_loss":0,"event_name":"FaceTrader","floor":45,"gold_loss":0},{"damage_healed":0,"gold_gain":0,"player_choice":"Ignored","damage_taken":0,"max_hp_gain":0,"max_hp_loss":0,"event_name":"Mysterious Sphere","floor":47,"gold_loss":0}],"is_beta":false,"boss_relics":[{"not_picked":["Philosopher\u0027s Stone","FrozenCore"],"picked":"Sozu"},{"not_picked":["Calling Bell","Fusion Hammer"],"picked":"Empty Cage"}],"items_purged_floors":[],"is_endless":false,"potions_floor_spawned":[1,14,16,18,22,25,37,39,42,48],"killed_by":"Awakened One","ascension_level":4}