{"gold_per_floor":[110,60,60,60,80,80,119,119,119,140,184,184,184,204,204,334,334,357,6,6,29,29,62,62,81,81,94,6,6,37,37,37,37],"floor_reached":33,"playtime":1191,"items_purged":["Strike_G"],"score":361,"play_id":"585d15d5-9097-4b83-a4aa-8c8aaa6b4cbc","local_time":"20180912052010","is_ascension_mode":true,"campfire_choices":[{"data":"Neutralize","floor":6,"key":"SMITH"},{"data":"Survivor","floor":8,"key":"SMITH"},{"data":"Poisoned Stab","floor":12,"key":"SMITH"},{"data":"Deadly Poison","floor":15,"key":"SMITH"},{"floor":24,"key":"REST"},{"data":"Cloak And Dagger","floor":29,"key":"SMITH"},{"floor":32,"key":"REST"}],"neow_cost":"NONE","seed_source_timestamp":2022945094067687,"circlet_count":0,"master_deck":["Defend_G","Defend_G","Defend_G","Defend_G","Defend_G","Strike_G","Strike_G","Survivor+1","Neutralize+1","Poisoned Stab+1","All Out Attack","Deadly Poison+1","Phantasmal Killer+1","Deadly Poison","Shame","Deadly Poison+1","Deflect","Cloak And Dagger+1","Backflip"],"relics":["Ring of the Snake","NeowsBlessing","Golden Idol","Orichalcum","The Courier","Shuriken","WristBlade","Ice Cream","Snake Skull","Smiling Mask","Juzu Bracelet","Peace Pipe","Paper Crane","PreservedInsect"],"potions_floor_usage":[18,23,23,27,30],"damage_taken":[{"damage":0,"enemies":"Cultist","floor":1,"turns":1},{"damage":0,"enemies":"Jaw Worm","floor":5,"turns":1},{"damage":0,"enemies":"3 Sentries","floor":7,"turns":1},{"damage":3,"enemies":"2 Louse","floor":10,"turns":3},{"damage":22,"enemies":"Gremlin Nob","floor":11,"turns":6},{"damage":0,"enemies":"Exordium Wildlife","floor":14,"turns":2},{"damage":5,"enemies":"The Guardian","floor":16,"turns":8},{"damage":9,"enemies":"Shell Parasite","floor":18,"turns":4},{"damage":42,"enemies":"Gremlin Leader","floor":23,"turns":5},{"damage":2,"enemies":"3 Byrds","floor":25,"turns":5},{"damage":14,"enemies":"Shelled Parasite and Fungi","floor":27,"turns":7},{"damage":15,"enemies":"Book of Stabbing","floor":30,"turns":6},{"damage":0,"enemies":"Collector","floor":33,"turns":2}],"seed_played":"-5944369034225862476","potions_obtained":[{"floor":7,"key":"Ancient Potion"},{"floor":11,"key":"Poison Potion"},{"floor":14,"key":"PowerPotion"},{"floor":25,"key":"AttackPotion"},{"floor":27,"key":"Strength Potion"},{"floor":30,"key":"Energy Potion"}],"is_trial":false,"path_per_floor":["M","?","?","?","M","R","E","R","T","M","E","R","?","M","R","B",null,"M","$","?","T","?","E","R","M","T","M","$","R","E","?","R"],"character_chosen":"THE_SILENT","items_purchased":["Ice Cream","Snake Skull","Cloak And Dagger"],"campfire_rested":2,"item_purchase_floors":[19,19,28],"current_hp_per_floor":[70,70,70,63,63,63,63,63,63,60,38,38,38,38,38,33,70,61,61,61,61,61,19,40,38,38,24,24,24,9,9,30,30],"gold":37,"neow_bonus":"THREE_ENEMY_KILL","is_prod":false,"is_daily":false,"chose_seed":false,"campfire_upgraded":5,"win_rate":0,"timestamp":1536697210,"path_taken":["M","?","?","?","?","R","E","R","T","?","E","R","?","M","R","BOSS","M","$","?","?","?","E","R","M","T","M","$","R","E","?","R","BOSS"],"build_version":"2018-09-06","purchased_purges":1,"victory":false,"max_hp_per_floor":[70,70,70,70,70,70,70,70,70,70,70,70,70,70,70,70,70,70,70,70,70,70,70,70,70,70,70,70,70,70,70,70,70],"card_choices":[{"not_picked":["Outmaneuver","PiercingWail"],"picked":"Poisoned Stab","floor":1},{"not_picked":["Riddle With Holes","Prepared","Bouncing Flask"],"picked":"SKIP","floor":5},{"not_picked":["Riddle With Holes","Bouncing Flask","Slice"],"picked":"SKIP","floor":7},{"not_picked":["Acrobatics","Flechettes","Dodge and Roll"],"picked":"SKIP","floor":10},{"not_picked":["Skewer","Eviscerate"],"picked":"All Out Attack","floor":11},{"not_picked":["Slice","Caltrops"],"picked":"Deadly Poison","floor":14},{"not_picked":["Doppelganger","Grand Finale"],"picked":"Phantasmal Killer","floor":16},{"not_picked":["Caltrops","Dagger Throw"],"picked":"Deadly Poison","floor":18},{"not_picked":["Flying Knee","Slice","Outmaneuver"],"picked":"SKIP","floor":23},{"not_picked":["Sucker Punch","Bouncing Flask"],"picked":"Deadly Poison+1","floor":25},{"not_picked":["Malaise","Poisoned Stab"],"picked":"Deflect","floor":27},{"not_picked":["Outmaneuver","Blade Dance"],"picked":"Backflip","floor":30}],"player_experience":249379,"relics_obtained":[{"floor":7,"key":"Orichalcum"},{"floor":9,"key":"The Courier"},{"floor":11,"key":"Shuriken"},{"floor":21,"key":"Juzu Bracelet"},{"floor":23,"key":"Peace Pipe"},{"floor":26,"key":"Paper Crane"},{"floor":30,"key":"PreservedInsect"}],"event_choices":[{"event_name":"The Cleric","player_choice":"Card Removal","floor":2,"damage_taken":0},{"event_name":"Golden Idol","player_choice":"Take Wound","floor":3,"damage_taken":0},{"event_name":"Golden Wing","player_choice":"Card Removal","floor":4,"damage_taken":0},{"event_name":"Living Wall","player_choice":"Forget","floor":13,"damage_taken":0},{"event_name":"Addict","player_choice":"Stole Relic","floor":20,"damage_taken":0},{"event_name":"Accursed Blacksmith","player_choice":"Forge","floor":22,"damage_taken":0},{"event_name":"Beggar","player_choice":"Ignored","floor":31,"damage_taken":0}],"is_beta":false,"boss_relics":[{"not_picked":["Runic Dome","White Beast Statue"],"picked":"WristBlade"}],"items_purged_floors":[28],"is_endless":false,"potions_floor_spawned":[7,11,14,16,25,27,30],"killed_by":"Collector","ascension_level":3}