{"gold_per_floor":[110,60,70,70,88,88,113,113,113,124,124,137,167,167,167,263,263,280,280,137,149,159,159,173,199,254,266,278,320,350,392,404,514,526,553,266,285,0,0,0,0,13,13,13],"floor_reached":44,"playtime":2845,"items_purged":["Regret","Regret"],"score":663,"play_id":"e0324d9a-1bea-472a-adb5-ae8055e0b03c","local_time":"20181001084801","is_ascension_mode":true,"campfire_choices":[{"data":"Blade Dance","floor":6,"key":"SMITH"},{"data":"Accuracy","floor":8,"key":"SMITH"},{"data":"Envenom","floor":11,"key":"SMITH"},{"data":"Blade Dance","floor":15,"key":"SMITH"},{"data":"Blade Dance","floor":23,"key":"SMITH"},{"floor":28,"key":"REST"},{"floor":32,"key":"REST"},{"data":"Storm of Steel","floor":40,"key":"SMITH"}],"neow_cost":"","seed_source_timestamp":1303083368937870,"circlet_count":0,"master_deck":["Defend_G","Defend_G","Defend_G","Defend_G","Defend_G","Strike_G","Survivor","Neutralize+1","Blade Dance+1","Cloak And Dagger","Blade Dance+1","Accuracy+1","Envenom+1","Backflip","Die Die Die","Injury","Dagger Spray+1","Leg Sweep","Accuracy","Footwork+1","Blade Dance+1","Infinite Blades","Finisher","Cloak And Dagger","Storm of Steel+1","PiercingWail+1","Deflect+1","Deflect","Backflip+1","All Out Attack+1","Footwork+1"],"relics":["Ring of the Snake","Meat on the Bone","Girya","Question Card","FaceOfCleric","Calling Bell","Bag of Preparation","Blue Candle","Mango","Juzu Bracelet","MawBank","Enchiridion","Prayer Wheel","PreservedInsect","Empty Cage","Oddly Smooth Stone","Red Mask","Singing Bowl","Pantograph"],"potions_floor_usage":[7,13,16,18,29,29,33,37,42,42,44],"damage_taken":[{"damage":0,"enemies":"2 Louse","floor":1,"turns":4},{"damage":0,"enemies":"Small Slimes","floor":3,"turns":3},{"damage":0,"enemies":"Cultist","floor":5,"turns":4},{"damage":27,"enemies":"Gremlin Nob","floor":7,"turns":5},{"damage":0,"enemies":"Blue Slaver","floor":10,"turns":2},{"damage":6,"enemies":"Exordium Wildlife","floor":12,"turns":2},{"damage":2,"enemies":"Lagavulin","floor":13,"turns":5},{"damage":19,"enemies":"The Guardian","floor":16,"turns":12},{"damage":2,"enemies":"Chosen","floor":18,"turns":4},{"damage":2,"enemies":"3 Byrds","floor":21,"turns":5},{"damage":47,"enemies":"Snecko","floor":22,"turns":7},{"damage":2,"enemies":"3 Cultists","floor":24,"turns":5},{"damage":23,"enemies":"Book of Stabbing","floor":29,"turns":7},{"damage":7,"enemies":"Centurion and Healer","floor":30,"turns":4},{"damage":27,"enemies":"Gremlin Leader","floor":31,"turns":7},{"damage":26,"enemies":"Automaton","floor":33,"turns":8},{"damage":37,"enemies":"3 Shapes","floor":35,"turns":8},{"damage":7,"enemies":"Orb Walker","floor":37,"turns":4},{"damage":13,"enemies":"Spire Growth","floor":42,"turns":4},{"damage":76,"enemies":"Giant Head","floor":44,"turns":8}],"seed_played":"3625019159070085011","potions_obtained":[{"floor":5,"key":"SteroidPotion"},{"floor":10,"key":"EssenceOfSteel"},{"floor":12,"key":"Weak Potion"},{"floor":16,"key":"EssenceOfSteel"},{"floor":21,"key":"LiquidBronze"},{"floor":22,"key":"Swift Potion"},{"floor":31,"key":"Swift Potion"},{"floor":33,"key":"SpeedPotion"},{"floor":35,"key":"Energy Potion"},{"floor":41,"key":"Strength Potion"},{"floor":41,"key":"PowerPotion"}],"is_trial":false,"path_per_floor":["M","?","M","?","M","R","E","R","T","M","R","M","E","?","R","B",null,"M","?","$","M","M","R","M","T","T","?","R","E","M","E","R","B",null,"M","$","M","?","?","R","?","M","T"],"character_chosen":"THE_SILENT","items_purchased":["Accuracy","Deflect","Oddly Smooth Stone"],"campfire_rested":2,"item_purchase_floors":[20,36,36],"current_hp_per_floor":[63,63,63,63,63,63,36,36,36,36,36,42,40,40,40,34,76,75,75,75,74,40,40,51,51,51,35,61,51,57,43,70,57,84,48,48,54,54,54,54,54,56,56,0],"gold":13,"neow_bonus":"","is_prod":false,"is_daily":false,"chose_seed":false,"campfire_upgraded":6,"win_rate":0,"timestamp":1538351281,"path_taken":["M","?","M","?","M","R","E","R","T","M","R","?","E","?","R","BOSS","M","?","$","M","?","R","M","?","T","?","R","E","M","E","R","BOSS","M","$","M","?","?","R","?","M","T","E"],"build_version":"2018-09-27","purchased_purges":2,"victory":false,"max_hp_per_floor":[70,70,70,70,70,70,70,70,70,70,70,70,70,70,70,71,85,86,86,86,87,88,88,89,89,89,89,89,90,91,92,92,93,93,94,94,95,95,95,95,95,98,98,98],"card_choices":[{"not_picked":["Deadly Poison","Backflip"],"picked":"Blade Dance","floor":1},{"not_picked":["Prepared","PiercingWail"],"picked":"Cloak And Dagger","floor":3},{"not_picked":["Backflip","Acrobatics"],"picked":"Blade Dance","floor":5},{"not_picked":["Expertise","Slice"],"picked":"Accuracy","floor":7},{"not_picked":["PiercingWail","Slice"],"picked":"Envenom","floor":10},{"not_picked":["Endless Agony","Choke"],"picked":"Backflip","floor":12},{"not_picked":["Underhanded Strike","Dagger Throw","Concentrate"],"picked":"SKIP","floor":13},{"not_picked":["Unload","Glass Knife","Venomology"],"picked":"Die Die Die","floor":16},{"not_picked":["Acrobatics+1","Heel Hook","Dodge and Roll"],"picked":"Dagger Spray+1","floor":18},{"not_picked":["Underhanded Strike+1","Flying Knee+1","Riddle With Holes"],"picked":"Footwork+1","floor":21},{"not_picked":["Prepared","Quick Slash+1","Dagger Throw"],"picked":"Blade Dance","floor":22},{"not_picked":["Footwork","Prepared","Doppelganger"],"picked":"Infinite Blades","floor":24},{"not_picked":["Endless Agony","Bane","Heel Hook"],"picked":"Finisher","floor":29},{"not_picked":["Blade Dance","Dagger Throw","Bane"],"picked":"Cloak And Dagger","floor":30},{"not_picked":["Crippling Poison","Blade Dance+1","Acrobatics","Prepared"],"picked":"SKIP","floor":30},{"not_picked":["Tactician","Accuracy","Dagger Spray","Terror"],"picked":"SKIP","floor":31},{"not_picked":["Doppelganger","Corpse Explosion","Unload"],"picked":"Storm of Steel","floor":33},{"not_picked":["Eviscerate","Backflip+1","Setup"],"picked":"PiercingWail+1","floor":35},{"not_picked":["Eviscerate+1","Blade Dance","All Out Attack+1"],"picked":"Deflect+1","floor":35},{"not_picked":["Acrobatics+1","Dagger Throw+1","Sucker Punch+1"],"picked":"Backflip+1","floor":37},{"not_picked":["Caltrops","Malaise","PiercingWail"],"picked":"All Out Attack+1","floor":37},{"not_picked":["Sucker Punch+1","Noxious Fumes+1","Crippling Poison","Dagger Spray+1"],"picked":"Singing Bowl","floor":42},{"not_picked":["Expertise","Distraction+1","Dagger Spray+1"],"picked":"Footwork+1","floor":42}],"player_experience":329248,"relics_obtained":[{"floor":7,"key":"Meat on the Bone"},{"floor":9,"key":"Girya"},{"floor":13,"key":"Question Card"},{"floor":17,"key":"Bag of Preparation"},{"floor":17,"key":"Blue Candle"},{"floor":17,"key":"Mango"},{"floor":25,"key":"Juzu Bracelet"},{"floor":26,"key":"MawBank"},{"floor":27,"key":"Enchiridion"},{"floor":29,"key":"Prayer Wheel"},{"floor":31,"key":"PreservedInsect"},{"floor":39,"key":"Singing Bowl"},{"floor":43,"key":"Pantograph"}],"event_choices":[{"event_name":"The Cleric","player_choice":"Card Removal","floor":2,"damage_taken":0},{"event_name":"Accursed Blacksmith","player_choice":"Forge","floor":4,"damage_taken":0},{"event_name":"FaceTrader","player_choice":"Trade","floor":14,"damage_taken":0},{"event_name":"Transmorgrifier","player_choice":"Transform","floor":19,"damage_taken":0},{"event_name":"Cursed Tome","player_choice":"Obtained Book","floor":27,"damage_taken":0},{"event_name":"Tomb of Lord Red Mask","player_choice":"Paid","floor":38,"damage_taken":0},{"event_name":"Wheel of Change","player_choice":"Relic","floor":39,"damage_taken":0},{"event_name":"The Lab","player_choice":"Got Potions","floor":41,"damage_taken":0}],"is_beta":false,"boss_relics":[{"not_picked":["Busted Crown","Pandora\u0027s Box"],"picked":"Calling Bell"},{"not_picked":["Fusion Hammer","Orrery"],"picked":"Empty Cage"}],"items_purged_floors":[20,36],"is_endless":false,"potions_floor_spawned":[5,10,12,16,21,22,31,33,35],"killed_by":"Giant Head","ascension_level":8}