{"gold_per_floor":[113,131,185,202,220,220,232,232,256,267,267,295,295,311,311,410,410,425,439,439,354,12,12,46,46,46,46,46,56,56,67,67,67],"floor_reached":33,"playtime":1392,"items_purged":[],"score":307,"play_id":"572000f4-7103-415b-a3e4-1f5eeff5cdc3","local_time":"20190502151443","is_ascension_mode":true,"campfire_choices":[{"data":"Bouncing Flask","floor":6.0,"key":"SMITH"},{"floor":11.0,"key":"REST"},{"floor":13.0,"key":"REST"},{"floor":15.0,"key":"REST"},{"floor":23,"key":"REST"},{"data":"Tools of the Trade","floor":25,"key":"SMITH"},{"data":"Neutralize","floor":27,"key":"SMITH"},{"floor":32,"key":"REST"}],"neow_cost":"NONE","seed_source_timestamp":0,"circlet_count":0,"master_deck":["Defend_G","Defend_G","Defend_G","Defend_G","Defend_G","Strike_G","Strike_G","Strike_G","Strike_G","Survivor","Neutralize+1","Deadly Poison","Flying Knee","Backflip","PiercingWail","Bouncing Flask+1","Deadly Poison","Quick Slash","Backflip","Tools of the Trade+1","Deadly Poison+1","Dodge and Roll+1","Catalyst","Acrobatics+1","RitualDagger","Deflect","Writhe","Dodge and Roll+1","Terror"],"special_seed":0,"relics":["Ring of the Snake","Lantern","Ancient Tea Set","Philosopher\u0027s Stone","Pear","TwistedFunnel","Potion Belt","Gambling Chip","Ornamental Fan","Dream Catcher"],"potions_floor_usage":[33,33,33],"damage_taken":[{"damage":0.0,"enemies":"Cultist","floor":1.0,"turns":4.0},{"damage":4.0,"enemies":"Jaw Worm","floor":2.0,"turns":5.0},{"damage":7.0,"enemies":"Small Slimes","floor":4.0,"turns":3.0},{"damage":18.0,"enemies":"Exordium Wildlife","floor":5.0,"turns":6.0},{"damage":1.0,"enemies":"2 Fungi Beasts","floor":7.0,"turns":3.0},{"damage":3.0,"enemies":"Blue Slaver","floor":10.0,"turns":3.0},{"damage":44.0,"enemies":"Lagavulin","floor":12.0,"turns":6.0},{"damage":0.0,"enemies":"3 Louse","floor":14.0,"turns":2.0},{"damage":23.0,"enemies":"The Guardian","floor":16.0,"turns":7.0},{"damage":12.0,"enemies":"3 Byrds","floor":18.0,"turns":4.0},{"damage":21,"enemies":"2 Thieves","floor":19,"turns":4},{"damage":18,"enemies":"Gremlin Leader","floor":24,"turns":5},{"damage":10,"enemies":"Centurion and Healer","floor":29,"turns":5},{"damage":19,"enemies":"Snake Plant","floor":31,"turns":2},{"damage":44,"enemies":"Collector","floor":33,"turns":5}],"seed_played":"3879641501721724269","potions_obtained":[{"floor":1.0,"key":"Weak Potion"},{"floor":2.0,"key":"Explosive Potion"},{"floor":7.0,"key":"SpeedPotion"},{"floor":29,"key":"AttackPotion"}],"is_trial":false,"path_per_floor":["M","M","T","M","M","R","M","?","T","M","R","E","R","M","R","B",null,"M","M","?","?","$","R","E","R","T","R","?","M","?","M","R","B"],"character_chosen":"THE_SILENT","items_purchased":["TwistedFunnel","Potion Belt"],"campfire_rested":5,"item_purchase_floors":[22,22],"current_hp_per_floor":[70,66,66,59,41,41,40,33,33,30,51,7,28,28,49,26,70,58,37,37,47,47,71,53,53,53,53,47,37,37,18,42,0],"gold":67,"neow_bonus":"THREE_CARDS","is_prod":false,"is_daily":false,"chose_seed":false,"campfire_upgraded":3,"win_rate":0,"timestamp":1556766883,"path_taken":["M","M","?","M","M","R","M","?","T","M","R","E","R","M","R","BOSS","M","M","?","?","$","R","E","R","T","R","?","M","?","M","R","BOSS"],"build_version":"2019-01-23","purchased_purges":0,"victory":false,"max_hp_per_floor":[70,70,70,70,70,70,70,70,70,70,70,70,70,70,70,70,70,70,70,70,80,80,80,80,80,80,80,80,80,80,80,80,80],"card_choices":[{"not_picked":["Cloak And Dagger","Slice"],"picked":"Deadly Poison","floor":0.0},{"not_picked":["Setup","Dodge and Roll"],"picked":"Flying Knee","floor":1.0},{"not_picked":["Slice","Terror"],"picked":"Backflip","floor":2.0},{"not_picked":["Underhanded Strike","Acrobatics"],"picked":"PiercingWail","floor":4.0},{"not_picked":["Quick Slash","Dagger Throw"],"picked":"Bouncing Flask","floor":5.0},{"not_picked":["All Out Attack","Endless Agony","Blade Dance"],"picked":"SKIP","floor":7.0},{"not_picked":["Setup","Tactician"],"picked":"Deadly Poison","floor":10.0},{"not_picked":["Underhanded Strike","Eviscerate"],"picked":"Quick Slash","floor":12.0},{"not_picked":["Endless Agony","Leg Sweep"],"picked":"Backflip","floor":14.0},{"not_picked":["Doppelganger","Grand Finale"],"picked":"Tools of the Trade","floor":16.0},{"not_picked":["Dagger Throw","Tactician"],"picked":"Deadly Poison+1","floor":18},{"not_picked":["Predator+1","Deadly Poison"],"picked":"Dodge and Roll+1","floor":19},{"not_picked":["Slice","Bane"],"picked":"Acrobatics+1","floor":24},{"not_picked":["Deadly Poison","Slice"],"picked":"Deflect","floor":29},{"not_picked":["Bane","PiercingWail"],"picked":"Dodge and Roll+1","floor":31},{"not_picked":["Poisoned Stab","Choke"],"picked":"Terror","floor":32}],"player_experience":149699,"relics_obtained":[{"floor":9.0,"key":"Lantern"},{"floor":12.0,"key":"Ancient Tea Set"},{"floor":24,"key":"Gambling Chip"},{"floor":26,"key":"Ornamental Fan"}],"event_choices":[{"cards_removed":["Strike_G"],"damage_healed":0.0,"max_hp_gain":0.0,"max_hp_loss":0.0,"gold_gain":0.0,"event_name":"Golden Wing","player_choice":"Card Removal","floor":8.0,"gold_loss":0.0,"damage_taken":7.0},{"damage_healed":0,"gold_gain":0,"player_choice":"Read","damage_taken":0,"max_hp_gain":0,"max_hp_loss":0,"event_name":"The Library","floor":20,"gold_loss":0,"cards_obtained":["Catalyst"]},{"damage_healed":0,"gold_gain":0,"player_choice":"Obtained Relic","damage_taken":0,"relics_obtained":["Pear"],"max_hp_gain":0,"max_hp_loss":0,"event_name":"Addict","floor":21,"gold_loss":85},{"damage_healed":0,"gold_gain":0,"player_choice":"Joined the Cult","damage_taken":6,"max_hp_gain":0,"max_hp_loss":0,"event_name":"Nest","floor":28,"gold_loss":0,"cards_obtained":["RitualDagger"]},{"damage_healed":0,"gold_gain":0,"player_choice":"Opened","damage_taken":0,"relics_obtained":["Dream Catcher"],"max_hp_gain":0,"max_hp_loss":0,"event_name":"The Mausoleum","floor":30,"gold_loss":0,"cards_obtained":["Writhe"]}],"is_beta":false,"boss_relics":[{"not_picked":["Snecko Eye","Busted Crown"],"picked":"Philosopher\u0027s Stone"}],"items_purged_floors":[],"is_endless":false,"potions_floor_spawned":[1,2,7,12,29],"killed_by":"Collector","ascension_level":3}