{"gold_per_floor":[116,116,76,89,105,105,116,116,116,116,36,46,80,80,80,178,178,197,197,185,204,223,253,270,303,303,303,314,330,330,148,148,250,250,260,271,181,199,251,251,266,266,292,392,392,419,419,430,430,430,430,430,52,81,81],"floor_reached":55,"playtime":3264,"items_purged":["Strike_G","Strike_G"],"score":739,"play_id":"656fcd3a-86a0-4c3a-9d00-5a37b88e22e2","local_time":"20190505001347","is_ascension_mode":false,"campfire_choices":[{"data":"Footwork","floor":6,"key":"SMITH"},{"data":"Dodge and Roll","floor":8,"key":"SMITH"},{"data":"Dagger Spray","floor":10,"key":"SMITH"},{"data":"Backflip","floor":15,"key":"SMITH"},{"floor":30,"key":"REST"},{"data":"Well Laid Plans","floor":32,"key":"SMITH"},{"floor":40,"key":"REST"},{"floor":42,"key":"REST"},{"floor":45,"key":"RECALL"},{"floor":47,"key":"REST"},{"data":"Bouncing Flask","floor":49,"key":"SMITH"},{"data":"Footwork","floor":52,"key":"SMITH"}],"neow_cost":"NONE","seed_source_timestamp":1657311057771995,"circlet_count":0,"master_deck":["Defend_G","Defend_G","Defend_G+1","Strike_G","Strike_G","Survivor","Neutralize","Dagger Spray+1","Footwork+1","Dodge and Roll+1","Catalyst","Footwork+1","Deadly Poison","Backflip+1","Adrenaline","Dodge and Roll+1","Dash+1","Backflip","Bouncing Flask+1","Well Laid Plans+1","Backflip","Backflip+1","Escape Plan","Leg Sweep+1","Unload+1","Poisoned Stab+1","Footwork","Wraith Form v2","Wraith Form v2","Poisoned Stab+1"],"relics":["Ring of the Snake","Meat on the Bone","Dodecahedron","Busted Crown","Question Card","Shuriken","Bottled Tornado","Molten Egg 2","Empty Cage","Girya","Calipers","Bag of Marbles","DollysMirror"],"potions_floor_usage":[20,25,25,28,39,39,46,46,55],"damage_taken":[{"damage":0,"enemies":"2 Louse","floor":1,"turns":4},{"damage":1,"enemies":"Jaw Worm","floor":4,"turns":6},{"damage":9,"enemies":"Cultist","floor":5,"turns":5},{"damage":5,"enemies":"Red Slaver","floor":7,"turns":5},{"damage":0,"enemies":"3 Louse","floor":12,"turns":2},{"damage":31,"enemies":"Gremlin Nob","floor":13,"turns":6},{"damage":36,"enemies":"Hexaghost","floor":16,"turns":14},{"damage":0,"enemies":"3 Byrds","floor":18,"turns":6},{"damage":0,"enemies":"2 Thieves","floor":20,"turns":4},{"damage":6,"enemies":"Snake Plant","floor":21,"turns":6},{"damage":3,"enemies":"Centurion and Healer","floor":22,"turns":10},{"damage":27,"enemies":"Slavers","floor":23,"turns":12},{"damage":2,"enemies":"Sentry and Sphere","floor":24,"turns":9},{"damage":21,"enemies":"Book of Stabbing","floor":25,"turns":13},{"damage":0,"enemies":"3 Cultists","floor":28,"turns":8},{"damage":29,"enemies":"Cultist and Chosen","floor":29,"turns":5},{"damage":2,"enemies":"Automaton","floor":33,"turns":16},{"damage":0,"enemies":"3 Shapes","floor":35,"turns":7},{"damage":17,"enemies":"3 Darklings","floor":36,"turns":6},{"damage":11,"enemies":"Writhing Mass","floor":38,"turns":6},{"damage":61,"enemies":"2 Orb Walkers","floor":39,"turns":8},{"damage":20,"enemies":"4 Shapes","floor":41,"turns":7},{"damage":0,"enemies":"Mind Bloom Boss Battle","floor":44,"turns":8},{"damage":46,"enemies":"Reptomancer","floor":46,"turns":7},{"damage":10,"enemies":"Transient","floor":48,"turns":5},{"damage":28,"enemies":"Donu and Deca","floor":50,"turns":15},{"damage":0,"enemies":"Shield and Spear","floor":54,"turns":10},{"damage":79,"enemies":"The Heart","floor":55,"turns":12}],"seed_played":"-2781115173472240605","potions_obtained":[{"floor":3,"key":"Explosive Potion"},{"floor":3,"key":"EntropicBrew"},{"floor":3,"key":"AttackPotion"},{"floor":7,"key":"Block Potion"},{"floor":20,"key":"GhostInAJar"},{"floor":28,"key":"Explosive Potion"},{"floor":36,"key":"PowerPotion"},{"floor":39,"key":"Block Potion"},{"floor":44,"key":"Fire Potion"},{"floor":48,"key":"GamblersBrew"},{"floor":54,"key":"Poison Potion"}],"is_trial":false,"path_per_floor":["M","?","?","M","M","R","M","R","T","R","$","M","E","$","R","B",null,"M","?","M","M","M","E","M","E","T","?","M","M","R","$","R","B",null,"M","M","?","M","?","R","M","R","T","?","R","E","R","M","R","B",null,"R","$","E","B"],"character_chosen":"THE_SILENT","items_purchased":["Footwork","Well Laid Plans","Backflip","Wraith Form v2","DollysMirror"],"campfire_rested":4,"item_purchase_floors":[11,31,31,53,53],"current_hp_per_floor":[77,77,77,76,67,67,62,62,62,62,62,62,43,43,43,19,77,77,77,77,71,68,41,39,30,30,30,42,25,48,48,48,46,77,77,60,60,49,19,42,34,57,57,57,57,23,46,48,48,32,77,77,77,77,0],"gold":81,"neow_bonus":"TEN_PERCENT_HP_BONUS","is_prod":false,"is_daily":false,"chose_seed":false,"campfire_upgraded":7,"win_rate":0,"timestamp":1556972027,"path_taken":["M","?","?","M","?","R","M","R","T","R","$","M","E","?","R","BOSS","M","?","M","M","M","E","M","E","T","?","M","?","R","$","R","BOSS","M","?","?","?","?","R","M","R","T","?","R","E","R","M","R","BOSS","R","$","E","BOSS"],"build_version":"2019-01-23","purchased_purges":2,"victory":false,"max_hp_per_floor":[77,77,77,77,77,77,77,77,77,77,77,77,77,77,77,77,77,77,77,77,77,77,77,77,77,77,77,77,77,77,77,77,77,77,77,77,77,77,77,77,77,77,77,77,77,77,77,77,77,77,77,77,77,77,77],"card_choices":[{"not_picked":["Dodge and Roll","Outmaneuver"],"picked":"Dagger Spray","floor":1},{"not_picked":["Underhanded Strike","Blur"],"picked":"Footwork","floor":4},{"not_picked":["Blade Dance","Masterful Stab"],"picked":"Dodge and Roll","floor":5},{"not_picked":["Accuracy","Slice"],"picked":"Catalyst","floor":7},{"not_picked":["Dagger Throw","Dash"],"picked":"Deadly Poison","floor":12},{"not_picked":["Finisher","Envenom"],"picked":"Backflip","floor":13},{"not_picked":["Malaise","Die Die Die"],"picked":"Adrenaline","floor":16},{"not_picked":["Choke+1"],"picked":"SKIP","floor":18},{"not_picked":["Acrobatics"],"picked":"Dodge and Roll+1","floor":20},{"not_picked":["Acrobatics"],"picked":"Dash+1","floor":21},{"not_picked":["Acrobatics"],"picked":"Backflip","floor":22},{"not_picked":["Cloak And Dagger","Flechettes"],"picked":"SKIP","floor":23},{"not_picked":["Calculated Gamble","Blade Dance"],"picked":"SKIP","floor":24},{"not_picked":["All Out Attack","Cloak And Dagger"],"picked":"SKIP","floor":25},{"not_picked":["Flechettes+1"],"picked":"Bouncing Flask","floor":28},{"not_picked":["Flechettes+1","Outmaneuver"],"picked":"SKIP","floor":29},{"not_picked":["Sucker Punch+1"],"picked":"Backflip+1","floor":35},{"not_picked":["Bane+1"],"picked":"Escape Plan","floor":36},{"not_picked":["Sucker Punch+1","Backstab+1"],"picked":"SKIP","floor":38},{"not_picked":["Dagger Spray+1"],"picked":"Leg Sweep+1","floor":39},{"not_picked":["Poisoned Stab+1"],"picked":"Unload+1","floor":41},{"not_picked":["Masterful Stab+1"],"picked":"Poisoned Stab+1","floor":44},{"not_picked":["All Out Attack+1"],"picked":"Footwork","floor":46},{"not_picked":["Setup+1","Quick Slash+1"],"picked":"SKIP","floor":48},{"not_picked":["Backflip"],"picked":"Poisoned Stab+1","floor":54}],"player_experience":184874,"relics_obtained":[{"floor":9,"key":"Meat on the Bone"},{"floor":13,"key":"Dodecahedron"},{"floor":23,"key":"Shuriken"},{"floor":25,"key":"Bottled Tornado"},{"floor":26,"key":"Molten Egg 2"},{"floor":39,"key":"Girya"},{"floor":44,"key":"Calipers"},{"floor":46,"key":"Bag of Marbles"}],"event_choices":[{"damage_healed":0,"gold_gain":0,"player_choice":"Leave","damage_taken":0,"max_hp_gain":0,"max_hp_loss":0,"event_name":"The Cleric","floor":2,"gold_loss":0},{"damage_healed":0,"gold_gain":0,"player_choice":"Bought 3 Potions","damage_taken":0,"max_hp_gain":0,"max_hp_loss":0,"event_name":"The Woman in Blue","floor":3,"gold_loss":0},{"damage_healed":0,"gold_gain":0,"player_choice":"Opened","damage_taken":0,"relics_obtained":["Question Card"],"max_hp_gain":0,"max_hp_loss":0,"event_name":"The Mausoleum","floor":19,"gold_loss":0,"cards_obtained":["Writhe"]},{"cards_removed":["Defend_G"],"damage_healed":0,"gold_gain":0,"player_choice":"Purged","damage_taken":0,"max_hp_gain":0,"max_hp_loss":0,"event_name":"Purifier","floor":27,"gold_loss":0},{"cards_removed":["Defend_G"],"damage_healed":0,"gold_gain":0,"player_choice":"Upgrade and Remove","damage_taken":0,"max_hp_gain":0,"max_hp_loss":0,"event_name":"Designer","floor":37,"gold_loss":90,"cards_upgraded":["Defend_G"]},{"damage_healed":0,"gold_gain":0,"player_choice":"Fight","damage_taken":0,"max_hp_gain":0,"max_hp_loss":0,"event_name":"Mysterious Sphere","floor":39,"gold_loss":0},{"damage_healed":0,"gold_gain":0,"player_choice":"Fight","damage_taken":0,"max_hp_gain":0,"max_hp_loss":0,"event_name":"MindBloom","floor":44,"gold_loss":0}],"is_beta":false,"boss_relics":[{"not_picked":["Runic Pyramid","HoveringKite"],"picked":"Busted Crown"},{"not_picked":["Cursed Key","WristBlade"],"picked":"Empty Cage"}],"items_purged_floors":[31,53],"is_endless":false,"potions_floor_spawned":[7,12,13,16,18,20,22,28,36,38,39,44,48,54],"killed_by":"The Heart","ascension_level":0}