{"gold_per_floor":[118,38,54,68,78,78,110,110,179,179,209,209,226,241,241,343,343,355,339,339,354,354,354,366,366],"floor_reached":25,"playtime":1050,"items_purged":[],"score":215,"play_id":"5e0f33e2-498d-47da-84f0-f2260ec9f8a0","local_time":"20190419173147","is_ascension_mode":false,"campfire_choices":[{"data":"Fusion","floor":6,"key":"SMITH"},{"floor":8,"key":"REST"},{"floor":12,"key":"REST"},{"floor":15,"key":"REST"},{"floor":23,"key":"REST"}],"neow_cost":"NONE","seed_source_timestamp":339423814065271,"circlet_count":0,"master_deck":["Strike_B","Strike_B","Strike_B","Strike_B","Defend_B","Defend_B","Defend_B","Defend_B","Zap","Dualcast","Fusion+1","Storm","Static Discharge","Thunder Strike","Go for the Eyes","Heatsinks","Rip and Tear","Amplify","Chill+1","Glacier+1","Ball Lightning","Coolheaded","Writhe","Redo"],"relics":["Cracked Core","NeowsBlessing","Peace Pipe","Shuriken","Strawberry","Mummified Hand","Cursed Key","Omamori"],"potions_floor_usage":[],"damage_taken":[{"damage":0,"enemies":"Small Slimes","floor":1,"turns":1},{"damage":0,"enemies":"Cultist","floor":3,"turns":1},{"damage":0,"enemies":"2 Louse","floor":4,"turns":1},{"damage":10,"enemies":"2 Fungi Beasts","floor":5,"turns":4},{"damage":44,"enemies":"Lagavulin","floor":7,"turns":7},{"damage":39,"enemies":"3 Sentries","floor":11,"turns":6},{"damage":17,"enemies":"Exordium Thugs","floor":13,"turns":4},{"damage":5,"enemies":"Exordium Wildlife","floor":14,"turns":3},{"damage":33,"enemies":"The Guardian","floor":16,"turns":7},{"damage":26,"enemies":"Shell Parasite","floor":18,"turns":4},{"damage":19,"enemies":"2 Thieves","floor":19,"turns":4},{"damage":23,"enemies":"Snake Plant","floor":21,"turns":4},{"damage":9,"enemies":"Snecko","floor":24,"turns":5},{"damage":36,"enemies":"3 Cultists","floor":25,"turns":4}],"seed_played":"-379977635486621335","potions_obtained":[{"floor":1,"key":"Swift Potion"},{"floor":4,"key":"AttackPotion"},{"floor":7,"key":"FearPotion"},{"floor":11,"key":"Energy Potion"},{"floor":19,"key":"Explosive Potion"}],"is_trial":false,"path_per_floor":["M","$","M","M","M","R","E","R","T","?","E","R","M","M","R","B",null,"M","M","?","M","?","R","M","M"],"character_chosen":"DEFECT","items_purchased":["Storm"],"campfire_rested":4,"item_purchase_floors":[2],"current_hp_per_floor":[75,75,75,75,65,65,21,43,43,50,11,35,18,13,37,4,82,56,37,37,14,14,38,29,0],"gold":366,"neow_bonus":"THREE_ENEMY_KILL","is_prod":false,"is_daily":false,"chose_seed":false,"campfire_upgraded":1,"win_rate":0.0,"timestamp":1555651907,"path_taken":["M","$","M","M","M","R","E","R","T","?","E","R","?","?","R","BOSS","M","M","?","M","?","R","M","?"],"build_version":"2019-01-23","purchased_purges":0,"victory":false,"max_hp_per_floor":[75,75,75,75,75,75,75,75,75,82,82,82,82,82,82,82,82,82,82,82,82,82,82,82,82],"card_choices":[{"not_picked":["Gash","Compile Driver"],"picked":"Fusion","floor":1},{"not_picked":["Defragment","Scrape"],"picked":"Static Discharge","floor":3},{"not_picked":["FTL","Fusion"],"picked":"Stack","floor":4},{"not_picked":["Barrage","Streamline"],"picked":"Thunder Strike","floor":5},{"not_picked":["Reboot","Compile Driver","Beam Cell"],"picked":"SKIP","floor":7},{"not_picked":["Gash","Hologram"],"picked":"Go for the Eyes","floor":11},{"not_picked":["Hologram","Compile Driver"],"picked":"Heatsinks","floor":13},{"not_picked":["White Noise","Steam"],"picked":"Rip and Tear","floor":14},{"not_picked":["Multi-Cast","Biased Cognition"],"picked":"Amplify","floor":16},{"not_picked":["Force Field","Stack"],"picked":"Chill+1","floor":18},{"not_picked":["Consume","Ball Lightning"],"picked":"Glacier+1","floor":19},{"not_picked":["Scrape","Redo"],"picked":"Coolheaded","floor":21},{"not_picked":["Streamline","Sweeping Beam"],"picked":"Redo","floor":24}],"player_experience":6025,"relics_obtained":[{"floor":7,"key":"Peace Pipe"},{"floor":9,"key":"Shuriken"},{"floor":11,"key":"Mummified Hand"}],"event_choices":[{"cards_removed":["Stack"],"damage_healed":0,"gold_gain":0,"player_choice":"Gave Card","damage_taken":0,"relics_obtained":["Strawberry"],"max_hp_gain":0,"max_hp_loss":0,"event_name":"WeMeetAgain","floor":10,"gold_loss":0},{"damage_healed":0,"gold_gain":0,"player_choice":"Read","damage_taken":0,"max_hp_gain":0,"max_hp_loss":0,"event_name":"The Library","floor":20,"gold_loss":0,"cards_obtained":["Ball Lightning"]},{"damage_healed":0,"gold_gain":0,"player_choice":"Opened","damage_taken":0,"relics_obtained":["Omamori"],"max_hp_gain":0,"max_hp_loss":0,"event_name":"The Mausoleum","floor":22,"gold_loss":0,"cards_obtained":["Writhe"]}],"is_beta":false,"boss_relics":[{"not_picked":["Eternal Feather","Sozu"],"picked":"Cursed Key"}],"items_purged_floors":[],"is_endless":false,"potions_floor_spawned":[1,4,7,11,16,19,21,24],"killed_by":"3 Cultists","ascension_level":0}