{"gold_per_floor":[109,109,34,53,53,53,65,83,110,5,25,37,37,49,49,144,144,161,161],"floor_reached":19,"playtime":1339,"items_purged":["Defend_G"],"score":217,"play_id":"a39fa35b-fe31-4995-8f2d-1dfb4318d4ac","local_time":"20180921002428","is_ascension_mode":true,"campfire_choices":[{"data":"Neutralize","floor":6,"key":"SMITH"},{"data":"Noxious Fumes","floor":13,"key":"SMITH"},{"data":"Dagger Spray","floor":15,"key":"SMITH"}],"neow_cost":"NONE","seed_source_timestamp":410383982305370,"circlet_count":0,"master_deck":["Defend_G","Defend_G","Defend_G","Strike_G","Strike_G","Strike_G","Survivor","Neutralize+1","Deflect","PiercingWail","Noxious Fumes+1","Deadly Poison","Infinite Blades","Blade Dance","Footwork","Dagger Spray+1","Backflip","After Image","Poisoned Stab"],"relics":["Ring of the Snake","Bronze Scales","Bag of Marbles","Empty Cage"],"potions_floor_usage":[8,16,16],"damage_taken":[{"damage":8,"enemies":"Jaw Worm","floor":1,"turns":6},{"damage":0,"enemies":"2 Louse","floor":4,"turns":3},{"damage":0,"enemies":"Cultist","floor":7,"turns":4},{"damage":12,"enemies":"Large Slime","floor":8,"turns":9},{"damage":5,"enemies":"Blue Slaver","floor":11,"turns":3},{"damage":0,"enemies":"Exordium Thugs","floor":12,"turns":5},{"damage":0,"enemies":"3 Louse","floor":14,"turns":3},{"damage":21,"enemies":"Slime Boss","floor":16,"turns":7},{"damage":0,"enemies":"Spheric Guardian","floor":18,"turns":3},{"damage":18,"enemies":"Colosseum Slavers","floor":19,"turns":6},{"damage":61,"enemies":"Colosseum Nobs","floor":19,"turns":4}],"seed_played":"5585132509639445771","potions_obtained":[{"floor":1,"key":"EssenceOfSteel"},{"floor":7,"key":"FairyPotion"},{"floor":11,"key":"Swift Potion"},{"floor":12,"key":"AttackPotion"}],"is_trial":false,"path_per_floor":["M","?","$","M","?","R","M","M","T","$","M","M","R","M","R","B",null,"M"],"character_chosen":"THE_SILENT","items_purchased":["Infinite Blades","Blade Dance"],"campfire_rested":0,"item_purchase_floors":[10,10],"current_hp_per_floor":[55,70,70,70,63,63,63,51,51,51,46,46,46,46,46,25,59,59,0],"gold":161,"neow_bonus":"RANDOM_COMMON_RELIC","is_prod":false,"is_daily":false,"chose_seed":false,"campfire_upgraded":3,"win_rate":0,"timestamp":1537457068,"path_taken":["M","?","$","M","?","R","M","?","T","$","M","M","R","M","R","BOSS","M","?"],"build_version":"2018-09-06","purchased_purges":1,"victory":false,"max_hp_per_floor":[70,70,70,70,70,70,70,70,70,70,70,70,70,70,70,70,70,70,70],"card_choices":[{"not_picked":["Reflex","Blur"],"picked":"Deflect","floor":1},{"not_picked":["Bane","Deflect"],"picked":"PiercingWail","floor":4},{"not_picked":["Prepared","Expertise"],"picked":"Noxious Fumes","floor":7},{"not_picked":["Accuracy","PiercingWail"],"picked":"Deadly Poison","floor":8},{"not_picked":["Blade Dance","Deadly Poison"],"picked":"Footwork","floor":11},{"not_picked":["Footwork","Blur"],"picked":"Dagger Spray","floor":12},{"not_picked":["Dagger Spray","Distraction"],"picked":"Backflip","floor":14},{"not_picked":["Adrenaline","Phantasmal Killer"],"picked":"After Image","floor":16},{"not_picked":["Predator","Backstab"],"picked":"Poisoned Stab","floor":18}],"player_experience":308366,"relics_obtained":[{"floor":9,"key":"Bag of Marbles"}],"event_choices":[{"event_name":"Big Fish","player_choice":"Banana","floor":2,"damage_taken":0},{"event_name":"Golden Wing","player_choice":"Card Removal","floor":5,"damage_taken":0},{"event_name":"Colosseum","player_choice":"Fight","floor":19,"damage_taken":0},{"event_name":"Colosseum","player_choice":"Fought Nobs","floor":19,"damage_taken":0}],"is_beta":false,"boss_relics":[{"not_picked":["Velvet Choker","White Beast Statue"],"picked":"Empty Cage"}],"items_purged_floors":[3],"is_endless":false,"potions_floor_spawned":[1,7,11,12,19],"killed_by":"Colosseum Nobs","ascension_level":7}