{"gold_per_floor":[365,138,138,154,170,170,232,232,232,132,232,242,242,417,417,515,515,528,546,546],"floor_reached":20,"playtime":1210,"items_purged":["Doubt","Strike_G"],"score":170,"play_id":"c62f04de-b201-4787-9dff-e34973fce344","local_time":"20180905012814","is_ascension_mode":true,"campfire_choices":[{"data":"Distraction","floor":6.0,"key":"SMITH"},{"data":"Poisoned Stab","floor":8.0,"key":"SMITH"},{"data":"Neutralize","floor":13.0,"key":"SMITH"},{"data":"All Out Attack","floor":15.0,"key":"SMITH"}],"neow_cost":"CURSE","seed_source_timestamp":0,"circlet_count":0,"master_deck":["Defend_G","Defend_G","Defend_G","Defend_G+1","Defend_G","Strike_G+1","Strike_G","Strike_G","Strike_G","Survivor","Neutralize+1","Poisoned Stab+1","All Out Attack+1","Distraction+1","Cloak And Dagger","Wraith Form v2"],"special_seed":0,"relics":["Ring of the Snake","Omamori","Happy Flower","Kunai","Black Star"],"potions_floor_usage":[20],"damage_taken":[{"damage":2.0,"enemies":"Small Slimes","floor":1.0,"turns":4.0},{"damage":0.0,"enemies":"Jaw Worm","floor":4.0,"turns":3.0},{"damage":0.0,"enemies":"Cultist","floor":5.0,"turns":3.0},{"damage":3.0,"enemies":"3 Sentries","floor":7.0,"turns":9.0},{"damage":0.0,"enemies":"Looter","floor":12.0,"turns":3.0},{"damage":29.0,"enemies":"Slime Boss","floor":16.0,"turns":10.0},{"damage":3.0,"enemies":"Chosen","floor":18.0,"turns":5.0},{"damage":23.0,"enemies":"Shell Parasite","floor":19.0,"turns":8.0},{"damage":9,"enemies":"Colosseum Slavers","floor":20,"turns":5},{"damage":55,"enemies":"Colosseum Nobs","floor":20,"turns":7}],"seed_played":"8778639489396306525","potions_obtained":[{"floor":4.0,"key":"Block Potion"},{"floor":7.0,"key":"Regen Potion"},{"floor":16.0,"key":"Energy Potion"},{"floor":18.0,"key":"Poison Potion"}],"is_trial":false,"path_per_floor":["M","$","?","M","M","R","?","R","T","$","?","M","R","?","R","B",null,"M","M"],"character_chosen":"THE_SILENT","items_purchased":["Omamori"],"campfire_rested":0,"item_purchase_floors":[2],"current_hp_per_floor":[68,68,54,54,54,54,51,51,51,51,51,51,51,51,51,22,70,67,44,0],"gold":546,"neow_bonus":"TWO_FIFTY_GOLD","is_prod":false,"is_daily":false,"chose_seed":false,"campfire_upgraded":4,"win_rate":0,"timestamp":1536078494,"path_taken":["M","$","?","M","?","R","?","R","T","$","?","?","R","?","R","BOSS","M","M","?"],"build_version":"2018-08-30","purchased_purges":2,"victory":false,"max_hp_per_floor":[70,70,70,70,70,70,70,70,70,70,70,70,70,70,70,70,70,70,70,70],"card_choices":[{"not_picked":["Deadly Poison","Bane"],"picked":"Poisoned Stab","floor":1.0},{"not_picked":["Blade Dance","Deflect"],"picked":"All Out Attack","floor":4.0},{"not_picked":["Sucker Punch","Leg Sweep"],"picked":"Distraction","floor":5.0},{"not_picked":["Outmaneuver","Prepared"],"picked":"Cloak And Dagger","floor":7.0},{"not_picked":["Choke","Outmaneuver","Accuracy"],"picked":"SKIP","floor":12.0},{"not_picked":["After Image","Envenom"],"picked":"Wraith Form v2","floor":16.0},{"not_picked":["Expertise","Underhanded Strike","Sucker Punch"],"picked":"SKIP","floor":18.0},{"not_picked":["Masterful Stab","Dash","Dagger Throw"],"picked":"SKIP","floor":19.0}],"player_experience":224609,"relics_obtained":[{"floor":7.0,"key":"Happy Flower"},{"floor":9.0,"key":"Kunai"}],"event_choices":[{"event_name":"Shining Light","player_choice":"Entered Light","floor":3.0,"damage_taken":0.0},{"event_name":"Dead Adventurer","player_choice":"Searched \u00272\u0027 times","floor":7.0,"damage_taken":0.0},{"event_name":"Golden Shrine","player_choice":"Pray","floor":11.0,"damage_taken":0.0},{"event_name":"Liars Game","player_choice":"agreed","floor":14.0,"damage_taken":0.0},{"event_name":"Colosseum","player_choice":"Fight","floor":20,"damage_taken":0},{"event_name":"Colosseum","player_choice":"Fought Nobs","floor":20,"damage_taken":0}],"is_beta":false,"boss_relics":[{"not_picked":["Tiny House","Astrolabe"],"picked":"Black Star"}],"items_purged_floors":[2,10],"is_endless":false,"potions_floor_spawned":[4,7,16,18,20],"killed_by":"Colosseum Nobs","ascension_level":1}