{"gold_per_floor":[116,116,21,34,34,64,64,75,75,102,116,145,157,175,175,276,276,291,303,32,132,148,148,177,189,215,215,230,329,340,356,356,356],"floor_reached":33,"playtime":1352,"items_purged":[],"score":458,"play_id":"b61fcd43-0bcb-4b64-a0f6-a4c7b676b622","local_time":"20190517074133","is_ascension_mode":true,"campfire_choices":[{"data":"Heavy Blade","floor":7.0,"key":"SMITH"},{"floor":15.0,"key":"REST"},{"data":"True Grit","floor":23,"key":"SMITH"},{"data":"Feed","floor":27,"key":"SMITH"},{"floor":32,"key":"REST"}],"neow_cost":"NONE","seed_source_timestamp":0,"circlet_count":0,"master_deck":["Strike_R","Strike_R","Strike_R","Strike_R","Defend_R","Defend_R","Defend_R","Defend_R","Bash","Heavy Blade+1","Flex","Shrug It Off","Infernal Blade","Spot Weakness","Infernal Blade","Sever Soul","Flex","Battle Trance","True Grit+1","Wild Strike","Feed+1","Body Slam+1","Shrug It Off","Intimidate+1","Infernal Blade+1","Sentinel+1","Metallicize","Clumsy","Corruption","Rampage","Intimidate+1"],"special_seed":0,"relics":["Burning Blood","NeowsBlessing","Charon\u0027s Ashes","Turnip","The Courier","Paper Frog","Cursed Key","Toxic Egg 2","Mummified Hand","Pen Nib"],"potions_floor_usage":[24,25,33,33],"damage_taken":[{"damage":0.0,"enemies":"2 Louse","floor":1.0,"turns":1.0},{"damage":0.0,"enemies":"Cultist","floor":4.0,"turns":1.0},{"damage":0.0,"enemies":"Gremlin Nob","floor":6.0,"turns":1.0},{"damage":0.0,"enemies":"Jaw Worm","floor":8.0,"turns":3.0},{"damage":17.0,"enemies":"3 Sentries","floor":10.0,"turns":5.0},{"damage":23.0,"enemies":"Red Slaver","floor":11.0,"turns":3.0},{"damage":35.0,"enemies":"Lagavulin","floor":12.0,"turns":5.0},{"damage":0.0,"enemies":"Large Slime","floor":13.0,"turns":5.0},{"damage":6.0,"enemies":"Blue Slaver","floor":14.0,"turns":4.0},{"damage":52.0,"enemies":"The Guardian","floor":16.0,"turns":13.0},{"damage":7.0,"enemies":"Chosen","floor":18.0,"turns":3.0},{"damage":23.0,"enemies":"Spheric Guardian","floor":19.0,"turns":4.0},{"damage":6.0,"enemies":"Centurion and Healer","floor":22.0,"turns":10.0},{"damage":21,"enemies":"Book of Stabbing","floor":24,"turns":3},{"damage":0,"enemies":"Snake Plant","floor":25,"turns":1},{"damage":26,"enemies":"Shelled Parasite and Fungi","floor":28,"turns":4},{"damage":0,"enemies":"Centurion and Healer","floor":30,"turns":3},{"damage":10,"enemies":"Snake Plant","floor":31,"turns":4},{"damage":82,"enemies":"Automaton","floor":33,"turns":6}],"seed_played":"-3095653602973949555","potions_obtained":[{"floor":1.0,"key":"Weak Potion"},{"floor":6.0,"key":"Swift Potion"},{"floor":10.0,"key":"EssenceOfSteel"},{"floor":13.0,"key":"Dexterity Potion"},{"floor":19.0,"key":"SkillPotion"},{"floor":22.0,"key":"FearPotion"},{"floor":28,"key":"EssenceOfSteel"},{"floor":31,"key":"AttackPotion"}],"is_trial":false,"path_per_floor":["M","?","$","M","$","E","R","M","T","E","M","E","M","M","R","B",null,"M","M","$","?","M","R","E","M","T","R","M","?","M","M","R","B"],"character_chosen":"IRONCLAD","items_purchased":["Flex","Shrug It Off","Shrug It Off","Toxic Egg 2","Intimidate+1"],"campfire_rested":2,"item_purchase_floors":[3,3,20,20,20],"current_hp_per_floor":[78,78,78,80,80,80,80,80,80,69,52,23,29,29,53,7,62,64,47,47,47,50,50,35,41,41,41,21,21,27,27,54,0],"gold":356,"neow_bonus":"THREE_ENEMY_KILL","is_prod":false,"is_daily":false,"chose_seed":false,"campfire_upgraded":3,"win_rate":0,"timestamp":1558093293,"path_taken":["M","?","$","M","?","E","R","M","T","E","M","E","M","M","R","BOSS","M","M","$","?","?","R","E","M","T","R","M","?","M","M","R","BOSS"],"build_version":"2019-01-23","purchased_purges":0,"victory":false,"max_hp_per_floor":[80,80,80,80,80,80,80,80,80,80,80,80,80,80,80,80,80,83,83,83,83,86,86,86,86,86,86,86,86,86,90,90,90],"card_choices":[{"not_picked":["Rupture","Warcry"],"picked":"Heavy Blade","floor":1.0},{"not_picked":["Thunderclap","Headbutt"],"picked":"Infernal Blade","floor":4.0},{"not_picked":["Fire Breathing","Sword Boomerang"],"picked":"Spot Weakness","floor":6.0},{"not_picked":["Barricade","Clash"],"picked":"Infernal Blade","floor":8.0},{"not_picked":["Brutality","Infernal Blade"],"picked":"Sever Soul","floor":10.0},{"not_picked":["Body Slam","Clothesline"],"picked":"Flex","floor":11.0},{"not_picked":["Havoc","Fire Breathing"],"picked":"Battle Trance","floor":12.0},{"not_picked":["Perfected Strike","Rage"],"picked":"True Grit","floor":13.0},{"not_picked":["Iron Wave","Rage"],"picked":"Wild Strike","floor":14.0},{"not_picked":["Dark Embrace","Immolate"],"picked":"Feed","floor":16.0},{"not_picked":["Reckless Charge","Headbutt"],"picked":"Body Slam+1","floor":18.0},{"not_picked":["Warcry","Searing Blow+1","Havoc"],"picked":"SKIP","floor":19.0},{"not_picked":["Searing Blow+1","Intimidate+1"],"picked":"Infernal Blade+1","floor":22.0},{"not_picked":["Corruption","Clash"],"picked":"Sentinel+1","floor":24},{"not_picked":["Anger","Pommel Strike"],"picked":"Metallicize","floor":25},{"not_picked":["Havoc+1","Clash"],"picked":"Corruption","floor":28},{"not_picked":["Cleave","Clothesline+1"],"picked":"Rampage","floor":30},{"not_picked":["Warcry+1","Armaments+1"],"picked":"Intimidate+1","floor":31}],"player_experience":202753,"relics_obtained":[{"floor":6.0,"key":"Charon\u0027s Ashes"},{"floor":9.0,"key":"Turnip"},{"floor":10.0,"key":"The Courier"},{"floor":12.0,"key":"Paper Frog"},{"floor":24,"key":"Mummified Hand"},{"floor":26,"key":"Pen Nib"}],"event_choices":[{"cards_removed":["Strike_R"],"damage_healed":0.0,"max_hp_gain":0.0,"max_hp_loss":0.0,"gold_gain":0.0,"event_name":"Purifier","player_choice":"Purged","floor":2.0,"gold_loss":0.0,"damage_taken":0.0},{"damage_healed":0.0,"max_hp_gain":0.0,"max_hp_loss":0.0,"gold_gain":100.0,"event_name":"Golden Shrine","player_choice":"Pray","floor":21.0,"gold_loss":0.0,"damage_taken":0.0},{"damage_healed":0,"gold_gain":99,"player_choice":"Stole From Cult","damage_taken":0,"max_hp_gain":0,"max_hp_loss":0,"event_name":"Nest","floor":29,"gold_loss":0}],"is_beta":false,"boss_relics":[{"not_picked":["Snecko Eye","Pandora\u0027s Box"],"picked":"Cursed Key"}],"items_purged_floors":[],"is_endless":false,"potions_floor_spawned":[1,6,10,13,19,22,28,31],"killed_by":"Automaton","ascension_level":9}