{"gold_per_floor":[117,292,292,60,79,79,91,91,173,173,189,189,201,201,201,298,298,317,330,330],"floor_reached":20,"playtime":965,"items_purged":["Doubt"],"score":172,"play_id":"01480417-6c01-46de-9971-c779fb583c03","local_time":"20180908041841","is_ascension_mode":true,"campfire_choices":[{"data":"Neutralize","floor":6,"key":"SMITH"},{"data":"Survivor","floor":8,"key":"SMITH"},{"data":"Deadly Poison","floor":12,"key":"SMITH"},{"data":"Bouncing Flask","floor":15,"key":"SMITH"}],"neow_cost":"","seed_source_timestamp":1673881220094924,"circlet_count":0,"master_deck":["Defend_G","Defend_G","Defend_G","Defend_G","Defend_G","Strike_G+1","Strike_G+1","Strike_G","Survivor+1","Neutralize+1","Expertise","Dagger Spray","Deadly Poison+1","Bouncing Flask+1","Doppelganger","Burst","PiercingWail","Cloak And Dagger","Catalyst","Dodge and Roll","Bouncing Flask","Escape Plan+1","Cloak And Dagger"],"relics":["Ring of the Snake","Whetstone","Bronze Scales","Darkstone Periapt","Orrery"],"potions_floor_usage":[20],"damage_taken":[{"damage":0,"enemies":"Small Slimes","floor":1,"turns":3},{"damage":2,"enemies":"Jaw Worm","floor":5,"turns":5},{"damage":1,"enemies":"2 Louse","floor":7,"turns":3},{"damage":3,"enemies":"Red Slaver","floor":11,"turns":4},{"damage":6,"enemies":"Exordium Wildlife","floor":13,"turns":5},{"damage":14,"enemies":"The Guardian","floor":16,"turns":8},{"damage":2,"enemies":"Chosen","floor":18,"turns":4},{"damage":3,"enemies":"3 Byrds","floor":19,"turns":3},{"damage":18,"enemies":"Colosseum Slavers","floor":20,"turns":7},{"damage":32,"enemies":"Colosseum Nobs","floor":20,"turns":3}],"seed_played":"-4151725380755048086","potions_obtained":[{"floor":5,"key":"GamblersBrew"},{"floor":13,"key":"SteroidPotion"},{"floor":16,"key":"FearPotion"}],"is_trial":false,"path_per_floor":["M","?","T","$","M","R","M","R","T","?","M","R","M","?","R","B",null,"M","M"],"character_chosen":"THE_SILENT","items_purchased":["Bronze Scales"],"campfire_rested":0,"item_purchase_floors":[4],"current_hp_per_floor":[70,70,70,70,68,68,67,67,67,67,64,64,58,58,58,44,70,68,65,15],"gold":330,"neow_bonus":"","is_prod":false,"is_daily":false,"chose_seed":false,"campfire_upgraded":4,"win_rate":0,"timestamp":1536347921,"path_taken":["M","?","?","$","M","R","M","R","T","?","M","R","M","?","R","BOSS","M","?","?"],"build_version":"2018-09-06","purchased_purges":1,"victory":false,"max_hp_per_floor":[70,70,70,70,70,70,70,70,70,70,70,70,70,70,70,70,70,70,70,70],"card_choices":[{"not_picked":["Acrobatics","Dagger Throw"],"picked":"Expertise","floor":1},{"not_picked":["Flechettes","Slice"],"picked":"Dagger Spray","floor":5},{"not_picked":["Masterful Stab","Accuracy"],"picked":"Deadly Poison","floor":7},{"not_picked":["Outmaneuver","Dodge and Roll","Eviscerate"],"picked":"SKIP","floor":11},{"not_picked":["Dagger Spray","Deflect"],"picked":"Bouncing Flask","floor":13},{"not_picked":["Night Terror","Wraith Form v2"],"picked":"Burst","floor":16},{"not_picked":["Flying Knee","Dodge and Roll"],"picked":"PiercingWail","floor":17},{"not_picked":["Sucker Punch","Finisher"],"picked":"Cloak And Dagger","floor":17},{"not_picked":["Outmaneuver","Flying Knee"],"picked":"Catalyst","floor":17},{"not_picked":["Malaise","Eviscerate"],"picked":"Dodge and Roll","floor":17},{"not_picked":["Acrobatics","Slice"],"picked":"Bouncing Flask","floor":17},{"not_picked":["Underhanded Strike","Concentrate"],"picked":"Escape Plan+1","floor":18},{"not_picked":["Backstab","Blade Dance"],"picked":"Cloak And Dagger","floor":19}],"player_experience":233799,"relics_obtained":[{"floor":3,"key":"Whetstone"},{"floor":9,"key":"Darkstone Periapt"}],"event_choices":[{"event_name":"Liars Game","player_choice":"agreed","floor":2,"damage_taken":0},{"event_name":"Bonfire Elementals","player_choice":"BASIC","floor":10,"damage_taken":0},{"event_name":"Transmorgrifier","player_choice":"Transform","floor":14,"damage_taken":0},{"event_name":"Colosseum","player_choice":"Fight","floor":20,"damage_taken":0},{"event_name":"Colosseum","player_choice":"Fought Nobs","floor":20,"damage_taken":0}],"is_beta":false,"boss_relics":[{"not_picked":["Coffee Dripper","Tiny House"],"picked":"Orrery"}],"items_purged_floors":[4],"is_endless":false,"potions_floor_spawned":[5,13,16,19],"killed_by":"Colosseum Nobs","ascension_level":1}