{"gold_per_floor":[368,368,379,399,76,107,107,140,140,140,140,152,152,167,167,167],"floor_reached":16,"playtime":1240,"items_purged":["Normality"],"score":116,"play_id":"1e3902eb-e763-49ec-bc3d-ddebdaf48999","local_time":"20180904085806","is_ascension_mode":true,"campfire_choices":[{"floor":7,"key":"REST"},{"data":"Bullet Time","floor":10,"key":"SMITH"},{"data":"Bouncing Flask","floor":13,"key":"SMITH"},{"floor":15,"key":"REST"}],"neow_cost":"CURSE","seed_source_timestamp":1344774416135673,"circlet_count":0,"master_deck":["Defend_G","Defend_G","Defend_G","Defend_G","Defend_G+1","Strike_G","Strike_G","Strike_G","Strike_G","Strike_G","Survivor+1","Neutralize+1","Deflect","Bouncing Flask+1","Escape Plan","Bullet Time+1","Bane+1"],"relics":["Ring of the Snake","Molten Egg 2","Oddly Smooth Stone","Nunchaku","Ornamental Fan"],"potions_floor_usage":[16],"damage_taken":[{"damage":5,"enemies":"Small Slimes","floor":1,"turns":5},{"damage":1,"enemies":"2 Louse","floor":3,"turns":5},{"damage":0,"enemies":"Cultist","floor":4,"turns":5},{"damage":27,"enemies":"Gremlin Nob","floor":6,"turns":5},{"damage":17,"enemies":"3 Sentries","floor":8,"turns":15},{"damage":0,"enemies":"Large Slime","floor":12,"turns":9},{"damage":4,"enemies":"Lots of Slimes","floor":14,"turns":6},{"damage":41,"enemies":"Slime Boss","floor":16,"turns":10}],"seed_played":"-8401401450840141116","potions_obtained":[{"floor":3,"key":"Swift Potion"},{"floor":8,"key":"FearPotion"}],"is_trial":false,"path_per_floor":["M","?","M","M","$","E","R","E","T","R","?","M","R","M","R"],"character_chosen":"THE_SILENT","items_purchased":["Molten Egg 2"],"campfire_rested":2,"item_purchase_floors":[5],"current_hp_per_floor":[65,51,50,50,50,23,44,27,27,27,27,27,27,23,44,3],"gold":167,"neow_bonus":"TWO_FIFTY_GOLD","is_prod":false,"is_daily":false,"chose_seed":false,"campfire_upgraded":2,"win_rate":0,"timestamp":1536019086,"path_taken":["M","?","M","M","$","E","R","E","T","R","?","M","R","?","R","BOSS"],"build_version":"2018-08-30","purchased_purges":1,"victory":false,"max_hp_per_floor":[70,70,70,70,70,70,70,70,70,70,70,70,70,70,70,70],"card_choices":[{"not_picked":["Caltrops","Dodge and Roll"],"picked":"Deflect","floor":1},{"not_picked":["Quick Slash","Eviscerate","Slice"],"picked":"SKIP","floor":3},{"not_picked":["Slice","Blur"],"picked":"Bouncing Flask","floor":4},{"not_picked":["Flying Knee+1","Underhanded Strike+1"],"picked":"Escape Plan","floor":6},{"not_picked":["Backstab+1","PiercingWail"],"picked":"Bullet Time","floor":8},{"not_picked":["Sucker Punch+1","Underhanded Strike+1","Quick Slash+1"],"picked":"SKIP","floor":12},{"not_picked":["Infinite Blades","Backflip"],"picked":"Bane+1","floor":14}],"player_experience":220542,"relics_obtained":[{"floor":6,"key":"Oddly Smooth Stone"},{"floor":8,"key":"Nunchaku"},{"floor":9,"key":"Ornamental Fan"}],"event_choices":[{"event_name":"Shining Light","player_choice":"Entered Light","floor":2,"damage_taken":0},{"event_name":"Living Wall","player_choice":"Grow","floor":11,"damage_taken":0}],"is_beta":false,"boss_relics":[],"items_purged_floors":[5],"is_endless":false,"potions_floor_spawned":[3,8],"killed_by":"Slime Boss","ascension_level":1}