{"gold_per_floor":[112,112,112,34,34,34,59,59,112,112,0,20,31,31,31,126,126,140,159,159,159],"floor_reached":21,"playtime":1263,"items_purged":["Strike_G"],"score":193,"play_id":"54f5c6d0-fd3b-45c0-ab0c-0416314c4fd9","local_time":"20181106015042","is_ascension_mode":true,"campfire_choices":[{"data":"After Image","floor":6,"key":"SMITH"},{"floor":8,"key":"REST"},{"data":"Blade Dance","floor":10,"key":"SMITH"},{"data":"Noxious Fumes","floor":15,"key":"SMITH"}],"neow_cost":"NONE","seed_source_timestamp":4925701601910,"circlet_count":0,"master_deck":["Defend_G","Defend_G","Defend_G","Defend_G","Defend_G","Strike_G","Strike_G","Strike_G","Survivor","Neutralize","Terror+1","Blade Dance+1","After Image+1","Decay","Escape Plan","Noxious Fumes+1","Well Laid Plans","Caltrops","Die Die Die","Footwork"],"relics":["Ring of the Snake","Bag of Preparation","Orichalcum","Girya"],"potions_floor_usage":[16,20],"damage_taken":[{"damage":5,"enemies":"Small Slimes","floor":1,"turns":6},{"damage":29,"enemies":"Lagavulin","floor":7,"turns":10},{"damage":0,"enemies":"Cultist","floor":12,"turns":3},{"damage":0,"enemies":"2 Louse","floor":13,"turns":2},{"damage":7,"enemies":"Hexaghost","floor":16,"turns":9},{"damage":33,"enemies":"2 Thieves","floor":18,"turns":4},{"damage":16,"enemies":"Shell Parasite","floor":19,"turns":6},{"damage":18,"enemies":"Colosseum Slavers","floor":20,"turns":4},{"damage":8,"enemies":"Snake Plant","floor":21,"turns":1}],"seed_played":"7350888169568083706","potions_obtained":[{"floor":7,"key":"Energy Potion"},{"floor":16,"key":"FearPotion"}],"is_trial":false,"path_per_floor":["M","?","?","$","?","R","E","R","T","R","$","M","M","T","R","B",null,"M","M","?"],"character_chosen":"THE_SILENT","items_purchased":["After Image","Noxious Fumes"],"campfire_rested":1,"item_purchase_floors":[4,11],"current_hp_per_floor":[65,65,65,65,65,65,36,57,57,57,57,57,57,57,57,50,70,37,21,3,0],"gold":159,"neow_bonus":"THREE_CARDS","is_prod":false,"is_daily":false,"chose_seed":false,"campfire_upgraded":3,"win_rate":0,"timestamp":1541440242,"path_taken":["M","?","?","$","?","R","E","R","T","R","$","M","M","?","R","BOSS","M","?","?","M"],"build_version":"2018-10-11","purchased_purges":1,"victory":false,"max_hp_per_floor":[70,70,70,70,70,70,70,70,70,70,70,70,70,70,70,70,70,70,70,70,70],"card_choices":[{"not_picked":["Acrobatics","Deflect"],"picked":"Terror","floor":0},{"not_picked":["Dodge and Roll","Slice"],"picked":"Blade Dance","floor":1},{"not_picked":["Deflect","Poisoned Stab"],"picked":"Escape Plan","floor":7},{"not_picked":["Underhanded Strike","Dash"],"picked":"Well Laid Plans","floor":12},{"not_picked":["Concentrate","Underhanded Strike"],"picked":"Caltrops","floor":13},{"not_picked":["Storm of Steel","Wraith Form v2"],"picked":"Die Die Die","floor":16},{"not_picked":["Outmaneuver","Tactician","Catalyst"],"picked":"SKIP","floor":18},{"not_picked":["Terror","Acrobatics"],"picked":"Footwork","floor":19}],"player_experience":123979,"relics_obtained":[{"floor":7,"key":"Bag of Preparation"},{"floor":9,"key":"Orichalcum"},{"floor":14,"key":"Girya"}],"event_choices":[{"event_name":"Purifier","player_choice":"One Purge","floor":2,"damage_taken":0},{"event_name":"Living Wall","player_choice":"Grow","floor":3,"damage_taken":0},{"event_name":"Wheel of Change","player_choice":"Curse","floor":5,"damage_taken":0},{"event_name":"Colosseum","player_choice":"Fight","floor":20,"damage_taken":0},{"event_name":"Colosseum","player_choice":"Fled From Nobs","floor":20,"damage_taken":0}],"is_beta":false,"boss_relics":[{"not_picked":["Busted Crown","Coffee Dripper","HoveringKite"]}],"items_purged_floors":[11],"is_endless":false,"potions_floor_spawned":[7,16],"killed_by":"Snake Plant","ascension_level":2}