{"gold_per_floor":[112,128,6,6,18,43,62,62,62,62,77,103,103,129,129,129],"floor_reached":16,"playtime":812,"items_purged":[],"score":174,"play_id":"20433315-f3ed-4616-a4a0-e32ff7fdec05","local_time":"20190509154006","is_ascension_mode":true,"campfire_choices":[{"floor":8,"key":"REST"},{"data":"Well Laid Plans","floor":10,"key":"SMITH"},{"floor":13,"key":"REST"},{"floor":15,"key":"REST"}],"neow_cost":"NONE","seed_source_timestamp":2060949679093977,"circlet_count":0,"master_deck":["Defend_G","Defend_G","Defend_G","Defend_G","Defend_G","Strike_G","Strike_G","Strike_G","Strike_G","Survivor","Neutralize","Dagger Throw","Dodge and Roll","Deflect","Well Laid Plans+1","Dagger Spray","Dodge and Roll","Calculated Gamble","Backflip","Flying Knee","Sucker Punch"],"relics":["Ring of the Snake","The Specimen","Kunai","Blood Vial"],"potions_floor_usage":[12,16],"damage_taken":[{"damage":1,"enemies":"2 Louse","floor":1,"turns":3},{"damage":0,"enemies":"Jaw Worm","floor":2,"turns":4},{"damage":0,"enemies":"Small Slimes","floor":5,"turns":2},{"damage":38,"enemies":"3 Sentries","floor":6,"turns":9},{"damage":3,"enemies":"Blue Slaver","floor":7,"turns":5},{"damage":8,"enemies":"Exordium Wildlife","floor":11,"turns":5},{"damage":27,"enemies":"Gremlin Nob","floor":12,"turns":5},{"damage":15,"enemies":"Lagavulin","floor":14,"turns":10},{"damage":36,"enemies":"Slime Boss","floor":16,"turns":16}],"seed_played":"-715805263518300422","potions_obtained":[{"floor":5,"key":"FearPotion"},{"floor":6,"key":"SpeedPotion"},{"floor":12,"key":"LiquidBronze"}],"is_trial":false,"path_per_floor":["M","M","$","?","M","E","M","R","T","R","M","E","R","E","R","B"],"character_chosen":"THE_SILENT","items_purchased":["Well Laid Plans","Dagger Spray"],"campfire_rested":3,"item_purchase_floors":[3,3],"current_hp_per_floor":[62,62,62,62,62,24,21,42,42,42,34,7,28,13,34,0],"gold":129,"neow_bonus":"TRANSFORM_CARD","is_prod":false,"is_daily":false,"chose_seed":false,"campfire_upgraded":1,"win_rate":0,"timestamp":1557373206,"path_taken":["M","M","$","?","M","E","M","R","T","R","M","E","R","E","R","BOSS"],"build_version":"2019-01-23","purchased_purges":0,"victory":false,"max_hp_per_floor":[70,70,70,70,70,70,70,70,70,70,70,70,70,70,70,70],"card_choices":[{"not_picked":["Underhanded Strike","Flying Knee"],"picked":"Dodge and Roll","floor":1},{"not_picked":["Heel Hook","Underhanded Strike"],"picked":"Deflect","floor":2},{"not_picked":["Expertise","Prepared"],"picked":"Dodge and Roll","floor":5},{"not_picked":["Heel Hook","Flechettes"],"picked":"Calculated Gamble","floor":6},{"not_picked":["Dodge and Roll","Flying Knee"],"picked":"Backflip","floor":7},{"not_picked":["Prepared","Finisher"],"picked":"Flying Knee","floor":11},{"not_picked":["Outmaneuver","Quick Slash"],"picked":"Sucker Punch","floor":12},{"not_picked":["Underhanded Strike","Doppelganger","Reflex"],"picked":"SKIP","floor":14}],"player_experience":209008,"relics_obtained":[{"floor":6,"key":"The Specimen"},{"floor":12,"key":"Kunai"},{"floor":14,"key":"Blood Vial"}],"event_choices":[{"damage_healed":0,"gold_gain":0,"player_choice":"Leave","damage_taken":0,"max_hp_gain":0,"max_hp_loss":0,"event_name":"The Cleric","floor":4,"gold_loss":0}],"is_beta":false,"boss_relics":[],"items_purged_floors":[],"is_endless":false,"potions_floor_spawned":[5,6,12],"killed_by":"Slime Boss","ascension_level":9}