{"gold_per_floor":[112,129,129,62,62,105,105,126,179,191,203,233,245,273,285,426,438,464,495,507,618,580,592,640,667,679,691,718,1005,1017,1050,1062,1202,1214,1240,1252,1288,1300,1332,1344,1356],"floor_reached":41,"playtime":1197,"items_purged":[],"score":551,"play_id":"b2e86498-e373-4740-95b3-9da092e42f1d","local_time":"20190430205205","is_ascension_mode":true,"campfire_choices":[{"data":"Defragment","floor":7,"key":"SMITH"},{"data":"Go for the Eyes","floor":10,"key":"SMITH"},{"data":"Chaos","floor":13,"key":"SMITH"},{"floor":15,"key":"REST"},{"data":"Electrodynamics","floor":23,"key":"SMITH"},{"floor":27,"key":"REST"},{"data":"Coolheaded","floor":30,"key":"SMITH"},{"data":"Glacier","floor":32,"key":"SMITH"},{"floor":40,"key":"REST"}],"neow_cost":"NONE","seed_source_timestamp":1301688241723497,"circlet_count":0,"master_deck":["Strike_B","Strike_B","Strike_B","Strike_B","Defend_B","Defend_B","Defend_B","Defend_B","Zap","Dualcast","Go for the Eyes+1","Ball Lightning","Defragment+1","Steam","Go for the Eyes","Chaos+1","Go for the Eyes","Electrodynamics+1","Loop+1","White Noise+1","Coolheaded+1","Go for the Eyes","Blizzard","Glacier+1","Echo Form","Static Discharge+1","Panacea","Loop"],"relics":["Cracked Core","NeowsBlessing","Oddly Smooth Stone","Golden Idol","Nunchaku","MawBank","Omamori","Nuclear Battery","Blood Vial","Cursed Key"],"potions_floor_usage":[24,39],"damage_taken":[{"damage":0,"enemies":"2 Louse","floor":1,"turns":1},{"damage":0,"enemies":"Small Slimes","floor":2,"turns":1},{"damage":0,"enemies":"Gremlin Nob","floor":6,"turns":1},{"damage":0,"enemies":"Cultist","floor":8,"turns":3},{"damage":13,"enemies":"Gremlin Gang","floor":12,"turns":4},{"damage":1,"enemies":"Blue Slaver","floor":14,"turns":3},{"damage":27,"enemies":"The Guardian","floor":16,"turns":8},{"damage":0,"enemies":"3 Byrds","floor":18,"turns":2},{"damage":0,"enemies":"Spheric Guardian","floor":19,"turns":2},{"damage":29,"enemies":"Gremlin Leader","floor":24,"turns":6},{"damage":14,"enemies":"Chosen and Byrds","floor":25,"turns":3},{"damage":6,"enemies":"Shelled Parasite and Fungi","floor":28,"turns":4},{"damage":0,"enemies":"3 Cultists","floor":31,"turns":3},{"damage":46,"enemies":"Collector","floor":33,"turns":10},{"damage":25,"enemies":"3 Shapes","floor":35,"turns":6},{"damage":28,"enemies":"3 Darklings","floor":37,"turns":3},{"damage":24,"enemies":"Spire Growth","floor":39,"turns":6},{"damage":45,"enemies":"4 Shapes","floor":41,"turns":3}],"seed_played":"3052439919071453642","potions_obtained":[{"floor":1,"key":"FearPotion"},{"floor":6,"key":"Explosive Potion"},{"floor":14,"key":"AttackPotion"},{"floor":16,"key":"LiquidBronze"},{"floor":25,"key":"Energy Potion"},{"floor":33,"key":"EssenceOfSteel"}],"is_trial":false,"path_per_floor":["M","M","?","$","?","E","R","M","T","R","?","M","R","M","R","B",null,"M","M","?","?","?","R","E","M","T","R","M","?","R","M","R","B",null,"M","?","M","?","M","R","M"],"character_chosen":"DEFECT","items_purchased":["Defragment"],"campfire_rested":3,"item_purchase_floors":[4],"current_hp_per_floor":[75,75,72,72,54,54,54,54,54,54,54,41,41,40,62,35,75,75,75,75,75,75,75,46,34,34,56,52,52,52,54,54,10,75,50,50,24,24,2,24,0],"gold":1356,"neow_bonus":"THREE_ENEMY_KILL","is_prod":false,"is_daily":false,"chose_seed":false,"campfire_upgraded":6,"win_rate":0,"timestamp":1556614325,"path_taken":["M","M","?","$","?","E","R","M","T","R","?","?","R","M","R","BOSS","M","?","?","?","?","R","E","M","T","R","?","?","R","?","R","BOSS","M","?","M","?","M","R","M"],"build_version":"2019-01-23","purchased_purges":0,"victory":false,"max_hp_per_floor":[75,75,75,75,75,75,75,75,75,75,75,75,75,75,75,75,75,75,75,75,75,75,75,75,75,75,75,75,75,75,75,75,75,75,75,75,75,75,75,75,75],"card_choices":[{"not_picked":["Double Energy","Beam Cell"],"picked":"Go for the Eyes","floor":1},{"not_picked":["Barrage","Steam Power"],"picked":"Ball Lightning","floor":2},{"not_picked":["Beam Cell","Redo"],"picked":"Steam","floor":6},{"not_picked":["Turbo","Steam"],"picked":"Go for the Eyes","floor":8},{"not_picked":["Hyperbeam","Stack"],"picked":"Chaos","floor":12},{"not_picked":["Reprogram","Tempest"],"picked":"Go for the Eyes","floor":14},{"not_picked":["Amplify","Meteor Strike"],"picked":"Electrodynamics","floor":16},{"not_picked":["Turbo","Consume"],"picked":"Loop+1","floor":18},{"not_picked":["Barrage","Coolheaded"],"picked":"White Noise+1","floor":19},{"not_picked":["Redo","Cold Snap"],"picked":"Coolheaded","floor":24},{"not_picked":["Cold Snap","Amplify"],"picked":"Go for the Eyes","floor":25},{"not_picked":["Genetic Algorithm","Beam Cell"],"picked":"Blizzard","floor":28},{"not_picked":["Consume","Reprogram"],"picked":"Glacier","floor":31},{"not_picked":["Fission","Rainbow"],"picked":"Echo Form","floor":33},{"not_picked":["Redo","Compile Driver+1"],"picked":"Static Discharge+1","floor":35},{"not_picked":["Thinking Ahead","Enlightenment"],"picked":"Panacea","floor":36},{"not_picked":["Turbo+1","Hello World+1","Heatsinks+1"],"picked":"SKIP","floor":37},{"not_picked":["Go for the Eyes","Turbo"],"picked":"Loop","floor":39}],"player_experience":145125,"relics_obtained":[{"floor":6,"key":"Nunchaku"},{"floor":9,"key":"MawBank"},{"floor":24,"key":"Blood Vial"}],"event_choices":[{"damage_healed":0,"gold_gain":0,"player_choice":"Success","damage_taken":3,"relics_obtained":["Oddly Smooth Stone"],"max_hp_gain":0,"max_hp_loss":0,"event_name":"Scrap Ooze","floor":3,"gold_loss":0},{"damage_healed":0,"gold_gain":0,"player_choice":"Take Damage","damage_taken":18,"relics_obtained":["Golden Idol"],"max_hp_gain":0,"max_hp_loss":0,"event_name":"Golden Idol","floor":5,"gold_loss":0},{"damage_healed":0,"gold_gain":0,"player_choice":"Gave Potion","damage_taken":0,"relics_obtained":["Omamori"],"max_hp_gain":0,"max_hp_loss":0,"event_name":"WeMeetAgain","floor":11,"gold_loss":0},{"damage_healed":0,"gold_gain":0,"player_choice":"Ignored","damage_taken":0,"max_hp_gain":0,"max_hp_loss":0,"event_name":"Ghosts","floor":20,"gold_loss":0},{"damage_healed":0,"gold_gain":99,"player_choice":"Stole From Cult","damage_taken":0,"max_hp_gain":0,"max_hp_loss":0,"event_name":"Nest","floor":21,"gold_loss":0},{"damage_healed":0,"gold_gain":0,"player_choice":"Bet on Owner","damage_taken":0,"max_hp_gain":0,"max_hp_loss":0,"event_name":"The Joust","floor":22,"gold_loss":50},{"damage_healed":0,"gold_gain":275,"player_choice":"Desecrate","damage_taken":0,"max_hp_gain":0,"max_hp_loss":0,"event_name":"Golden Shrine","floor":29,"gold_loss":0,"cards_obtained":["Regret"]},{"damage_healed":0,"gold_gain":0,"player_choice":"Memory 1","damage_taken":0,"max_hp_gain":0,"max_hp_loss":0,"event_name":"SensoryStone","floor":36,"gold_loss":0},{"damage_healed":0,"gold_gain":0,"player_choice":"Ignored","damage_taken":0,"max_hp_gain":0,"max_hp_loss":0,"event_name":"The Moai Head","floor":38,"gold_loss":0}],"is_beta":false,"boss_relics":[{"not_picked":["Snecko Eye","Runic Dome"],"picked":"Nuclear Battery"},{"not_picked":["Inserter","Philosopher\u0027s Stone"],"picked":"Cursed Key"}],"items_purged_floors":[],"is_endless":false,"potions_floor_spawned":[1,6,14,16,25,31,33,37],"killed_by":"4 Shapes","ascension_level":3}