{"gold_per_floor":[117,132,132,143,143,169,169,169,169,182,193,211,211,54,54,153,153,168,168,19,31,31,59,59,84,107,206,32,63,103,41,41,141,141,159,9,9,27,41,41,41,76,76,76,110,110,121,131,131,131],"floor_reached":51,"playtime":2692,"items_purged":["BootSequence"],"score":886,"play_id":"fcbfe1bc-dcb7-44f6-8401-ca9543429e1c","local_time":"20190421131457","daily_mods":["Draft","Colorless Cards","Heirloom","Time Dilation","Flight"],"is_ascension_mode":false,"campfire_choices":[{"data":"Capacitor","floor":7,"key":"SMITH"},{"data":"Chill","floor":8,"key":"SMITH"},{"data":"FTL","floor":15,"key":"SMITH"},{"floor":24,"key":"REST"},{"floor":32,"key":"REST"},{"floor":40,"key":"REST"},{"data":"Regret","floor":44,"key":"PURGE"},{"floor":49,"key":"REST"}],"neow_cost":"","seed_source_timestamp":0,"circlet_count":0,"master_deck":["Wraith Form v2","Echo Form+1","Rebound","Cold Snap","Chill+1","Barrage","BootSequence","Panacea","Coolheaded+1","Redo","Leap","Gash","Leap","Hologram+1","FTL+1","Capacitor+1","Rebound","Swift Strike","Skim+1","Gash","Turbo+1","Beam Cell","Biased Cognition","Cold Snap+1","Glacier+1","Redo+1","Barrage+1","Apotheosis+1","Coolheaded+1","Gash","Streamline","Reboot+1","Beam Cell","Conserve Battery+1","Violence+1","Gash+1","Heatsinks+1"],"relics":["Cracked Core","Mango","Toxic Egg 2","War Paint","Omamori","Inserter","MutagenicStrength","Pantograph","Oddly Smooth Stone","Bronze Scales","Tiny Chest","MawBank","Red Mask","Calling Bell","Regal Pillow","Pear","Peace Pipe","Blood Vial","Boot","Bird Faced Urn","Cables"],"potions_floor_usage":[16,39,50,50],"damage_taken":[{"damage":6,"enemies":"Small Slimes","floor":1,"turns":3},{"damage":2,"enemies":"Cultist","floor":2,"turns":3},{"damage":0,"enemies":"2 Louse","floor":4,"turns":3},{"damage":20,"enemies":"Gremlin Nob","floor":6,"turns":5},{"damage":0,"enemies":"Gremlin Gang","floor":10,"turns":5},{"damage":7,"enemies":"Lots of Slimes","floor":11,"turns":5},{"damage":0,"enemies":"2 Fungi Beasts","floor":12,"turns":3},{"damage":67,"enemies":"The Guardian","floor":16,"turns":7},{"damage":20,"enemies":"Shell Parasite","floor":18,"turns":6},{"damage":11,"enemies":"2 Thieves","floor":21,"turns":4},{"damage":0,"enemies":"Book of Stabbing","floor":23,"turns":6},{"damage":16,"enemies":"Gremlin Leader","floor":25,"turns":6},{"damage":15,"enemies":"Book of Stabbing","floor":29,"turns":4},{"damage":0,"enemies":"Masked Bandits","floor":30,"turns":5},{"damage":24,"enemies":"Champ","floor":33,"turns":9},{"damage":12,"enemies":"Orb Walker","floor":35,"turns":4},{"damage":30,"enemies":"3 Darklings","floor":38,"turns":5},{"damage":31,"enemies":"Spire Growth","floor":39,"turns":3},{"damage":39,"enemies":"Reptomancer","floor":42,"turns":9},{"damage":16,"enemies":"Giant Head","floor":45,"turns":10},{"damage":0,"enemies":"Jaw Worm Horde","floor":47,"turns":5},{"damage":2,"enemies":"Transient","floor":48,"turns":5},{"damage":23,"enemies":"Awakened One","floor":50,"turns":11}],"seed_played":"621227576651411885","potions_obtained":[{"floor":2,"key":"GamblersBrew"},{"floor":10,"key":"Poison Potion"},{"floor":16,"key":"EssenceOfSteel"},{"floor":18,"key":"Energy Potion"},{"floor":21,"key":"Poison Potion"},{"floor":23,"key":"SpeedPotion"},{"floor":42,"key":"Block Potion"}],"is_trial":true,"path_per_floor":["M","M","?","M","?","E","R","R","T","M","M","M","?","$","R","B",null,"M","?","$","M","?","E","R","E","T","?","$","E","?","$","R","B",null,"M","$","?","M","M","R","?","E","T","R","E","?","M","M","R","B",null],"character_chosen":"DEFECT","items_purchased":["Omamori","Glacier+1","Coolheaded+1","Tiny Chest","Gash","Streamline","Blood Vial"],"campfire_rested":4,"item_purchase_floors":[14,20,28,28,31,31,36],"current_hp_per_floor":[83,81,81,81,81,61,61,61,61,61,54,54,76,76,76,9,89,69,69,69,58,58,58,83,67,67,67,67,52,52,52,77,62,96,84,84,84,56,27,70,70,33,33,33,27,27,33,35,78,75],"gold":131,"neow_bonus":"","is_prod":false,"is_daily":false,"chose_seed":false,"campfire_upgraded":3,"win_rate":0,"timestamp":1555809297,"path_taken":["M","M","?","?","?","E","R","R","T","?","?","?","?","$","R","BOSS","M","?","?","?","?","E","R","E","T","?","$","E","?","$","R","BOSS","M","$","?","?","?","R","?","E","T","R","E","?","?","?","R","BOSS"],"build_version":"2019-01-23","purchased_purges":1,"victory":true,"max_hp_per_floor":[89,89,89,89,89,89,89,89,89,89,89,89,89,89,89,89,89,89,86,86,86,86,86,86,86,86,86,86,86,86,86,86,86,96,96,96,96,96,96,96,96,96,96,96,96,96,96,96,96,96],"card_choices":[{"not_picked":["Ball Lightning","Steam"],"picked":"Rebound","floor":0},{"not_picked":["Go for the Eyes","Aggregate"],"picked":"Cold Snap","floor":0},{"not_picked":["Rebound","PanicButton"],"picked":"Chill","floor":0},{"not_picked":["Hologram","Conserve Battery"],"picked":"Barrage","floor":0},{"not_picked":["Deep Breath","Conserve Battery"],"picked":"BootSequence","floor":0},{"not_picked":["Tempest","Beam Cell"],"picked":"Panacea","floor":0},{"not_picked":["Stack","Cold Snap"],"picked":"Coolheaded","floor":0},{"not_picked":["Sunder","Trip"],"picked":"Redo","floor":0},{"not_picked":["Barrage","Beam Cell"],"picked":"Leap","floor":0},{"not_picked":["Stack","Double Energy"],"picked":"Gash","floor":0},{"not_picked":["Stack","Melter"],"picked":"Leap","floor":0},{"not_picked":["Dark Shackles","Beam Cell"],"picked":"Hologram","floor":0},{"not_picked":["FTL","Auto Shields"],"picked":"BootSequence","floor":0},{"not_picked":["Reprogram","Sunder"],"picked":"FTL","floor":0},{"not_picked":["Go for the Eyes","Turbo"],"picked":"Capacitor","floor":0},{"not_picked":["Skim","Doom and Gloom"],"picked":"Rebound","floor":1},{"not_picked":["Finesse","Panacea"],"picked":"Swift Strike","floor":2},{"not_picked":["Beam Cell","Double Energy","Leap"],"picked":"SKIP","floor":4},{"not_picked":["BootSequence","Ball Lightning"],"picked":"Skim","floor":6},{"not_picked":["Conserve Battery+1","Doom and Gloom"],"picked":"Gash","floor":10},{"not_picked":["Loop","Consume+1"],"picked":"Turbo+1","floor":11},{"not_picked":["Finesse+1","Recycle+1"],"picked":"Beam Cell","floor":12},{"not_picked":["Mayhem","The Bomb+1"],"picked":"Biased Cognition","floor":16},{"not_picked":["Sweeping Beam","Hologram+1"],"picked":"Cold Snap+1","floor":18},{"not_picked":["Leap+1","Impatience+1"],"picked":"Redo+1","floor":21},{"not_picked":["Mayhem","Reinforced Body+1"],"picked":"Barrage+1","floor":23},{"not_picked":["Sweeping Beam","Conserve Battery+1"],"picked":"Apotheosis+1","floor":25},{"not_picked":["Darkness+1","Static Discharge","Barrage"],"picked":"SKIP","floor":29},{"not_picked":["Rainbow+1","Transmutation+1"],"picked":"Reboot+1","floor":33},{"not_picked":["Forethought+1","Reinforced Body+1"],"picked":"Beam Cell","floor":35},{"not_picked":["Ball Lightning+1","Cold Snap+1"],"picked":"Conserve Battery+1","floor":38},{"not_picked":["Auto Shields+1","Capacitor+1","Rebound+1"],"picked":"SKIP","floor":39},{"not_picked":["Forethought+1","Chrysalis+1"],"picked":"Violence+1","floor":41},{"not_picked":["Compile Driver","Stack+1","Capacitor"],"picked":"SKIP","floor":42},{"not_picked":["Redo+1","Steam+1"],"picked":"Gash+1","floor":45},{"not_picked":["Fusion+1","Redo+1","Hologram+1"],"picked":"SKIP","floor":47},{"not_picked":["Static Discharge","Deep Breath+1"],"picked":"Heatsinks+1","floor":48}],"player_experience":39536,"relics_obtained":[{"floor":6,"key":"Toxic Egg 2"},{"floor":9,"key":"War Paint"},{"floor":23,"key":"Pantograph"},{"floor":25,"key":"Oddly Smooth Stone"},{"floor":26,"key":"Bronze Scales"},{"floor":29,"key":"MawBank"},{"floor":30,"key":"Red Mask"},{"floor":34,"key":"Regal Pillow"},{"floor":34,"key":"Pear"},{"floor":34,"key":"Peace Pipe"},{"floor":42,"key":"Boot"},{"floor":43,"key":"Bird Faced Urn"},{"floor":45,"key":"Cables"}],"event_choices":[{"damage_healed":0,"gold_gain":0,"player_choice":"Upgraded","damage_taken":0,"max_hp_gain":0,"max_hp_loss":0,"event_name":"Upgrade Shrine","floor":3,"gold_loss":0,"cards_upgraded":["Echo Form"]},{"cards_removed":["Demon Form"],"damage_healed":0,"gold_gain":0,"player_choice":"Purged","damage_taken":0,"max_hp_gain":0,"max_hp_loss":0,"event_name":"Purifier","floor":5,"gold_loss":0},{"damage_healed":22,"gold_gain":0,"player_choice":"Healed and dodged fight","damage_taken":0,"max_hp_gain":0,"max_hp_loss":0,"event_name":"Mushrooms","floor":13,"gold_loss":0,"cards_obtained":["Parasite"]},{"cards_removed":["Parasite"],"damage_healed":0,"gold_gain":0,"player_choice":"Purged","damage_taken":0,"max_hp_gain":0,"max_hp_loss":0,"event_name":"Purifier","floor":19,"gold_loss":0},{"damage_healed":0,"gold_gain":0,"player_choice":"Inject Mutagens","damage_taken":0,"relics_obtained":["MutagenicStrength"],"max_hp_gain":0,"max_hp_loss":0,"event_name":"Drug Dealer","floor":22,"gold_loss":0},{"damage_healed":0,"gold_gain":99,"player_choice":"Stole From Cult","damage_taken":0,"max_hp_gain":0,"max_hp_loss":0,"event_name":"Nest","floor":27,"gold_loss":0},{"damage_healed":0,"gold_gain":0,"player_choice":"Fought Bandits","damage_taken":0,"max_hp_gain":0,"max_hp_loss":0,"event_name":"Masked Bandits","floor":30,"gold_loss":0},{"damage_healed":0,"gold_gain":0,"player_choice":"Got Potions","damage_taken":0,"max_hp_gain":0,"max_hp_loss":0,"event_name":"Lab","floor":37,"gold_loss":0},{"damage_healed":0,"gold_gain":0,"player_choice":"Memory 1","damage_taken":0,"max_hp_gain":0,"max_hp_loss":0,"event_name":"SensoryStone","floor":41,"gold_loss":0},{"damage_healed":0,"gold_gain":0,"player_choice":"Ignored","damage_taken":0,"max_hp_gain":0,"max_hp_loss":0,"event_name":"NoteForYourself","floor":46,"gold_loss":0}],"is_beta":false,"boss_relics":[{"not_picked":["Black Star","Velvet Choker"],"picked":"Inserter"},{"not_picked":["Snecko Eye","Runic Pyramid"],"picked":"Calling Bell"}],"items_purged_floors":[20],"is_endless":false,"potions_floor_spawned":[2,10,16,18,21,23,33,35,42,45],"ascension_level":0}