{"gold_per_floor":[16,31,31,206,281,281,306,306,306,324,349,367,367,51,51,156,156,172,185,33,50,50,50,83,97,97,111,131,131,31,45,45,140,140,153,28,39,52,101,101,112,112,166,186,216,78,78,96,96,96],"floor_reached":50,"playtime":2958,"items_purged":["Doubt","Writhe","Strike_G","Strike_G"],"score":789,"play_id":"435e9837-85ba-49e2-8109-fd5a82927509","local_time":"20180921021828","is_ascension_mode":true,"campfire_choices":[{"data":"Poisoned Stab","floor":6,"key":"SMITH"},{"data":"Survivor","floor":8,"key":"SMITH"},{"data":"Poisoned Stab","floor":13,"key":"SMITH"},{"floor":15,"key":"REST"},{"data":"Apotheosis","floor":23,"key":"SMITH"},{"floor":29,"key":"REST"},{"floor":32,"key":"REST"},{"floor":40,"key":"REST"},{"data":"A Thousand Cuts","floor":42,"key":"SMITH"},{"data":"Envenom","floor":47,"key":"SMITH"},{"floor":49,"key":"REST"}],"neow_cost":"NO_GOLD","seed_source_timestamp":415608098364517,"circlet_count":0,"master_deck":["Defend_G","Defend_G","Defend_G","Defend_G","Defend_G","Strike_G","Strike_G","Strike_G","Survivor+1","Neutralize+1","Poisoned Stab+1","PiercingWail","Poisoned Stab+1","Backstab","Poisoned Stab","Apotheosis+1","Noxious Fumes","A Thousand Cuts+1","Backstab+1","Backflip","Backstab","Die Die Die","Well Laid Plans+1","Poisoned Stab","Envenom+1","Noxious Fumes","Die Die Die","Dagger Spray+1","Escape Plan+1","Blade Dance+1","Infinite Blades","Dagger Spray+1"],"relics":["Ring of the Snake","Strawberry","Incense Burner","PreservedInsect","Runic Pyramid","Blood Vial","Omamori","Dream Catcher","Singing Bowl","Sozu","Bird Faced Urn","Lantern","MawBank"],"potions_floor_usage":[7,11,19,21,21,25,33,38],"damage_taken":[{"damage":9,"enemies":"Jaw Worm","floor":1,"turns":9},{"damage":0,"enemies":"2 Louse","floor":2,"turns":2},{"damage":15,"enemies":"Gremlin Nob","floor":7,"turns":4},{"damage":0,"enemies":"Small Slimes","floor":10,"turns":5},{"damage":21,"enemies":"Lagavulin","floor":11,"turns":7},{"damage":0,"enemies":"3 Louse","floor":12,"turns":3},{"damage":2,"enemies":"Slime Boss","floor":16,"turns":8},{"damage":0,"enemies":"Chosen","floor":18,"turns":4},{"damage":7,"enemies":"3 Byrds","floor":19,"turns":6},{"damage":31,"enemies":"3 Cultists","floor":21,"turns":6},{"damage":4,"enemies":"Gremlin Leader","floor":24,"turns":7},{"damage":1,"enemies":"Cultist and Chosen","floor":25,"turns":8},{"damage":16,"enemies":"Snake Plant","floor":27,"turns":4},{"damage":14,"enemies":"Shelled Parasite and Fungi","floor":28,"turns":7},{"damage":0,"enemies":"Chosen and Byrds","floor":31,"turns":6},{"damage":47,"enemies":"Automaton","floor":33,"turns":9},{"damage":3,"enemies":"3 Shapes","floor":35,"turns":4},{"damage":10,"enemies":"Orb Walker","floor":37,"turns":4},{"damage":20,"enemies":"Reptomancer","floor":38,"turns":7},{"damage":48,"enemies":"Mysterious Sphere","floor":39,"turns":6},{"damage":6,"enemies":"4 Shapes","floor":41,"turns":5},{"damage":30,"enemies":"3 Darklings","floor":44,"turns":6},{"damage":0,"enemies":"Nemesis","floor":45,"turns":3},{"damage":19,"enemies":"Transient","floor":48,"turns":5},{"damage":65,"enemies":"Donu and Deca","floor":50,"turns":4}],"seed_played":"-3612628343630888718","potions_obtained":[{"floor":1,"key":"Swift Potion"},{"floor":7,"key":"Swift Potion"},{"floor":11,"key":"Dexterity Potion"},{"floor":16,"key":"Weak Potion"},{"floor":18,"key":"SpeedPotion"},{"floor":24,"key":"Block Potion"},{"floor":28,"key":"Dexterity Potion"},{"floor":33,"key":"Strength Potion"}],"is_trial":false,"path_per_floor":["M","M","?","?","?","R","E","R","T","M","E","M","R","$","R","B",null,"M","M","$","M","?","R","E","M","T","M","M","R","$","M","R","B",null,"M","$","M","M","?","R","M","R","T","M","E","$","R","M","R"],"character_chosen":"THE_SILENT","items_purchased":["Apotheosis","Noxious Fumes","Blood Vial"],"campfire_rested":5,"item_purchase_floors":[14,14,20],"current_hp_per_floor":[68,68,68,68,57,57,49,49,49,49,28,28,28,28,55,53,82,82,75,75,46,46,46,44,45,45,31,19,46,46,48,75,30,76,75,75,67,49,5,34,42,42,42,22,32,32,32,23,54,0],"gold":96,"neow_bonus":"TWENTY_PERCENT_HP_BONUS","is_prod":false,"is_daily":false,"chose_seed":false,"campfire_upgraded":6,"win_rate":0,"timestamp":1537463908,"path_taken":["M","M","?","?","?","R","E","R","T","M","E","M","R","$","R","BOSS","M","M","$","?","?","R","E","M","T","M","M","R","$","M","R","BOSS","M","$","M","M","?","R","M","R","T","M","E","$","R","M","R","BOSS"],"build_version":"2018-09-06","purchased_purges":4,"victory":false,"max_hp_per_floor":[84,84,84,84,84,84,91,91,91,91,91,91,91,91,91,91,91,91,91,91,91,91,91,91,91,91,91,91,91,91,91,91,91,91,91,91,91,91,93,95,97,97,97,97,97,97,97,99,101,101],"card_choices":[{"not_picked":["Masterful Stab","Sucker Punch"],"picked":"Poisoned Stab","floor":1},{"not_picked":["Slice","Expertise","Choke"],"picked":"SKIP","floor":2},{"not_picked":["Calculated Gamble","Sucker Punch"],"picked":"PiercingWail","floor":7},{"not_picked":["Slice","Sucker Punch"],"picked":"Poisoned Stab","floor":10},{"not_picked":["Deflect","Malaise"],"picked":"Backstab","floor":11},{"not_picked":["Riddle With Holes","All Out Attack"],"picked":"Poisoned Stab","floor":12},{"not_picked":["Burst","Glass Knife"],"picked":"A Thousand Cuts","floor":16},{"not_picked":["Quick Slash+1","Eviscerate+1","Acrobatics"],"picked":"SKIP","floor":18},{"not_picked":["Bouncing Flask","Sucker Punch","Quick Slash+1"],"picked":"SKIP","floor":19},{"not_picked":["Deadly Poison","Quick Slash+1"],"picked":"Backstab+1","floor":21},{"not_picked":["Finisher","Poisoned Stab"],"picked":"Backflip","floor":24},{"not_picked":["Deflect","Tactician+1"],"picked":"Backstab","floor":25},{"not_picked":["Choke","Acrobatics"],"picked":"Die Die Die","floor":27},{"not_picked":["Flying Knee","Dagger Spray"],"picked":"Well Laid Plans+1","floor":28},{"not_picked":["Flying Knee","Endless Agony"],"picked":"Poisoned Stab","floor":29},{"not_picked":["Outmaneuver","Dagger Throw"],"picked":"Envenom","floor":31},{"not_picked":["Deadly Poison+1","Underhanded Strike"],"picked":"Noxious Fumes","floor":32},{"not_picked":["Tools of the Trade","A Thousand Cuts"],"picked":"Die Die Die","floor":33},{"not_picked":["Concentrate+1","Sucker Punch+1"],"picked":"Dagger Spray+1","floor":35},{"not_picked":["Slice+1","Well Laid Plans+1"],"picked":"Escape Plan+1","floor":37},{"not_picked":["PiercingWail","Eviscerate+1"],"picked":"Blade Dance+1","floor":38},{"not_picked":["Sucker Punch+1","Choke","Accuracy"],"picked":"Singing Bowl","floor":39},{"not_picked":["Slice","Grand Finale","Prepared+1"],"picked":"Singing Bowl","floor":40},{"not_picked":["Distraction","Heel Hook","Dodge and Roll"],"picked":"Singing Bowl","floor":41},{"not_picked":["Deadly Poison","Reflex"],"picked":"Infinite Blades","floor":44},{"not_picked":["Noxious Fumes+1","Slice"],"picked":"Dagger Spray+1","floor":45},{"not_picked":["Riddle With Holes","Bane","Prepared+1"],"picked":"Singing Bowl","floor":48},{"not_picked":["Blur","Slice","Backflip"],"picked":"Singing Bowl","floor":49}],"player_experience":313560,"relics_obtained":[{"floor":7,"key":"Strawberry"},{"floor":9,"key":"Incense Burner"},{"floor":11,"key":"PreservedInsect"},{"floor":24,"key":"Dream Catcher"},{"floor":26,"key":"Singing Bowl"},{"floor":39,"key":"Bird Faced Urn"},{"floor":43,"key":"Lantern"},{"floor":45,"key":"MawBank"}],"event_choices":[{"event_name":"Living Wall","player_choice":"Grow","floor":3,"damage_taken":0},{"event_name":"Liars Game","player_choice":"agreed","floor":4,"damage_taken":0},{"event_name":"World of Goop","player_choice":"Gather Gold","floor":5,"damage_taken":0},{"event_name":"The Mausoleum","player_choice":"Yes","floor":22,"damage_taken":0},{"event_name":"Mysterious Sphere","player_choice":"Fight","floor":39,"damage_taken":0}],"is_beta":false,"boss_relics":[{"not_picked":["Calling Bell","Fusion Hammer"],"picked":"Runic Pyramid"},{"not_picked":["Orrery","Ring of the Serpent"],"picked":"Sozu"}],"items_purged_floors":[14,30,36,46],"is_endless":false,"potions_floor_spawned":[1,7,11,16,18,24,28,33,35,39,41],"killed_by":"Donu and Deca","ascension_level":7}