{"gold_per_floor":[117,136,311,586,603,603,634,634,657,14,32,47,66,66,66,167,167,167,167,167,43,43,43,43,43,43,43,43,43,43,43,43,43],"floor_reached":33,"playtime":1252,"items_purged":["Regret","Doubt"],"score":307,"play_id":"fee0277d-188c-4094-a754-a5a0a9d45ba4","local_time":"20190430211310","is_ascension_mode":true,"campfire_choices":[{"data":"Go for the Eyes","floor":6,"key":"SMITH"},{"floor":8,"key":"REST"},{"floor":15,"key":"REST"},{"floor":23,"key":"RECALL"},{"data":"Echo Form","floor":27,"key":"SMITH"},{"floor":30,"key":"REST"},{"floor":32,"key":"REST"}],"neow_cost":"NONE","seed_source_timestamp":1302899533826332,"circlet_count":0,"master_deck":["Strike_B","Strike_B","Strike_B","Strike_B","Defend_B","Defend_B","Defend_B","Defend_B","Zap","Dualcast","Go for the Eyes+1","Rebound","FTL","Electrodynamics","Leap","Bandage Up","Cold Snap","Cold Snap","Echo Form+1","Stack","Ball Lightning+1","Streamline","Conserve Battery","Steam"],"relics":["Runic Dome","PreservedInsect","Happy Flower","Oddly Smooth Stone","Turnip","Ectoplasm","NlothsMask","Orichalcum"],"potions_floor_usage":[16],"damage_taken":[{"damage":7,"enemies":"Jaw Worm","floor":1,"turns":4},{"damage":1,"enemies":"Cultist","floor":2,"turns":3},{"damage":6,"enemies":"Small Slimes","floor":5,"turns":3},{"damage":53,"enemies":"3 Sentries","floor":7,"turns":9},{"damage":20,"enemies":"Gremlin Gang","floor":11,"turns":3},{"damage":6,"enemies":"Lots of Slimes","floor":12,"turns":3},{"damage":0,"enemies":"Large Slime","floor":13,"turns":4},{"damage":42,"enemies":"The Guardian","floor":16,"turns":14},{"damage":0,"enemies":"3 Byrds","floor":18,"turns":6},{"damage":1,"enemies":"Shell Parasite","floor":20,"turns":7},{"damage":9,"enemies":"Snake Plant","floor":22,"turns":4},{"damage":0,"enemies":"Chosen and Byrds","floor":24,"turns":5},{"damage":20,"enemies":"Colosseum Slavers","floor":28,"turns":5},{"damage":17,"enemies":"Gremlin Leader","floor":29,"turns":6},{"damage":24,"enemies":"Snecko","floor":31,"turns":4},{"damage":92,"enemies":"Champ","floor":33,"turns":14}],"seed_played":"-5828229988283086502","potions_obtained":[{"floor":2,"key":"FocusPotion"},{"floor":5,"key":"Ancient Potion"},{"floor":13,"key":"Regen Potion"},{"floor":22,"key":"Strength Potion"}],"is_trial":false,"path_per_floor":["M","M","?","?","M","R","E","R","T","$","M","M","M","?","R","B",null,"M","?","M","$","M","R","M","$","T","R","?","E","R","M","R","B"],"character_chosen":"DEFECT","items_purchased":["Oddly Smooth Stone","Turnip","Leap","Bandage Up","Streamline"],"campfire_rested":4,"item_purchase_floors":[10,10,10,10,21],"current_hp_per_floor":[68,67,67,67,61,61,8,30,30,30,14,12,16,21,45,12,80,80,80,80,80,71,71,79,79,79,79,59,46,70,46,70,0],"gold":43,"neow_bonus":"BOSS_RELIC","is_prod":false,"is_daily":false,"chose_seed":false,"campfire_upgraded":2,"win_rate":0,"timestamp":1556615590,"path_taken":["M","M","?","?","M","R","E","R","T","$","?","M","M","?","R","BOSS","M","?","?","$","M","R","M","?","T","R","?","E","R","M","R","BOSS"],"build_version":"2019-01-23","purchased_purges":2,"victory":false,"max_hp_per_floor":[75,75,75,75,75,75,75,75,75,75,75,75,75,80,80,80,80,80,80,80,80,80,80,80,80,80,80,80,80,80,80,80,80],"card_choices":[{"not_picked":["Barrage","Force Field"],"picked":"Go for the Eyes","floor":1},{"not_picked":["Hello World","Compile Driver"],"picked":"Rebound","floor":2},{"not_picked":["Sweeping Beam","Scrape"],"picked":"FTL","floor":5},{"not_picked":["Consume","Storm"],"picked":"Electrodynamics","floor":7},{"not_picked":["Leap","Compile Driver"],"picked":"Cold Snap","floor":11},{"not_picked":["Beam Cell","Hologram"],"picked":"Cold Snap","floor":12},{"not_picked":["Turbo","Sweeping Beam","Fission"],"picked":"SKIP","floor":13},{"not_picked":["Fission","Reboot"],"picked":"Echo Form","floor":16},{"not_picked":["Compile Driver","Cold Snap"],"picked":"Stack","floor":18},{"not_picked":["Go for the Eyes","Scrape"],"picked":"Ball Lightning+1","floor":20},{"not_picked":["Stack","Beam Cell"],"picked":"Conserve Battery","floor":22},{"not_picked":["Rip and Tear","Turbo","Go for the Eyes"],"picked":"SKIP","floor":24},{"not_picked":["Hello World+1","Sweeping Beam"],"picked":"Steam","floor":29},{"not_picked":["FTL","Redo","Chill"],"picked":"SKIP","floor":31}],"player_experience":146322,"relics_obtained":[{"floor":7,"key":"PreservedInsect"},{"floor":9,"key":"Happy Flower"},{"floor":29,"key":"Orichalcum"}],"event_choices":[{"damage_healed":0,"gold_gain":175,"player_choice":"AGREE","damage_taken":0,"max_hp_gain":0,"max_hp_loss":0,"event_name":"Liars Game","floor":3,"gold_loss":0,"cards_obtained":["Doubt"]},{"damage_healed":0,"gold_gain":275,"player_choice":"Desecrate","damage_taken":0,"max_hp_gain":0,"max_hp_loss":0,"event_name":"Golden Shrine","floor":4,"gold_loss":0,"cards_obtained":["Regret"]},{"damage_healed":0,"gold_gain":0,"player_choice":"Donut","damage_taken":0,"max_hp_gain":5,"max_hp_loss":0,"event_name":"Big Fish","floor":14,"gold_loss":0},{"damage_healed":0,"gold_gain":0,"player_choice":"Trade","damage_taken":0,"relics_obtained":["NlothsMask"],"max_hp_gain":0,"max_hp_loss":0,"event_name":"FaceTrader","floor":19,"gold_loss":0},{"damage_healed":0,"gold_gain":0,"player_choice":"Fight","damage_taken":0,"max_hp_gain":0,"max_hp_loss":0,"event_name":"Colosseum","floor":28,"gold_loss":0},{"damage_healed":0,"gold_gain":0,"player_choice":"Fled From Nobs","damage_taken":0,"max_hp_gain":0,"max_hp_loss":0,"event_name":"Colosseum","floor":28,"gold_loss":0}],"is_beta":false,"boss_relics":[{"not_picked":["Lizard Tail","Busted Crown"],"picked":"Ectoplasm"}],"items_purged_floors":[10,21],"is_endless":false,"potions_floor_spawned":[2,5,13,22,28,29,31],"killed_by":"Champ","ascension_level":3}