{"gold_per_floor":[209,31,48,66,85,85,96,96,148,161,191,49,124,54,54,150,150,166,166,166,190,217,229,241,178,190,219,258,286,317,345,357,473,485,514,546,558,570,129,129,160,160,211,143,143,156,102,127,127,127,127,127,9,38,38],"floor_reached":55,"playtime":2613,"items_purged":["Strike_G"],"score":1155,"play_id":"815deb10-f700-425d-a212-dd13a683b572","local_time":"20190512164246","is_ascension_mode":true,"campfire_choices":[{"data":"Apotheosis","floor":6,"key":"SMITH"},{"floor":8,"key":"REST"},{"floor":15,"key":"REST"},{"floor":23,"key":"REST"},{"floor":32,"key":"REST"},{"floor":40,"key":"REST"},{"floor":42,"key":"RECALL"},{"floor":45,"key":"REST"},{"floor":49,"key":"REST"},{"floor":52,"key":"REST"}],"neow_cost":"NONE","seed_source_timestamp":2322112144094784,"circlet_count":0,"master_deck":["Defend_G","Defend_G","Defend_G","Defend_G","Defend_G","Strike_G","Strike_G+1","Survivor","Neutralize","All Out Attack","Apotheosis+1","Poisoned Stab+1","Backflip","Cloak And Dagger","Caltrops","Flying Knee","Footwork","Footwork","Well Laid Plans","Tools of the Trade","Noxious Fumes","Endless Agony","Wraith Form v2","Dodge and Roll","Distraction+1","Dodge and Roll","After Image","PiercingWail","Venomology","Leg Sweep","Caltrops","Dagger Spray+1","Backflip","Footwork"],"relics":["Ring of the Snake","Vajra","Paper Crane","Fusion Hammer","Ancient Tea Set","MawBank","Singing Bowl","Darkstone Periapt","Philosopher\u0027s Stone","Pear","Sundial","Strawberry","PreservedInsect","Whetstone","Happy Flower"],"potions_floor_usage":[31,33,33,41,50,50,50,50,50,50,54,55,55],"damage_taken":[{"damage":3,"enemies":"Cultist","floor":1,"turns":5},{"damage":1,"enemies":"Jaw Worm","floor":3,"turns":4},{"damage":7,"enemies":"2 Louse","floor":4,"turns":3},{"damage":6,"enemies":"Looter","floor":5,"turns":4},{"damage":6,"enemies":"Blue Slaver","floor":7,"turns":3},{"damage":7,"enemies":"Large Slime","floor":10,"turns":4},{"damage":15,"enemies":"Lagavulin","floor":11,"turns":6},{"damage":14,"enemies":"The Guardian","floor":16,"turns":10},{"damage":1,"enemies":"Spheric Guardian","floor":18,"turns":5},{"damage":9,"enemies":"3 Byrds","floor":22,"turns":2},{"damage":7,"enemies":"3 Cultists","floor":27,"turns":4},{"damage":26,"enemies":"Gremlin Leader","floor":28,"turns":7},{"damage":18,"enemies":"Shelled Parasite and Fungi","floor":29,"turns":5},{"damage":0,"enemies":"Snake Plant","floor":30,"turns":4},{"damage":0,"enemies":"Centurion and Healer","floor":31,"turns":8},{"damage":10,"enemies":"Collector","floor":33,"turns":10},{"damage":7,"enemies":"Orb Walker","floor":35,"turns":5},{"damage":3,"enemies":"3 Shapes","floor":36,"turns":6},{"damage":0,"enemies":"Nemesis","floor":41,"turns":14},{"damage":0,"enemies":"Maw","floor":46,"turns":10},{"damage":0,"enemies":"Giant Head","floor":48,"turns":9},{"damage":23,"enemies":"Donu and Deca","floor":50,"turns":14},{"damage":75,"enemies":"Shield and Spear","floor":54,"turns":9},{"damage":27,"enemies":"The Heart","floor":55,"turns":2}],"seed_played":"-5137725391024779438","potions_obtained":[{"floor":3,"key":"Block Potion"},{"floor":7,"key":"PowerPotion"},{"floor":16,"key":"SkillPotion"},{"floor":36,"key":"Poison Potion"}],"is_trial":false,"path_per_floor":["M","$","M","M","M","R","M","R","T","M","E","$","?","$","R","B",null,"M","?","?","T","M","R","?","?","T","M","E","M","M","M","R","B",null,"M","M","?","T","$","R","E","R","T","$","R","M","?","E","R","B",null,"R","$","E","B"],"character_chosen":"THE_SILENT","items_purchased":["Apotheosis","Footwork","Well Laid Plans","Pear","Venomology","Leg Sweep","Caltrops","Footwork","Dexterity Potion"],"campfire_rested":8,"item_purchase_floors":[2,12,14,39,39,39,44,53,53],"current_hp_per_floor":[60,60,59,52,46,46,40,61,61,54,39,39,28,28,49,35,61,60,60,60,60,51,70,57,57,57,52,28,10,10,10,33,23,65,58,57,57,57,67,91,93,93,100,100,100,100,100,100,100,77,94,100,100,27,0],"gold":38,"neow_bonus":"HUNDRED_GOLD","is_prod":false,"is_daily":false,"chose_seed":false,"campfire_upgraded":1,"win_rate":0,"timestamp":1557636166,"path_taken":["M","$","M","M","?","R","?","R","T","M","E","?","?","$","R","BOSS","M","?","?","?","M","R","?","?","T","M","E","M","M","M","R","BOSS","M","M","?","?","$","R","E","R","T","$","R","?","?","E","R","BOSS","R","$","E","BOSS"],"build_version":"2019-01-23","purchased_purges":1,"victory":false,"max_hp_per_floor":[70,70,70,70,70,70,70,70,70,70,70,70,70,70,70,70,70,70,70,70,70,70,70,75,75,75,77,79,79,79,79,79,79,79,79,81,81,81,91,91,93,93,100,100,100,100,100,100,100,100,100,100,100,102,102],"card_choices":[{"not_picked":["Blade Dance","Dagger Throw"],"picked":"All Out Attack","floor":1},{"not_picked":["Eviscerate","Deflect"],"picked":"Poisoned Stab","floor":3},{"not_picked":["Sucker Punch","Acrobatics"],"picked":"Backflip","floor":4},{"not_picked":["Blade Dance","Grand Finale"],"picked":"Cloak And Dagger","floor":5},{"not_picked":["Infinite Blades","Masterful Stab"],"picked":"Caltrops","floor":7},{"not_picked":["Poisoned Stab","Calculated Gamble"],"picked":"Flying Knee","floor":10},{"not_picked":["Backflip","Acrobatics"],"picked":"Footwork","floor":11},{"not_picked":["Wraith Form v2","Grand Finale"],"picked":"Tools of the Trade","floor":16},{"not_picked":["Cloak And Dagger","Leg Sweep"],"picked":"Noxious Fumes","floor":18},{"not_picked":["Crippling Poison","Quick Slash","Dagger Throw"],"picked":"SKIP","floor":22},{"not_picked":["Acrobatics","Underhanded Strike","Poisoned Stab"],"picked":"Singing Bowl","floor":27},{"not_picked":["Endless Agony","Finisher","Phantasmal Killer"],"picked":"Singing Bowl","floor":28},{"not_picked":["Acrobatics","Deadly Poison"],"picked":"Dodge and Roll","floor":29},{"not_picked":["Deadly Poison","Outmaneuver"],"picked":"Distraction+1","floor":30},{"not_picked":["Escape Plan","Unload"],"picked":"Dodge and Roll","floor":31},{"not_picked":["Grand Finale","Wraith Form v2"],"picked":"After Image","floor":33},{"not_picked":["Blade Dance+1","Flying Knee"],"picked":"PiercingWail","floor":35},{"not_picked":["Prepared","Tactician+1","Endless Agony+1"],"picked":"Singing Bowl","floor":36},{"not_picked":["Dagger Throw+1","Flechettes","Deadly Poison"],"picked":"Singing Bowl","floor":41},{"not_picked":["All Out Attack+1","Choke+1"],"picked":"Dagger Spray+1","floor":46},{"not_picked":["Blade Dance+1","Venomology"],"picked":"Backflip","floor":48},{"not_picked":["Calculated Gamble","Sucker Punch","Quick Slash"],"picked":"Singing Bowl","floor":54}],"player_experience":236145,"relics_obtained":[{"floor":9,"key":"Vajra"},{"floor":11,"key":"Paper Crane"},{"floor":21,"key":"MawBank"},{"floor":26,"key":"Singing Bowl"},{"floor":28,"key":"Darkstone Periapt"},{"floor":41,"key":"Sundial"},{"floor":43,"key":"Strawberry"},{"floor":48,"key":"Whetstone"},{"floor":54,"key":"Happy Flower"}],"event_choices":[{"damage_healed":0,"gold_gain":75,"player_choice":"Gather Gold","damage_taken":11,"max_hp_gain":0,"max_hp_loss":0,"event_name":"World of Goop","floor":13,"gold_loss":0},{"damage_healed":0,"gold_gain":0,"cards_transformed":["Strike_G","Strike_G"],"player_choice":"Became Test Subject","damage_taken":0,"max_hp_gain":0,"max_hp_loss":0,"event_name":"Drug Dealer","floor":19,"gold_loss":0,"cards_obtained":["Endless Agony","Wraith Form v2"]},{"damage_healed":0,"gold_gain":0,"player_choice":"Opened","damage_taken":0,"relics_obtained":["Ancient Tea Set"],"max_hp_gain":0,"max_hp_loss":0,"event_name":"The Mausoleum","floor":20,"gold_loss":0,"cards_obtained":["Writhe"]},{"damage_healed":0,"gold_gain":0,"player_choice":"Shed Blood","damage_taken":18,"max_hp_gain":5,"max_hp_loss":0,"event_name":"Forgotten Altar","floor":24,"gold_loss":0},{"cards_removed":["Writhe"],"damage_healed":0,"gold_gain":0,"player_choice":"Gave Gold","damage_taken":0,"max_hp_gain":0,"max_hp_loss":0,"event_name":"Beggar","floor":25,"gold_loss":75},{"damage_healed":0,"gold_gain":0,"player_choice":"Ignored","damage_taken":0,"max_hp_gain":0,"max_hp_loss":0,"event_name":"Tomb of Lord Red Mask","floor":37,"gold_loss":0},{"damage_healed":0,"gold_gain":0,"player_choice":"Paid Gold","damage_taken":0,"relics_obtained":["PreservedInsect"],"max_hp_gain":0,"max_hp_loss":0,"event_name":"WeMeetAgain","floor":47,"gold_loss":54}],"is_beta":false,"boss_relics":[{"not_picked":["Ring of the Serpent","Coffee Dripper"],"picked":"Fusion Hammer"},{"not_picked":["Busted Crown","Runic Pyramid"],"picked":"Philosopher\u0027s Stone"}],"items_purged_floors":[12],"is_endless":false,"potions_floor_spawned":[3,7,16,18,27,29,36,48],"killed_by":"The Heart","ascension_level":9}