{"gold_per_floor":[118,293,34,34,50,50,84,84,84,84,96,46,59,70,70,171,171,182,182,182,196,210,210,220,252,277,287,1,1,32,46,46,147,147,167,178,23,37,137,137,171,185,185,185,200,219,61,78,78,78],"floor_reached":51,"playtime":2295,"items_purged":["Pain"],"score":880,"play_id":"a1608c53-c46c-457a-9834-d42e0056b449","local_time":"20190516143920","is_ascension_mode":true,"campfire_choices":[{"data":"Hyperbeam","floor":6,"key":"SMITH"},{"floor":8,"key":"REST"},{"data":"Ball Lightning","floor":10,"key":"SMITH"},{"data":"Dualcast","floor":15,"key":"SMITH"},{"floor":23,"key":"REST"},{"floor":29,"key":"REST"},{"floor":32,"key":"REST"},{"floor":40,"key":"REST"},{"floor":44,"key":"REST"},{"floor":49,"key":"REST"}],"neow_cost":"NONE","seed_source_timestamp":5815288317200,"circlet_count":0,"master_deck":["Strike_B","Strike_B","Defend_B","Defend_B","Defend_B","Defend_B","Zap","Dualcast+1","Leap","Hyperbeam+1","Ball Lightning+1","Cold Snap","Conserve Battery+1","Fission+1","Gash+1","Conserve Battery+1","White Noise+1","Compile Driver+1","Redo+1","Loop","Discovery+1","Biased Cognition","Core Surge","Coolheaded+1","Redo+1","Lockon","Self Repair","Capacitor+1","Echo Form","Lockon+1","White Noise+1","Finesse+1","Gash+1"],"relics":["Cracked Core","Cables","Toxic Egg 2","Singing Bowl","Fusion Hammer","Potion Belt","Centennial Puzzle","DataDisk","Mercury Hourglass","Cursed Key","Gambling Chip","PreservedInsect","Turnip"],"potions_floor_usage":[16,25,33,38,48,50,50,50],"damage_taken":[{"damage":13,"enemies":"Jaw Worm","floor":1,"turns":4},{"damage":0,"enemies":"2 Louse","floor":5,"turns":1},{"damage":20,"enemies":"3 Sentries","floor":7,"turns":5},{"damage":0,"enemies":"Cultist","floor":11,"turns":2},{"damage":1,"enemies":"Blue Slaver","floor":13,"turns":3},{"damage":0,"enemies":"2 Fungi Beasts","floor":14,"turns":2},{"damage":11,"enemies":"The Guardian","floor":16,"turns":13},{"damage":12,"enemies":"3 Byrds","floor":18,"turns":3},{"damage":12,"enemies":"Shell Parasite","floor":21,"turns":5},{"damage":15,"enemies":"Snake Plant","floor":22,"turns":3},{"damage":0,"enemies":"Snecko","floor":24,"turns":5},{"damage":19,"enemies":"Slavers","floor":25,"turns":5},{"damage":10,"enemies":"Shelled Parasite and Fungi","floor":27,"turns":3},{"damage":35,"enemies":"Book of Stabbing","floor":30,"turns":4},{"damage":9,"enemies":"Snake Plant","floor":31,"turns":3},{"damage":31,"enemies":"Champ","floor":33,"turns":9},{"damage":14,"enemies":"3 Darklings","floor":35,"turns":3},{"damage":8,"enemies":"3 Shapes","floor":36,"turns":3},{"damage":12,"enemies":"Maw","floor":38,"turns":8},{"damage":31,"enemies":"Mind Bloom Boss Battle","floor":39,"turns":4},{"damage":52,"enemies":"Reptomancer","floor":41,"turns":5},{"damage":19,"enemies":"Sphere and 2 Shapes","floor":42,"turns":2},{"damage":12,"enemies":"4 Shapes","floor":45,"turns":2},{"damage":3,"enemies":"Maw","floor":46,"turns":4},{"damage":25,"enemies":"Spire Growth","floor":48,"turns":3},{"damage":32,"enemies":"Donu and Deca","floor":50,"turns":8}],"seed_played":"1285811132670711261","potions_obtained":[{"floor":7,"key":"Strength Potion"},{"floor":11,"key":"Fire Potion"},{"floor":13,"key":"Regen Potion"},{"floor":14,"key":"Explosive Potion"},{"floor":16,"key":"GamblersBrew"},{"floor":22,"key":"Dexterity Potion"},{"floor":25,"key":"SpeedPotion"},{"floor":27,"key":"Fire Potion"},{"floor":30,"key":"Block Potion"},{"floor":36,"key":"LiquidBronze"},{"floor":38,"key":"Ancient Potion"},{"floor":39,"key":"SteroidPotion"}],"is_trial":false,"path_per_floor":["M","?","$","?","M","R","E","R","T","R","M","?","M","M","R","B",null,"M","?","?","M","M","R","M","E","T","M","$","R","E","M","R","B",null,"M","M","$","M","?","R","E","M","T","R","M","M","$","M","R","B",null],"character_chosen":"DEFECT","items_purchased":["Cables","DataDisk","Loop","Discovery+1","Lockon","Self Repair","Finesse+1"],"campfire_rested":7,"item_purchase_floors":[3,28,28,28,37,37,47],"current_hp_per_floor":[62,62,62,62,62,62,42,64,64,64,66,66,67,67,67,56,79,69,54,86,74,59,84,84,65,65,55,55,80,45,38,64,33,88,74,66,66,61,37,63,27,15,15,42,30,36,36,11,38,13],"gold":78,"neow_bonus":"REMOVE_CARD","is_prod":false,"is_daily":false,"chose_seed":false,"campfire_upgraded":3,"win_rate":0,"timestamp":1558031960,"path_taken":["M","?","$","?","?","R","E","R","T","R","M","?","M","M","R","BOSS","M","?","?","M","M","R","M","E","T","M","$","R","E","M","R","BOSS","M","M","?","M","?","R","E","M","T","R","M","M","$","M","R","BOSS"],"build_version":"2019-01-23","purchased_purges":1,"victory":true,"max_hp_per_floor":[75,75,75,75,75,75,75,75,75,75,77,77,79,79,79,79,79,81,86,86,86,86,86,86,86,86,86,86,86,86,88,88,88,88,88,88,88,88,88,88,90,90,90,90,90,92,92,92,92,92],"card_choices":[{"not_picked":["Steam Power","Hologram"],"picked":"Leap","floor":1},{"not_picked":["Coolheaded","Beam Cell"],"picked":"Ball Lightning","floor":5},{"not_picked":["Recycle","Barrage"],"picked":"Cold Snap","floor":7},{"not_picked":["Rip and Tear","Steam Power+1","Seek+1"],"picked":"Singing Bowl","floor":11},{"not_picked":["Hello World","Ball Lightning","Rebound"],"picked":"Singing Bowl","floor":13},{"not_picked":["Steam+1","Blizzard"],"picked":"Conserve Battery+1","floor":14},{"not_picked":["Electrodynamics","Thunder Strike"],"picked":"Fission+1","floor":16},{"not_picked":["Storm+1","Static Discharge","Steam Power+1"],"picked":"Singing Bowl","floor":18},{"not_picked":["Turbo+1","Steam+1"],"picked":"Gash+1","floor":21},{"not_picked":["Turbo+1","Steam Power+1"],"picked":"Conserve Battery+1","floor":22},{"not_picked":["Redo+1","Coolheaded+1"],"picked":"White Noise+1","floor":24},{"not_picked":["Amplify+1","Cold Snap"],"picked":"Compile Driver+1","floor":25},{"not_picked":["Leap+1","Conserve Battery+1"],"picked":"Redo+1","floor":27},{"not_picked":["Conserve Battery+1","Barrage"],"picked":"Biased Cognition","floor":30},{"not_picked":["Sweeping Beam","Ball Lightning","Barrage"],"picked":"Singing Bowl","floor":31},{"not_picked":["Thunder Strike","Reboot+1"],"picked":"Core Surge","floor":33},{"not_picked":["Skim+1","Streamline+1"],"picked":"Coolheaded+1","floor":35},{"not_picked":["Turbo+1","Steam+1"],"picked":"Redo+1","floor":36},{"not_picked":["Steam Power+1","Rebound+1"],"picked":"Capacitor+1","floor":38},{"not_picked":["Barrage+1","Chaos+1"],"picked":"Echo Form","floor":39},{"not_picked":["Heatsinks+1","Beam Cell","Static Discharge"],"picked":"Singing Bowl","floor":41},{"not_picked":["Sweeping Beam","Rip and Tear"],"picked":"Lockon+1","floor":42},{"not_picked":["Tempest+1","Aggregate+1"],"picked":"White Noise+1","floor":45},{"not_picked":["Ball Lightning","Compile Driver+1","Static Discharge"],"picked":"Singing Bowl","floor":46},{"not_picked":["Reboot+1","Streamline"],"picked":"Gash+1","floor":48}],"player_experience":200458,"relics_obtained":[{"floor":7,"key":"Toxic Egg 2"},{"floor":9,"key":"Singing Bowl"},{"floor":25,"key":"Potion Belt"},{"floor":26,"key":"Centennial Puzzle"},{"floor":30,"key":"Mercury Hourglass"},{"floor":39,"key":"Gambling Chip"},{"floor":41,"key":"PreservedInsect"},{"floor":43,"key":"Turnip"}],"event_choices":[{"damage_healed":0,"gold_gain":175,"player_choice":"AGREE","damage_taken":0,"max_hp_gain":0,"max_hp_loss":0,"event_name":"Liars Game","floor":2,"gold_loss":0,"cards_obtained":["Doubt"]},{"damage_healed":0,"gold_gain":0,"cards_transformed":["Strike_B"],"player_choice":"Transformed","damage_taken":0,"max_hp_gain":0,"max_hp_loss":0,"event_name":"Transmorgrifier","floor":4,"gold_loss":0,"cards_obtained":["Hyperbeam"]},{"cards_removed":["Doubt"],"damage_healed":0,"gold_gain":0,"player_choice":"Card Removal","damage_taken":0,"max_hp_gain":0,"max_hp_loss":0,"event_name":"The Cleric","floor":12,"gold_loss":50},{"damage_healed":0,"gold_gain":0,"player_choice":"Shed Blood","damage_taken":20,"max_hp_gain":5,"max_hp_loss":0,"event_name":"Forgotten Altar","floor":19,"gold_loss":0},{"damage_healed":32,"gold_gain":0,"player_choice":"Full Heal","damage_taken":0,"max_hp_gain":0,"max_hp_loss":0,"event_name":"Wheel of Change","floor":20,"gold_loss":0},{"damage_healed":0,"gold_gain":0,"player_choice":"Fight","damage_taken":0,"max_hp_gain":0,"max_hp_loss":0,"event_name":"MindBloom","floor":39,"gold_loss":0}],"is_beta":false,"boss_relics":[{"not_picked":["Eternal Feather","Black Star"],"picked":"Fusion Hammer"},{"not_picked":["FrozenCore","Inserter"],"picked":"Cursed Key"}],"items_purged_floors":[47],"is_endless":false,"potions_floor_spawned":[7,11,13,14,16,22,25,27,30,36,38,39,42,46],"ascension_level":4}