{"gold_per_floor":[117,133,16,91,101,101,111,122,122,122,139,151,151,183,183,286,286,304,219,219,206,206,206,535,535,559,559],"floor_reached":27,"playtime":2137,"items_purged":[],"score":233,"play_id":"65981046-4539-4d49-8542-a5f7c18ad900","local_time":"20180707032409","is_ascension_mode":false,"campfire_choices":[{"data":"Blade Dance","floor":6,"key":"SMITH"},{"floor":10,"key":"REST"},{"data":"Backflip","floor":13,"key":"SMITH"},{"floor":15,"key":"REST"},{"data":"Flying Knee","floor":23,"key":"SMITH"},{"floor":25,"key":"REST"}],"neow_cost":"NONE","seed_source_timestamp":20548746673371,"circlet_count":0,"master_deck":["Defend_G","Defend_G","Defend_G","Defend_G","Defend_G","Strike_G","Strike_G","Strike_G","Strike_G","Strike_G","Survivor","Neutralize","Backflip+1","Dagger Spray","Prepared","Infinite Blades","Blade Dance+1","Flying Knee+1","Prepared","Backstab","Dodge and Roll","RitualDagger","PiercingWail","Accuracy"],"relics":["Ring of the Snake","Potion Belt","Oddly Smooth Stone","Ancient Tea Set","Eternal Feather","Mummified Hand","Old Coin","Bronze Scales"],"potions_floor_usage":[7,16,24],"damage_taken":[{"damage":2,"enemies":"Small Slimes","floor":1,"turns":3},{"damage":6,"enemies":"2 Louse","floor":2,"turns":3},{"damage":1,"enemies":"Cultist","floor":5,"turns":3},{"damage":4,"enemies":"Gremlin Gang","floor":7,"turns":3},{"damage":17,"enemies":"Exordium Thugs","floor":8,"turns":6},{"damage":4,"enemies":"Large Slime","floor":11,"turns":6},{"damage":6,"enemies":"Blue Slaver","floor":12,"turns":4},{"damage":6,"enemies":"Lagavulin","floor":14,"turns":8},{"damage":40,"enemies":"Hexaghost","floor":16,"turns":15},{"damage":19,"enemies":"Shell Parasite","floor":18,"turns":12},{"damage":11,"enemies":"2 Thieves","floor":21,"turns":4},{"damage":22,"enemies":"Slavers","floor":24,"turns":7},{"damage":56,"enemies":"Gremlin Leader","floor":27,"turns":4}],"seed_played":"7909893717523505910","potions_obtained":[{"floor":5,"key":"Block Potion"},{"floor":8,"key":"FearPotion"},{"floor":11,"key":"Energy Potion"},{"floor":12,"key":"GhostInAJar"},{"floor":21,"key":"AttackPotion"}],"is_trial":false,"path_per_floor":["M","M","$","?","M","R","M","M","T","R","M","M","R","E","R","B",null,"M","?","?","M","?","R","E","R","T"],"character_chosen":"THE_SILENT","items_purchased":["Prepared","Infinite Blades"],"campfire_rested":3,"item_purchase_floors":[3,3],"current_hp_per_floor":[68,62,62,51,50,50,46,29,29,50,46,40,40,34,55,15,70,51,51,45,34,34,42,20,49,49,0],"gold":559,"neow_bonus":"RANDOM_COMMON_RELIC","is_prod":false,"is_daily":false,"chose_seed":false,"campfire_upgraded":3,"win_rate":0.0,"timestamp":1530901449,"path_taken":["M","M","$","?","?","R","M","M","T","R","M","M","R","E","R","BOSS","M","?","?","M","?","R","E","R","T","E"],"build_version":"2018-07-05","purchased_purges":0,"victory":false,"max_hp_per_floor":[70,70,70,70,70,70,70,70,70,70,70,70,70,70,70,70,70,70,70,70,70,70,70,70,70,70,70],"card_choices":[{"not_picked":["Acrobatics","Infinite Blades"],"picked":"Backflip","floor":1},{"not_picked":["Prepared","Caltrops"],"picked":"Dagger Spray","floor":2},{"not_picked":["Outmaneuver","Deflect"],"picked":"Blade Dance","floor":5},{"not_picked":["Choke","Underhanded Strike"],"picked":"Flying Knee","floor":7},{"not_picked":["Catalyst","Skewer","Calculated Gamble"],"picked":"SKIP","floor":8},{"not_picked":["Outmaneuver","Reflex","Deflect"],"picked":"SKIP","floor":11},{"not_picked":["Slice","Outmaneuver"],"picked":"Prepared","floor":12},{"not_picked":["Reflex","Glass Knife"],"picked":"Backstab","floor":14},{"not_picked":["Terror","Calculated Gamble"],"picked":"Dodge and Roll","floor":18},{"not_picked":["Infinite Blades","Sucker Punch"],"picked":"PiercingWail","floor":21},{"not_picked":["Masterful Stab","Escape Plan+1"],"picked":"Accuracy","floor":24}],"player_experience":44216,"relics_obtained":[{"floor":9,"key":"Oddly Smooth Stone"},{"floor":14,"key":"Ancient Tea Set"},{"floor":24,"key":"Old Coin"},{"floor":26,"key":"Bronze Scales"}],"event_choices":[{"event_name":"World of Goop","player_choice":"Gather Gold","floor":4,"damage_taken":0},{"event_name":"Addict","player_choice":"Obtained Relic","floor":19,"damage_taken":0},{"event_name":"Nest","player_choice":"Joined the Cult","floor":20,"damage_taken":0},{"event_name":"Ghosts","player_choice":"Ignored","floor":22,"damage_taken":0}],"boss_relics":[{"not_picked":["Ectoplasm","Fusion Hammer"],"picked":"Eternal Feather"}],"items_purged_floors":[],"is_endless":false,"potions_floor_spawned":[5,8,11,12,21],"killed_by":"Gremlin Leader","ascension_level":0}