{"gold_per_floor":[114,189,117,130,130,130,205,205,229,242,242,258,258,275,275,372,372,372,372,312,312,239,239,239,239,239,239,239,239,239],"floor_reached":30,"playtime":1010,"items_purged":[],"score":372,"play_id":"6e9f8ba8-5e46-4c66-8014-9ef168799790","local_time":"20190514152341","is_ascension_mode":true,"campfire_choices":[{"data":"Well Laid Plans","floor":6,"key":"SMITH"},{"data":"Footwork","floor":8,"key":"SMITH"},{"data":"Neutralize","floor":11,"key":"SMITH"},{"data":"A Thousand Cuts","floor":13,"key":"SMITH"},{"data":"Cloak And Dagger","floor":15,"key":"SMITH"},{"floor":23,"key":"REST"}],"neow_cost":"NONE","seed_source_timestamp":2491774122525634,"circlet_count":0,"master_deck":["AscendersBane","Defend_G","Defend_G","Defend_G","Defend_G","Defend_G","Strike_G","Strike_G","Strike_G","Strike_G","Survivor","Neutralize+1","Footwork+1","Well Laid Plans+1","PiercingWail","Cloak And Dagger+1","A Thousand Cuts+1","Sucker Punch","Malaise","Deadly Poison+1","Bouncing Flask","Catalyst","A Thousand Cuts","Footwork+1","Cloak And Dagger","Dagger Spray","A Thousand Cuts+1"],"relics":["Ring of the Snake","Regal Pillow","Blood Vial","Ectoplasm","Mummified Hand","Question Card"],"potions_floor_usage":[10,24,24,27],"damage_taken":[{"damage":0,"enemies":"Small Slimes","floor":1,"turns":3},{"damage":3,"enemies":"2 Louse","floor":4,"turns":3},{"damage":0,"enemies":"Cultist","floor":10,"turns":5},{"damage":0,"enemies":"Exordium Wildlife","floor":12,"turns":6},{"damage":5,"enemies":"Blue Slaver","floor":14,"turns":4},{"damage":26,"enemies":"Hexaghost","floor":16,"turns":14},{"damage":5,"enemies":"3 Byrds","floor":18,"turns":5},{"damage":15,"enemies":"2 Thieves","floor":20,"turns":4},{"damage":16,"enemies":"Snecko","floor":21,"turns":6},{"damage":19,"enemies":"Gremlin Leader","floor":24,"turns":9},{"damage":27,"enemies":"Shelled Parasite and Fungi","floor":27,"turns":5},{"damage":5,"enemies":"3 Cultists","floor":28,"turns":6},{"damage":23,"enemies":"Snake Plant","floor":30,"turns":2}],"seed_played":"-3572877059095573274","potions_obtained":[{"floor":1,"key":"Strength Potion"},{"floor":4,"key":"Regen Potion"},{"floor":16,"key":"SpeedPotion"},{"floor":20,"key":"Block Potion"},{"floor":21,"key":"PowerPotion"},{"floor":24,"key":"AttackPotion"},{"floor":28,"key":"SteroidPotion"}],"is_trial":false,"path_per_floor":["M","?","$","M","?","R","?","R","T","M","R","M","R","M","R","B",null,"M","?","M","M","$","R","E","?","T","M","M","?","M"],"character_chosen":"THE_SILENT","items_purchased":["Well Laid Plans","A Thousand Cuts"],"campfire_rested":1,"item_purchase_floors":[3,22],"current_hp_per_floor":[63,52,52,49,42,42,35,35,35,51,51,53,53,50,50,26,59,56,56,43,29,29,65,48,48,48,23,20,20,0],"gold":239,"neow_bonus":"RANDOM_COMMON_RELIC","is_prod":false,"is_daily":false,"chose_seed":false,"campfire_upgraded":5,"win_rate":0,"timestamp":1557804221,"path_taken":["M","?","$","M","?","R","?","R","T","M","R","M","R","?","R","BOSS","M","?","M","M","$","R","E","?","T","?","?","?","M"],"build_version":"2019-01-23","purchased_purges":0,"victory":false,"max_hp_per_floor":[70,70,70,70,70,70,70,70,70,70,70,70,70,70,70,70,70,70,70,70,70,70,70,70,70,70,70,70,70,70],"card_choices":[{"not_picked":["Finisher","Flying Knee"],"picked":"Footwork","floor":1},{"not_picked":["Leg Sweep","Prepared"],"picked":"PiercingWail","floor":4},{"not_picked":["Slice","Sucker Punch"],"picked":"Cloak And Dagger","floor":10},{"not_picked":["Caltrops","Leg Sweep"],"picked":"A Thousand Cuts","floor":12},{"not_picked":["Outmaneuver","Accuracy"],"picked":"Sucker Punch","floor":14},{"not_picked":["Burst","Phantasmal Killer"],"picked":"Malaise","floor":16},{"not_picked":["Prepared","Sucker Punch"],"picked":"Deadly Poison+1","floor":18},{"not_picked":["Dagger Throw+1","Slice"],"picked":"Bouncing Flask","floor":20},{"not_picked":["Skewer+1","Dagger Throw+1"],"picked":"Catalyst","floor":21},{"not_picked":["Quick Slash","Glass Knife"],"picked":"Footwork+1","floor":24},{"not_picked":["Sucker Punch","Crippling Poison","Caltrops"],"picked":"Cloak And Dagger","floor":27},{"not_picked":["Footwork","Finisher","Outmaneuver+1"],"picked":"Dagger Spray","floor":28}],"player_experience":243763,"relics_obtained":[{"floor":9,"key":"Blood Vial"},{"floor":24,"key":"Mummified Hand"},{"floor":26,"key":"Question Card"}],"event_choices":[{"damage_healed":0,"gold_gain":75,"player_choice":"Gather Gold","damage_taken":11,"max_hp_gain":0,"max_hp_loss":0,"event_name":"World of Goop","floor":2,"gold_loss":0},{"cards_removed":["Strike_G"],"damage_healed":0,"gold_gain":0,"player_choice":"Card Removal","damage_taken":7,"max_hp_gain":0,"max_hp_loss":0,"event_name":"Golden Wing","floor":5,"gold_loss":0},{"damage_healed":0,"gold_gain":75,"player_choice":"Touch","damage_taken":7,"max_hp_gain":0,"max_hp_loss":0,"event_name":"FaceTrader","floor":7,"gold_loss":0},{"damage_healed":0,"gold_gain":0,"player_choice":"Ignored","damage_taken":0,"max_hp_gain":0,"max_hp_loss":0,"event_name":"Cursed Tome","floor":19,"gold_loss":0},{"damage_healed":0,"gold_gain":100,"player_choice":"Pray","damage_taken":0,"max_hp_gain":0,"max_hp_loss":0,"event_name":"Golden Shrine","floor":25,"gold_loss":0},{"damage_healed":0,"gold_gain":0,"player_choice":"Copied","damage_taken":0,"max_hp_gain":0,"max_hp_loss":0,"event_name":"Duplicator","floor":29,"gold_loss":0,"cards_obtained":["A Thousand Cuts"]}],"is_beta":false,"boss_relics":[{"not_picked":["Black Star","Velvet Choker"],"picked":"Ectoplasm"}],"items_purged_floors":[],"is_endless":false,"potions_floor_spawned":[1,4,16,20,21,24,28],"killed_by":"Snake Plant","ascension_level":11}