{"gold_per_floor":[112,131,148,16,16,57,57,98,153,153,172,216,216,216,216,216],"floor_reached":16,"playtime":596,"items_purged":[],"score":171,"play_id":"64b4f5e4-fa22-4add-a6a9-b93292982153","local_time":"20190517111744","is_ascension_mode":true,"campfire_choices":[{"data":"Rage","floor":7,"key":"SMITH"},{"floor":10,"key":"REST"},{"floor":13,"key":"REST"},{"data":"Bash","floor":15,"key":"SMITH"}],"neow_cost":"NONE","seed_source_timestamp":82007685847700,"circlet_count":0,"master_deck":["Strike_R","Strike_R","Strike_R","Strike_R","Strike_R","Defend_R","Defend_R","Defend_R","Defend_R","Bash+1","Rage+1","Headbutt","Shrug It Off","Flash of Steel","Thunderclap","Limit Break","Power Through","Twin Strike","Entrench+1"],"relics":["Burning Blood","NeowsBlessing","Golden Idol","Bottled Flame","Pen Nib","Art of War","PreservedInsect"],"potions_floor_usage":[6,11],"damage_taken":[{"damage":0,"enemies":"Cultist","floor":1,"turns":1},{"damage":0,"enemies":"2 Louse","floor":2,"turns":1},{"damage":0,"enemies":"Small Slimes","floor":3,"turns":2},{"damage":43,"enemies":"Lagavulin","floor":6,"turns":6},{"damage":32,"enemies":"3 Sentries","floor":8,"turns":11},{"damage":2,"enemies":"Exordium Wildlife","floor":11,"turns":4},{"damage":25,"enemies":"Lagavulin","floor":12,"turns":6},{"damage":40,"enemies":"Hexaghost","floor":16,"turns":10}],"seed_played":"-2169981385263214868","potions_obtained":[{"floor":3,"key":"Energy Potion"},{"floor":6,"key":"AttackPotion"}],"is_trial":false,"path_per_floor":["M","M","M","$","?","E","R","E","T","R","M","E","R","?","R","B"],"character_chosen":"IRONCLAD","items_purchased":["Flash of Steel","Thunderclap"],"campfire_rested":2,"item_purchase_floors":[4,4],"current_hp_per_floor":[78,80,80,80,74,37,37,11,11,33,37,18,40,40,40,0],"gold":216,"neow_bonus":"THREE_ENEMY_KILL","is_prod":false,"is_daily":false,"chose_seed":false,"campfire_upgraded":2,"win_rate":0,"timestamp":1558106264,"path_taken":["M","?","M","?","?","E","R","E","T","R","M","E","R","?","R","BOSS"],"build_version":"2019-01-23","purchased_purges":0,"victory":false,"max_hp_per_floor":[80,80,80,80,74,74,74,74,74,74,74,74,74,74,74,74],"card_choices":[{"not_picked":["Armaments","Feel No Pain"],"picked":"Rage","floor":1},{"not_picked":["Perfected Strike","Body Slam"],"picked":"Headbutt","floor":2},{"not_picked":["Sword Boomerang","Cleave"],"picked":"Shrug It Off","floor":3},{"not_picked":["Entrench","Warcry"],"picked":"Limit Break","floor":6},{"not_picked":["Perfected Strike","Body Slam"],"picked":"Power Through","floor":8},{"not_picked":["Clothesline","Armaments"],"picked":"Twin Strike","floor":11},{"not_picked":["Havoc","Double Tap"],"picked":"Entrench","floor":12}],"player_experience":205787,"relics_obtained":[{"floor":6,"key":"Bottled Flame"},{"floor":8,"key":"Pen Nib"},{"floor":9,"key":"Art of War"},{"floor":12,"key":"PreservedInsect"}],"event_choices":[{"damage_healed":0,"gold_gain":0,"player_choice":"Lose Max HP","damage_taken":0,"relics_obtained":["Golden Idol"],"max_hp_gain":0,"max_hp_loss":6,"event_name":"Golden Idol","floor":5,"gold_loss":0},{"damage_healed":0,"gold_gain":0,"player_choice":"Grow","damage_taken":0,"max_hp_gain":0,"max_hp_loss":0,"event_name":"Living Wall","floor":14,"gold_loss":0,"cards_upgraded":["Entrench"]}],"is_beta":false,"boss_relics":[],"items_purged_floors":[],"is_endless":false,"potions_floor_spawned":[3,6],"killed_by":"Hexaghost","ascension_level":9}