{"gold_per_floor":[115,115,40,57,72,100,100,0,0,10,10,42,42,56,56,158,158,173,185,202,77,77,77,106,106,106,106,119,119,119,85,85,85],"floor_reached":33,"playtime":1982,"items_purged":["Strike_G","Strike_G","Envenom"],"score":348,"play_id":"08b71fda-a3d1-4429-a318-95492a31183f","local_time":"20180909175412","is_ascension_mode":false,"campfire_choices":[{"data":"Neutralize","floor":7,"key":"SMITH"},{"data":"Blur","floor":11,"key":"SMITH"},{"data":"Bouncing Flask","floor":13,"key":"SMITH"},{"data":"Bouncing Flask","floor":15,"key":"SMITH"},{"floor":23,"key":"REST"},{"data":"Caltrops","floor":25,"key":"SMITH"},{"floor":27,"key":"REST"},{"data":"Noxious Fumes","floor":32,"key":"SMITH"}],"neow_cost":"TEN_PERCENT_HP_LOSS","seed_source_timestamp":65038700153345,"circlet_count":0,"master_deck":["Defend_G","Defend_G","Defend_G","Defend_G","Defend_G","Strike_G","Strike_G+1","Strike_G+1","Survivor","Neutralize+1","Bouncing Flask+1","Blur+1","Bouncing Flask+1","Caltrops+1","Noxious Fumes+1"],"relics":["Ring of the Snake","Ice Cream","Shuriken","Ancient Tea Set","Whetstone","Busted Crown","Bottled Lightning","Matryoshka","Bottled Tornado","Pantograph"],"potions_floor_usage":[10,12,16,16,16,24,24,24],"damage_taken":[{"damage":0,"enemies":"2 Louse","floor":1,"turns":4},{"damage":1,"enemies":"Cultist","floor":4,"turns":4},{"damage":2,"enemies":"Small Slimes","floor":5,"turns":4},{"damage":11,"enemies":"Lagavulin","floor":6,"turns":8},{"damage":0,"enemies":"Exordium Wildlife","floor":10,"turns":6},{"damage":0,"enemies":"Gremlin Nob","floor":12,"turns":4},{"damage":0,"enemies":"Blue Slaver","floor":14,"turns":3},{"damage":0,"enemies":"Slime Boss","floor":16,"turns":4},{"damage":0,"enemies":"Spheric Guardian","floor":18,"turns":3},{"damage":0,"enemies":"Chosen","floor":19,"turns":4},{"damage":24,"enemies":"Centurion and Healer","floor":20,"turns":6},{"damage":28,"enemies":"Slavers","floor":24,"turns":8},{"damage":25,"enemies":"3 Cultists","floor":28,"turns":6},{"damage":55,"enemies":"Champ","floor":33,"turns":8}],"seed_played":"5948146864242456363","potions_obtained":[{"floor":1,"key":"EntropicBrew"},{"floor":4,"key":"SpeedPotion"},{"floor":6,"key":"Poison Potion"},{"floor":10,"key":"Weak Potion"},{"floor":19,"key":"Strength Potion"},{"floor":20,"key":"Regen Potion"}],"is_trial":false,"path_per_floor":["M","?","$","M","M","E","R","$","T","M","R","E","R","M","R","B",null,"M","M","M","$","?","R","E","R","T","R","M","T","?","$","R"],"character_chosen":"THE_SILENT","items_purchased":["Noxious Fumes"],"campfire_rested":2,"item_purchase_floors":[31],"current_hp_per_floor":[63,63,63,62,60,49,49,49,49,49,49,49,49,49,49,49,63,63,63,39,39,28,48,35,35,35,55,30,30,30,30,30,0],"gold":85,"neow_bonus":"ONE_RARE_RELIC","is_prod":false,"is_daily":false,"chose_seed":false,"campfire_upgraded":6,"win_rate":0,"timestamp":1536486852,"path_taken":["M","?","$","M","M","E","R","$","T","M","R","E","R","M","R","BOSS","M","M","M","$","?","R","E","R","T","R","M","?","?","?","R","BOSS"],"build_version":"2018-08-16","purchased_purges":3,"victory":false,"max_hp_per_floor":[63,63,63,63,63,63,63,63,63,63,63,63,63,63,63,63,63,63,63,63,63,68,68,68,68,68,68,68,68,68,68,68,68],"card_choices":[{"not_picked":["Choke","Blade Dance"],"picked":"Bouncing Flask","floor":1},{"not_picked":["Eviscerate","All Out Attack"],"picked":"Blur","floor":4},{"not_picked":["Dash","Underhanded Strike","Endless Agony"],"picked":"SKIP","floor":5},{"not_picked":["Underhanded Strike","Leg Sweep","Finisher"],"picked":"SKIP","floor":6},{"not_picked":["Prepared","Acrobatics"],"picked":"Bouncing Flask","floor":10},{"not_picked":["Acrobatics","Choke","All Out Attack"],"picked":"SKIP","floor":12},{"not_picked":["PiercingWail","Slice","Calculated Gamble"],"picked":"SKIP","floor":14},{"not_picked":["Glass Knife","Die Die Die"],"picked":"Envenom","floor":16},{"not_picked":["Calculated Gamble+1"],"picked":"SKIP","floor":18},{"not_picked":[],"picked":"Caltrops","floor":19},{"not_picked":["Backflip"],"picked":"SKIP","floor":20},{"not_picked":["Choke"],"picked":"SKIP","floor":24},{"not_picked":["Dash"],"picked":"SKIP","floor":28}],"player_experience":28045,"relics_obtained":[{"floor":6,"key":"Shuriken"},{"floor":9,"key":"Ancient Tea Set"},{"floor":12,"key":"Whetstone"},{"floor":24,"key":"Bottled Lightning"},{"floor":26,"key":"Matryoshka"},{"floor":29,"key":"Bottled Tornado"},{"floor":29,"key":"Pantograph"}],"event_choices":[{"event_name":"Match and Keep!","player_choice":"0 cards matched","floor":2,"damage_taken":0},{"event_name":"Forgotten Altar","player_choice":"Shed Blood","floor":22,"damage_taken":0},{"event_name":"Ghosts","player_choice":"Ignored","floor":30,"damage_taken":0}],"is_beta":false,"boss_relics":[{"not_picked":["Snecko Eye","Calling Bell"],"picked":"Busted Crown"}],"items_purged_floors":[3,8,21],"is_endless":false,"potions_floor_spawned":[1,4,6,10,19,20],"killed_by":"Champ","ascension_level":0}