{"gold_per_floor":[119,54,64,64,77,102,79,79,160,160,179,194,214,234,234,333,333,353,364,383,32,43,43,73,73,73,84,84,184,184,201,201,305,305,324,324,334,346,27,27,52,52,52,72,72,100,118,128,128,128],"floor_reached":50,"playtime":2400,"items_purged":["Injury"],"score":523,"play_id":"58383d08-d78e-4f7a-a3db-4c1ca89ec24c","local_time":"20190515024854","is_ascension_mode":false,"campfire_choices":[{"data":"Self Repair","floor":8,"key":"SMITH"},{"data":"Zap","floor":10,"key":"SMITH"},{"data":"Core Surge","floor":15,"key":"SMITH"},{"data":"Creative AI","floor":23,"key":"SMITH"},{"data":"Static Discharge","floor":25,"key":"SMITH"},{"data":"Sunder","floor":28,"key":"SMITH"},{"data":"Hologram","floor":32,"key":"SMITH"},{"floor":40,"key":"RECALL"},{"floor":45,"key":"REST"},{"floor":49,"key":"REST"}],"neow_cost":"TEN_PERCENT_HP_LOSS","seed_source_timestamp":2531496830531034,"circlet_count":0,"master_deck":["Strike_B","Strike_B","Strike_B","Strike_B","Defend_B","Defend_B","Defend_B","Defend_B","Zap+1","Dualcast","Cold Snap","Coolheaded","Self Repair+1","FTL","Cold Snap","Coolheaded","Leap","Glacier","Core Surge+1","Creative AI+1","Static Discharge+1","Chaos","Sweeping Beam+1","Ball Lightning","Hologram+1","Reinforced Body","Sunder+1","Rebound","Hologram","Echo Form+1","Redo","Redo+1","Capacitor+1","Defragment+1","Decay","Pain","Amplify","Streamline+1","Parasite","Thunder Strike","Go for the Eyes+1"],"relics":["Cracked Core","Thread and Needle","Lantern","Nunchaku","Meat on the Bone","Cursed Key","Pear","Gambling Chip","Frozen Egg 2","Girya","Mummified Hand","Philosopher\u0027s Stone","Regal Pillow","Kunai","Smiling Mask"],"potions_floor_usage":[16,16,33,38,38,48,48],"damage_taken":[{"damage":0,"enemies":"Jaw Worm","floor":1,"turns":4},{"damage":0,"enemies":"Cultist","floor":3,"turns":3},{"damage":0,"enemies":"2 Louse","floor":5,"turns":3},{"damage":24,"enemies":"Gremlin Nob","floor":6,"turns":5},{"damage":8,"enemies":"Lots of Slimes","floor":11,"turns":4},{"damage":1,"enemies":"2 Fungi Beasts","floor":12,"turns":3},{"damage":0,"enemies":"3 Louse","floor":13,"turns":3},{"damage":0,"enemies":"Exordium Thugs","floor":14,"turns":4},{"damage":24,"enemies":"Slime Boss","floor":16,"turns":21},{"damage":0,"enemies":"Chosen","floor":18,"turns":6},{"damage":7,"enemies":"Spheric Guardian","floor":19,"turns":4},{"damage":6,"enemies":"Snake Plant","floor":20,"turns":5},{"damage":0,"enemies":"Cultist and Chosen","floor":22,"turns":7},{"damage":37,"enemies":"Book of Stabbing","floor":24,"turns":6},{"damage":0,"enemies":"Shelled Parasite and Fungi","floor":27,"turns":7},{"damage":17,"enemies":"Colosseum Slavers","floor":29,"turns":2},{"damage":15,"enemies":"Colosseum Nobs","floor":29,"turns":5},{"damage":1,"enemies":"Centurion and Healer","floor":31,"turns":8},{"damage":40,"enemies":"Champ","floor":33,"turns":11},{"damage":18,"enemies":"Orb Walker","floor":35,"turns":3},{"damage":11,"enemies":"3 Shapes","floor":37,"turns":3},{"damage":34,"enemies":"Maw","floor":38,"turns":8},{"damage":28,"enemies":"Spire Growth","floor":44,"turns":8},{"damage":17,"enemies":"Reptomancer","floor":46,"turns":6},{"damage":23,"enemies":"Writhing Mass","floor":47,"turns":5},{"damage":42,"enemies":"3 Darklings","floor":48,"turns":8},{"damage":73,"enemies":"Donu and Deca","floor":50,"turns":6}],"seed_played":"6144212627225988716","potions_obtained":[{"floor":5,"key":"PowerPotion"},{"floor":6,"key":"Dexterity Potion"},{"floor":11,"key":"EssenceOfSteel"},{"floor":12,"key":"Ancient Potion"},{"floor":22,"key":"SpeedPotion"},{"floor":24,"key":"Weak Potion"},{"floor":27,"key":"PowerPotion"},{"floor":33,"key":"Regen Potion"},{"floor":38,"key":"Fruit Juice"}],"is_trial":false,"path_per_floor":["M","?","M","?","M","E","$","R","T","R","M","M","M","M","R","B",null,"M","M","M","$","M","R","E","R","T","M","R","?","?","M","R","B",null,"M","?","M","M","$","R","T","$","T","M","R","E","M","M","R","B"],"character_chosen":"DEFECT","items_purchased":["Cold Snap","Pear","Ball Lightning","Hologram","Defragment+1","SkillPotion","Regal Pillow"],"campfire_rested":2,"item_purchase_floors":[7,21,21,21,39,39,39],"current_hp_per_floor":[68,68,68,68,68,51,51,51,51,51,53,62,68,68,68,54,68,68,68,62,72,78,78,51,51,51,61,61,51,51,60,60,42,78,70,70,69,54,54,54,54,54,54,48,78,71,48,33,72,0],"gold":128,"neow_bonus":"ONE_RARE_RELIC","is_prod":false,"is_daily":false,"chose_seed":false,"campfire_upgraded":7,"win_rate":0,"timestamp":1557845334,"path_taken":["M","?","?","?","M","E","$","R","T","R","M","M","?","M","R","BOSS","M","M","M","$","M","R","E","R","T","M","R","?","?","M","R","BOSS","M","?","?","?","$","R","?","?","T","M","R","E","M","M","R","BOSS"],"build_version":"2019-01-23","purchased_purges":1,"victory":false,"max_hp_per_floor":[68,68,68,68,68,68,68,68,68,68,68,68,68,68,68,68,68,68,68,68,78,78,78,78,78,78,78,78,78,78,78,78,78,78,78,78,78,78,78,78,78,78,78,78,78,78,78,83,83,83],"card_choices":[{"not_picked":["Go for the Eyes","Skim"],"picked":"Cold Snap","floor":1},{"not_picked":["Beam Cell","Go for the Eyes"],"picked":"Coolheaded","floor":3},{"not_picked":["Conserve Battery","Barrage"],"picked":"Self Repair","floor":5},{"not_picked":["Ball Lightning","Recycle"],"picked":"FTL","floor":6},{"not_picked":["Cold Snap","Leap"],"picked":"Coolheaded","floor":11},{"not_picked":["Darkness","Auto Shields"],"picked":"Leap","floor":12},{"not_picked":["Ball Lightning","Compile Driver"],"picked":"Glacier","floor":13},{"not_picked":["Cold Snap","Barrage"],"picked":"Core Surge","floor":14},{"not_picked":["All For One","Rainbow"],"picked":"Creative AI","floor":16},{"not_picked":["Stack","Fusion"],"picked":"Static Discharge","floor":18},{"not_picked":["Darkness","Gash"],"picked":"Chaos","floor":19},{"not_picked":["Turbo","Reprogram+1"],"picked":"Sweeping Beam+1","floor":20},{"not_picked":["Go for the Eyes+1","Aggregate+1"],"picked":"Reinforced Body","floor":22},{"not_picked":["Streamline","Rip and Tear"],"picked":"Sunder","floor":24},{"not_picked":["Ball Lightning+1","Doom and Gloom"],"picked":"Rebound","floor":27},{"not_picked":["Leap+1","Barrage"],"picked":"Hologram","floor":29},{"not_picked":["Scrape","Chill","Hyperbeam"],"picked":"SKIP","floor":31},{"not_picked":["Buffer+1","Amplify"],"picked":"Echo Form+1","floor":33},{"not_picked":["Barrage+1","Ball Lightning+1"],"picked":"Redo","floor":35},{"not_picked":["Rebound+1","Chill+1"],"picked":"Redo+1","floor":37},{"not_picked":["Redo+1","Chaos+1"],"picked":"Capacitor+1","floor":38},{"not_picked":["Streamline","Stack+1"],"picked":"Amplify","floor":44},{"not_picked":["Conserve Battery","Turbo+1"],"picked":"Streamline+1","floor":46},{"not_picked":["Coolheaded","Streamline+1"],"picked":"Thunder Strike","floor":47},{"not_picked":["Sweeping Beam","Cold Snap"],"picked":"Go for the Eyes+1","floor":48}],"player_experience":258547,"relics_obtained":[{"floor":6,"key":"Nunchaku"},{"floor":9,"key":"Meat on the Bone"},{"floor":24,"key":"Gambling Chip"},{"floor":26,"key":"Frozen Egg 2"},{"floor":29,"key":"Girya"},{"floor":29,"key":"Mummified Hand"},{"floor":43,"key":"Kunai"},{"floor":46,"key":"Smiling Mask"}],"event_choices":[{"damage_healed":0,"gold_gain":0,"player_choice":"Paid Gold","damage_taken":0,"relics_obtained":["Lantern"],"max_hp_gain":0,"max_hp_loss":0,"event_name":"WeMeetAgain","floor":2,"gold_loss":65},{"damage_healed":0,"gold_gain":0,"player_choice":"Bought 0 Potions","damage_taken":0,"max_hp_gain":0,"max_hp_loss":0,"event_name":"The Woman in Blue","floor":4,"gold_loss":0},{"damage_healed":0,"gold_gain":0,"player_choice":"Fight","damage_taken":0,"max_hp_gain":0,"max_hp_loss":0,"event_name":"Colosseum","floor":29,"gold_loss":0},{"damage_healed":0,"gold_gain":0,"player_choice":"Fought Nobs","damage_taken":0,"max_hp_gain":0,"max_hp_loss":0,"event_name":"Colosseum","floor":29,"gold_loss":0},{"damage_healed":0,"gold_gain":0,"player_choice":"Ignored","damage_taken":0,"max_hp_gain":0,"max_hp_loss":0,"event_name":"Vampires","floor":30,"gold_loss":0},{"damage_healed":0,"gold_gain":0,"player_choice":"Ignored","damage_taken":0,"max_hp_gain":0,"max_hp_loss":0,"event_name":"SecretPortal","floor":36,"gold_loss":0}],"is_beta":false,"boss_relics":[{"not_picked":["Fusion Hammer","Runic Pyramid"],"picked":"Cursed Key"},{"not_picked":["Snecko Eye","FrozenCore"],"picked":"Philosopher\u0027s Stone"}],"items_purged_floors":[39],"is_endless":false,"potions_floor_spawned":[5,6,11,12,22,24,27,29,33,35,38,44],"killed_by":"Donu and Deca","ascension_level":0}