{"gold_per_floor":[109,126,144,110,126,126,144,160,160,25,200,200,216,227,227,322,352,371,386,386,53,53,85,85,85],"floor_reached":25,"playtime":1982,"items_purged":[],"score":240,"play_id":"bb85283d-91b7-4e5a-8d90-4b7eae1b1b97","local_time":"20180708193636","is_ascension_mode":false,"campfire_choices":[{"data":"Armaments","floor":6,"key":"SMITH"},{"data":"Doubt","floor":12,"key":"PURGE"},{"data":"Shrug It Off","floor":15,"key":"SMITH"},{"floor":24,"key":"REST"}],"neow_cost":"","seed_source_timestamp":0,"circlet_count":0,"master_deck":["Strike_R","Strike_R","Strike_R","Strike_R","Strike_R","Defend_R+1","Defend_R","Defend_R","Defend_R","Bash","Shrug It Off+1","Pommel Strike","Reckless Charge","Armaments+1","Body Slam","Battle Trance","Feed","Uppercut+1","Evolve","Twin Strike","Master of Strategy","Master of Strategy"],"special_seed":0,"relics":["Burning Blood","Peace Pipe","Tiny House","GremlinMask","Bottled Lightning"],"potions_floor_usage":[16,16,18,23,23,23,25],"damage_taken":[{"damage":8,"enemies":"Cultist","floor":1,"turns":6},{"damage":7,"enemies":"Jaw Worm","floor":2,"turns":6},{"damage":0,"enemies":"2 Louse","floor":3,"turns":3},{"damage":4,"enemies":"2 Fungi Beasts","floor":5,"turns":4},{"damage":6,"enemies":"3 Louse","floor":7,"turns":4},{"damage":0,"enemies":"Red Slaver","floor":8,"turns":5},{"damage":2,"enemies":"2 Fungi Beasts","floor":13,"turns":3},{"damage":10,"enemies":"Looter","floor":14,"turns":2},{"damage":52,"enemies":"Slime Boss","floor":16,"turns":8},{"damage":36,"enemies":"Spheric Guardian","floor":18,"turns":6},{"damage":7,"enemies":"Chosen","floor":19,"turns":4},{"damage":45,"enemies":"Gremlin Leader","floor":23,"turns":5},{"damage":54,"enemies":"Book of Stabbing","floor":25,"turns":7}],"seed_played":"5375336318264731684","potions_obtained":[{"floor":2,"key":"Poison Potion"},{"floor":7,"key":"AttackPotion"},{"floor":8,"key":"Swift Potion"},{"floor":17,"key":"EntropicBrew"},{"floor":23,"key":"FearPotion"}],"is_trial":false,"path_per_floor":["M","M","M","$","M","R","M","M","T","$","?","R","M","M","R","B",null,"M","M","?","$","?","E","R"],"character_chosen":"IRONCLAD","items_purchased":["Reckless Charge","Feed","Evolve","Twin Strike","Master of Strategy"],"campfire_rested":1,"item_purchase_floors":[4,10,21,21,21],"current_hp_per_floor":[78,77,80,80,80,80,80,80,80,80,80,80,83,82,82,40,95,65,64,64,64,64,25,53,0],"gold":85,"neow_bonus":"","is_prod":false,"is_daily":false,"chose_seed":false,"campfire_upgraded":2,"win_rate":0.0,"timestamp":1531046196,"path_taken":["M","M","?","?","M","R","?","M","T","$","?","R","M","M","R","BOSS","M","M","?","$","?","E","R","E"],"build_version":"2018-07-05","purchased_purges":0,"victory":false,"max_hp_per_floor":[80,80,80,80,80,80,80,80,80,80,80,80,83,86,86,90,95,95,95,95,95,95,95,95,95],"card_choices":[{"not_picked":["Thunderclap","Dual Wield","Sever Soul"],"picked":"SKIP","floor":1},{"not_picked":["Body Slam","Thunderclap"],"picked":"Shrug It Off","floor":2},{"not_picked":["Flame Barrier","Twin Strike"],"picked":"Pommel Strike","floor":3},{"not_picked":["Twin Strike","Shrug It Off"],"picked":"Armaments","floor":5},{"not_picked":["Disarm","Cleave"],"picked":"Body Slam","floor":7},{"not_picked":["Flex","Uppercut"],"picked":"Battle Trance","floor":8},{"not_picked":["Intimidate","Uppercut","Clash"],"picked":"SKIP","floor":13},{"not_picked":["Iron Wave","Dropkick","Bludgeon"],"picked":"SKIP","floor":14},{"not_picked":["Sever Soul","Reckless Charge"],"picked":"Uppercut+1","floor":18},{"not_picked":["Uppercut+1","Clothesline+1","Second Wind"],"picked":"SKIP","floor":19},{"not_picked":["Evolve","Body Slam","Heavy Blade"],"picked":"SKIP","floor":23}],"player_experience":67286,"relics_obtained":[{"floor":9,"key":"Peace Pipe"},{"floor":23,"key":"Bottled Lightning"}],"event_choices":[{"event_name":"Liars Game","player_choice":"agreed","floor":11,"damage_taken":0},{"event_name":"FaceTrader","player_choice":"Trade","floor":20,"damage_taken":0},{"event_name":"Duplicator","player_choice":"One dupe","floor":22,"damage_taken":0}],"boss_relics":[{"not_picked":["Fusion Hammer","White Beast Statue"],"picked":"Tiny House"}],"items_purged_floors":[],"is_endless":false,"potions_floor_spawned":[2,7,8,13,18,23],"killed_by":"Book of Stabbing","ascension_level":0}