{"gold_per_floor":[115,115,125,152,165,165,190,190,190,47,47,66,83,94,94,191,241,257,276,276,176,275,275,275,275,300,94,112,112,128,139,139,244,244,256,276,295,145,0,0,15,15,15,15,15,15],"floor_reached":46,"playtime":3081,"items_purged":["Strike_G","Defend_G","Defend_G","Parasite"],"score":462,"play_id":"9fb4b851-e115-4aa7-8237-4463832f9124","local_time":"20190517051940","is_ascension_mode":true,"campfire_choices":[{"data":"Noxious Fumes","floor":6,"key":"SMITH"},{"data":"Neutralize","floor":8,"key":"SMITH"},{"data":"Blur","floor":11,"key":"SMITH"},{"floor":15,"key":"REST"},{"data":"Caltrops","floor":23,"key":"SMITH"},{"data":"Footwork","floor":25,"key":"SMITH"},{"data":"Noxious Fumes","floor":29,"key":"SMITH"},{"floor":32,"key":"REST"},{"floor":40,"key":"REST"},{"data":"Footwork","floor":45,"key":"SMITH"}],"neow_cost":"NONE","seed_source_timestamp":2543607252100,"circlet_count":0,"master_deck":["Defend_G","Defend_G","Defend_G","Strike_G","Strike_G","Strike_G","Survivor+1","Neutralize+1","Dodge and Roll","Noxious Fumes+1","Terror+1","Blur+1","Caltrops+1","Bane","Footwork+1","Footwork+1","Noxious Fumes+1"],"relics":["Ring of the Serpent","Bronze Scales","Pocketwatch","Bottled Lightning","Tiny House","Happy Flower","Red Mask","Incense Burner"],"potions_floor_usage":[7,12,18,18],"damage_taken":[{"damage":0,"enemies":"Small Slimes","floor":1,"turns":3},{"damage":0,"enemies":"Jaw Worm","floor":3,"turns":6},{"damage":5,"enemies":"Cultist","floor":5,"turns":4},{"damage":22,"enemies":"3 Sentries","floor":7,"turns":6},{"damage":10,"enemies":"Gremlin Gang","floor":12,"turns":4},{"damage":1,"enemies":"2 Fungi Beasts","floor":13,"turns":4},{"damage":3,"enemies":"Looter","floor":14,"turns":3},{"damage":15,"enemies":"Slime Boss","floor":16,"turns":7},{"damage":0,"enemies":"3 Byrds","floor":18,"turns":2},{"damage":0,"enemies":"Shell Parasite","floor":19,"turns":6},{"damage":19,"enemies":"Colosseum Slavers","floor":20,"turns":6},{"damage":10,"enemies":"Snake Plant","floor":28,"turns":5},{"damage":8,"enemies":"Cultist and Chosen","floor":30,"turns":7},{"damage":13,"enemies":"3 Cultists","floor":31,"turns":5},{"damage":3,"enemies":"Champ","floor":33,"turns":13},{"damage":37,"enemies":"3 Shapes","floor":35,"turns":3},{"damage":9,"enemies":"Orb Walker","floor":36,"turns":6},{"damage":4,"enemies":"Writhing Mass","floor":37,"turns":7},{"damage":23,"enemies":"Sphere and 2 Shapes","floor":41,"turns":4},{"damage":64,"enemies":"2 Orb Walkers","floor":46,"turns":5}],"seed_played":"8548821668788046961","potions_obtained":[{"floor":5,"key":"Fire Potion"},{"floor":7,"key":"SteroidPotion"},{"floor":13,"key":"Explosive Potion"},{"floor":17,"key":"Explosive Potion"},{"floor":18,"key":"PowerPotion"},{"floor":24,"key":"LiquidBronze"},{"floor":24,"key":"EntropicBrew"},{"floor":28,"key":"LiquidBronze"}],"is_trial":false,"path_per_floor":["M","?","M","T","M","R","E","R","T","$","R","M","M","M","R","B",null,"M","M","?","$","?","R","?","R","T","$","M","R","M","M","R","B",null,"M","M","M","$","?","R","M","?","T","?","R","?"],"character_chosen":"THE_SILENT","items_purchased":["Blur","Noxious Fumes"],"campfire_rested":3,"item_purchase_floors":[10,27],"current_hp_per_floor":[70,70,70,70,65,65,43,43,43,43,43,33,32,29,50,35,75,75,75,56,56,56,56,56,56,56,56,46,46,38,25,47,44,75,38,29,25,25,25,46,23,23,23,63,63,0],"gold":15,"neow_bonus":"UPGRADE_CARD","is_prod":false,"is_daily":false,"chose_seed":false,"campfire_upgraded":7,"win_rate":0,"timestamp":1558041580,"path_taken":["M","?","M","?","M","R","E","R","T","$","R","?","M","M","R","BOSS","M","?","?","$","?","R","?","R","T","$","M","R","M","?","R","BOSS","M","?","M","$","?","R","M","?","T","?","R","?"],"build_version":"2019-01-17","purchased_purges":4,"victory":false,"max_hp_per_floor":[70,70,70,70,70,70,70,70,70,70,70,70,70,70,70,70,75,75,75,75,75,75,75,75,75,75,75,75,75,75,75,75,75,75,75,75,75,72,72,72,72,72,72,63,63,63],"card_choices":[{"not_picked":["Expertise","Tactician"],"picked":"Dodge and Roll","floor":1},{"not_picked":["Caltrops","Deadly Poison"],"picked":"Noxious Fumes","floor":3},{"not_picked":["Deflect","Eviscerate"],"picked":"Terror","floor":5},{"not_picked":["All Out Attack","Backflip","Poisoned Stab"],"picked":"SKIP","floor":7},{"not_picked":["Skewer","Malaise","Dagger Spray"],"picked":"SKIP","floor":12},{"not_picked":["Sucker Punch","Acrobatics"],"picked":"Caltrops","floor":13},{"not_picked":["Dash","Dodge and Roll"],"picked":"Bane","floor":14},{"not_picked":["Dagger Spray","PiercingWail"],"picked":"Footwork","floor":17},{"not_picked":["Sucker Punch","Outmaneuver","Quick Slash"],"picked":"SKIP","floor":18},{"not_picked":["Calculated Gamble","Quick Slash"],"picked":"Footwork","floor":19},{"not_picked":["Reflex","Underhanded Strike","Sucker Punch+1"],"picked":"SKIP","floor":28},{"not_picked":["Blade Dance","PiercingWail","A Thousand Cuts"],"picked":"SKIP","floor":30},{"not_picked":["Concentrate","Accuracy","Outmaneuver"],"picked":"SKIP","floor":31},{"not_picked":["Grand Finale","Bullet Time"],"picked":"Corpse Explosion","floor":33},{"not_picked":["Caltrops","Underhanded Strike+1","All Out Attack"],"picked":"SKIP","floor":35},{"not_picked":["Blade Dance","Expertise+1","Heel Hook"],"picked":"SKIP","floor":36},{"not_picked":["Endless Agony","Dodge and Roll","Poisoned Stab"],"picked":"SKIP","floor":37},{"not_picked":["Quick Slash","Dagger Throw","Outmaneuver"],"picked":"SKIP","floor":41}],"player_experience":142403,"relics_obtained":[{"floor":4,"key":"Bronze Scales"},{"floor":7,"key":"Pocketwatch"},{"floor":9,"key":"Bottled Lightning"},{"floor":26,"key":"Happy Flower"},{"floor":43,"key":"Incense Burner"}],"event_choices":[{"cards_removed":["Strike_G"],"damage_healed":0,"gold_gain":0,"player_choice":"Forget","damage_taken":0,"max_hp_gain":0,"max_hp_loss":0,"event_name":"Living Wall","floor":2,"gold_loss":0},{"damage_healed":0,"gold_gain":0,"player_choice":"Fight","damage_taken":0,"max_hp_gain":0,"max_hp_loss":0,"event_name":"Colosseum","floor":20,"gold_loss":0},{"damage_healed":0,"gold_gain":0,"player_choice":"Fled From Nobs","damage_taken":0,"max_hp_gain":0,"max_hp_loss":0,"event_name":"Colosseum","floor":20,"gold_loss":0},{"damage_healed":0,"gold_gain":99,"player_choice":"Stole From Cult","damage_taken":0,"max_hp_gain":0,"max_hp_loss":0,"event_name":"Nest","floor":22,"gold_loss":0},{"damage_healed":0,"gold_gain":0,"player_choice":"Got Potions","damage_taken":0,"max_hp_gain":0,"max_hp_loss":0,"event_name":"Lab","floor":24,"gold_loss":0},{"damage_healed":0,"gold_gain":0,"player_choice":"Paid","damage_taken":0,"relics_obtained":["Red Mask"],"max_hp_gain":0,"max_hp_loss":0,"event_name":"Tomb of Lord Red Mask","floor":39,"gold_loss":145},{"cards_removed":["Corpse Explosion"],"damage_healed":0,"gold_gain":0,"player_choice":"Removed Skill","damage_taken":0,"max_hp_gain":0,"max_hp_loss":0,"event_name":"Falling","floor":42,"gold_loss":0},{"damage_healed":63,"gold_gain":0,"player_choice":"Heal","damage_taken":0,"max_hp_gain":0,"max_hp_loss":9,"event_name":"The Moai Head","floor":44,"gold_loss":0},{"damage_healed":0,"gold_gain":0,"player_choice":"Fight","damage_taken":0,"max_hp_gain":0,"max_hp_loss":0,"event_name":"Mysterious Sphere","floor":46,"gold_loss":0}],"is_beta":false,"boss_relics":[{"not_picked":["Ectoplasm","Black Star"],"picked":"Tiny House"},{"not_picked":["Sozu","HoveringKite"],"picked":"Ring of the Serpent"}],"items_purged_floors":[10,21,27,38],"is_endless":false,"potions_floor_spawned":[5,7,13,18,28,31,36,41],"killed_by":"2 Orb Walkers","ascension_level":2}