{"gold_per_floor":[367,378,94,107,107,107,140,140,187,109,109,138,150,175,175,175],"floor_reached":16,"playtime":655,"items_purged":[],"score":201,"play_id":"3d102327-b78d-41a6-9540-6e37e84e9fef","local_time":"20190517204526","is_ascension_mode":true,"campfire_choices":[{"floor":6,"key":"REST"},{"floor":8,"key":"REST"},{"floor":15,"key":"REST"}],"neow_cost":"PERCENT_DAMAGE","seed_source_timestamp":2770635973563059,"circlet_count":0,"master_deck":["AscendersBane","Defend_G","Defend_G","Defend_G","Defend_G","Defend_G","Strike_G","Strike_G","Strike_G","Strike_G","Survivor","Neutralize","Dodge and Roll","Noxious Fumes","Dodge and Roll","Bouncing Flask","Well Laid Plans","Well Laid Plans","Bane","Leg Sweep"],"relics":["Ring of the Snake","Matryoshka","Orichalcum","Art of War","Juzu Bracelet","Snake Skull","Vajra"],"potions_floor_usage":[12,14],"damage_taken":[{"damage":7,"enemies":"Cultist","floor":1,"turns":5},{"damage":0,"enemies":"2 Louse","floor":2,"turns":3},{"damage":1,"enemies":"Small Slimes","floor":4,"turns":4},{"damage":35,"enemies":"3 Sentries","floor":7,"turns":11},{"damage":12,"enemies":"Lagavulin","floor":12,"turns":6},{"damage":26,"enemies":"Gremlin Gang","floor":13,"turns":5},{"damage":7,"enemies":"3 Sentries","floor":14,"turns":6},{"damage":26,"enemies":"The Guardian","floor":16,"turns":2}],"seed_played":"3061420779118643868","potions_obtained":[{"floor":2,"key":"LiquidBronze"},{"floor":4,"key":"Block Potion"},{"floor":13,"key":"GhostInAJar"},{"floor":14,"key":"Ancient Potion"}],"is_trial":false,"path_per_floor":["M","M","$","M","?","R","E","R","T","$","?","E","M","E","R","B"],"character_chosen":"THE_SILENT","items_purchased":["Matryoshka","Noxious Fumes","Well Laid Plans"],"campfire_rested":3,"item_purchase_floors":[3,3,10],"current_hp_per_floor":[37,37,37,36,41,62,27,48,48,48,48,36,10,3,24,0],"gold":175,"neow_bonus":"TWO_FIFTY_GOLD","is_prod":false,"is_daily":false,"chose_seed":false,"campfire_upgraded":0,"win_rate":0,"timestamp":1558082726,"path_taken":["M","?","$","?","?","R","E","R","T","$","?","E","M","E","R","BOSS"],"build_version":"2019-01-23","purchased_purges":0,"victory":false,"max_hp_per_floor":[66,66,66,66,71,71,71,71,71,71,71,71,71,71,71,71],"card_choices":[{"not_picked":["Dagger Throw","Cloak And Dagger","Underhanded Strike"],"picked":"SKIP","floor":1},{"not_picked":["Deflect","Reflex"],"picked":"Dodge and Roll","floor":2},{"not_picked":["Sucker Punch","Dagger Throw"],"picked":"Dodge and Roll","floor":4},{"not_picked":["Dagger Throw","Dagger Spray"],"picked":"Bouncing Flask","floor":7},{"not_picked":["Concentrate","Blade Dance"],"picked":"Well Laid Plans","floor":12},{"not_picked":["Masterful Stab","Choke"],"picked":"Bane","floor":13},{"not_picked":["Calculated Gamble","Dash"],"picked":"Leg Sweep","floor":14}],"player_experience":286944,"relics_obtained":[{"floor":7,"key":"Orichalcum"},{"floor":9,"key":"Art of War"},{"floor":9,"key":"Juzu Bracelet"},{"floor":12,"key":"Snake Skull"},{"floor":14,"key":"Vajra"}],"event_choices":[{"damage_healed":0,"gold_gain":0,"player_choice":"Donut","damage_taken":0,"max_hp_gain":5,"max_hp_loss":0,"event_name":"Big Fish","floor":5,"gold_loss":0},{"cards_removed":["Strike_G"],"damage_healed":0,"gold_gain":0,"player_choice":"Offered Basic","damage_taken":0,"max_hp_gain":0,"max_hp_loss":0,"event_name":"Bonfire Elementals","floor":11,"gold_loss":0}],"is_beta":false,"boss_relics":[],"items_purged_floors":[],"is_endless":false,"potions_floor_spawned":[2,4,13,14],"killed_by":"The Guardian","ascension_level":14}