{"gold_per_floor":[114,126,146,146,165,165,178,198,223,6,6,6,6,25,25,156,156,156],"floor_reached":18,"playtime":869,"items_purged":["Strike_R"],"score":185,"play_id":"d88befa7-ee27-4d39-9249-12122ed10d03","local_time":"20181013180611","is_ascension_mode":true,"campfire_choices":[{"data":"Armaments","floor":6,"key":"SMITH"},{"data":"Metallicize","floor":12,"key":"SMITH"},{"data":"Inflame","floor":15,"key":"SMITH"}],"neow_cost":"","seed_source_timestamp":39656683206719,"circlet_count":0,"master_deck":["Strike_R","Strike_R","Strike_R","Strike_R","Defend_R","Defend_R","Defend_R","Defend_R","Bash+1","Armaments+1","Inflame+1","Inflame","Power Through","Metallicize+1","Fiend Fire"],"relics":["Burning Blood","Golden Idol","Art of War","Self Forming Clay","Cursed Key"],"potions_floor_usage":[],"damage_taken":[{"damage":3,"enemies":"Small Slimes","floor":1,"turns":4},{"damage":10,"enemies":"Jaw Worm","floor":2,"turns":5},{"damage":1,"enemies":"Cultist","floor":3,"turns":4},{"damage":18,"enemies":"3 Louse","floor":5,"turns":5},{"damage":8,"enemies":"Large Slime","floor":7,"turns":5},{"damage":2,"enemies":"2 Fungi Beasts","floor":8,"turns":3},{"damage":1,"enemies":"Looter","floor":14,"turns":4},{"damage":25,"enemies":"Slime Boss","floor":16,"turns":15},{"damage":0,"enemies":"Spheric Guardian","floor":18,"turns":3}],"seed_played":"-1363605490657666222","potions_obtained":[{"floor":1,"key":"SpeedPotion"},{"floor":5,"key":"Energy Potion"},{"floor":8,"key":"LiquidBronze"}],"is_trial":false,"path_per_floor":["M","M","M","?","M","R","M","M","T","$","?","R","?","M","R","B",null],"character_chosen":"IRONCLAD","items_purchased":["Power Through","Metallicize"],"campfire_rested":0,"item_purchase_floors":[10,10],"current_hp_per_floor":[80,76,80,74,62,62,60,64,64,64,64,64,61,66,66,47,74,74],"gold":156,"neow_bonus":"","is_prod":false,"is_daily":false,"chose_seed":false,"campfire_upgraded":3,"win_rate":0,"timestamp":1539421571,"path_taken":["M","M","M","?","M","R","M","M","T","$","?","R","?","M","R","BOSS","M"],"build_version":"2018-10-11","purchased_purges":1,"victory":false,"max_hp_per_floor":[80,80,80,74,74,74,74,74,74,74,74,74,74,74,74,74,74,74],"card_choices":[{"not_picked":["Dual Wield","Cleave"],"picked":"Armaments","floor":1},{"not_picked":["Hemokinesis","Twin Strike","Anger"],"picked":"SKIP","floor":2},{"not_picked":["Pommel Strike","Havoc"],"picked":"Inflame","floor":3},{"not_picked":["Spot Weakness","Anger"],"picked":"Inflame","floor":5},{"not_picked":["Thunderclap","Havoc","Bludgeon"],"picked":"SKIP","floor":7},{"not_picked":["Corruption","Havoc","Rage"],"picked":"SKIP","floor":8},{"not_picked":["Havoc","Sever Soul","Flex"],"picked":"SKIP","floor":14},{"not_picked":["Dark Embrace","Exhume"],"picked":"Fiend Fire","floor":16}],"player_experience":402224,"relics_obtained":[{"floor":9,"key":"Art of War"}],"event_choices":[{"event_name":"Golden Idol","player_choice":"Lose Max HP","floor":4,"damage_taken":0},{"event_name":"Accursed Blacksmith","player_choice":"Forge","floor":11,"damage_taken":0},{"event_name":"Scrap Ooze","player_choice":"success","floor":13,"damage_taken":3}],"is_beta":false,"boss_relics":[{"not_picked":["Ectoplasm","Fusion Hammer"],"picked":"Cursed Key"}],"items_purged_floors":[10],"is_endless":false,"potions_floor_spawned":[1,5,8,14,16],"killed_by":"Spheric Guardian","ascension_level":4}