{"gold_per_floor":[118,118,128,128,78,78,94,19,19,19,32,67,67,94,94,194,194,209,222,29,29,44,44,56,83,83,83,83,83,93,105,105,203,253,269,154,254,70,70,70,103,122,170,0,0,0],"floor_reached":46,"playtime":2080,"items_purged":["Strike_B"],"score":624,"play_id":"1bd2768d-422c-4266-b151-4c1ca443c2e6","local_time":"20181208051829","is_ascension_mode":true,"campfire_choices":[{"data":"Zap","floor":6,"key":"SMITH"},{"data":"Dualcast","floor":10,"key":"SMITH"},{"data":"Defragment","floor":13,"key":"SMITH"},{"data":"Glacier","floor":15,"key":"SMITH"},{"data":"Double Energy","floor":23,"key":"SMITH"},{"data":"White Noise","floor":28,"key":"SMITH"},{"data":"Streamline","floor":32,"key":"SMITH"},{"data":"Madness","floor":40,"key":"SMITH"},{"floor":45,"key":"REST"}],"neow_cost":"NONE","seed_source_timestamp":1992633367878266,"circlet_count":0,"master_deck":["Zap+1","Dualcast+1","Defragment+1","Glacier+1","Go for the Eyes+1","Cold Snap","Go for the Eyes","Amplify","Double Energy+1","Streamline+1","Skim","Conserve Battery","Beam Cell","Cold Snap","Mayhem+1","Tempest+1","White Noise+1","Leap","Reboot","Stack","Loop+1","Tempest","Capacitor+1","Madness","Madness+1","Loop+1"],"relics":["Cracked Core","NeowsBlessing","Ornamental Fan","Frozen Egg 2","Dodecahedron","Matryoshka","Pandora\u0027s Box","Boot","Potion Belt","Kunai","Tiny House","PreservedInsect","FossilizedHelix","Oddly Smooth Stone","Vajra","Red Mask"],"potions_floor_usage":[14,19,24,31,33,34,46],"damage_taken":[{"damage":0,"enemies":"2 Louse","floor":1,"turns":1},{"damage":0,"enemies":"Jaw Worm","floor":3,"turns":1},{"damage":0,"enemies":"Cultist","floor":7,"turns":1},{"damage":0,"enemies":"2 Fungi Beasts","floor":11,"turns":3},{"damage":20,"enemies":"3 Sentries","floor":12,"turns":11},{"damage":0,"enemies":"Gremlin Nob","floor":14,"turns":4},{"damage":27,"enemies":"Slime Boss","floor":16,"turns":17},{"damage":0,"enemies":"Spheric Guardian","floor":18,"turns":5},{"damage":4,"enemies":"Chosen","floor":19,"turns":5},{"damage":16,"enemies":"Centurion and Healer","floor":22,"turns":9},{"damage":1,"enemies":"Chosen and Byrds","floor":24,"turns":4},{"damage":16,"enemies":"Slavers","floor":25,"turns":6},{"damage":0,"enemies":"Snake Plant","floor":30,"turns":3},{"damage":0,"enemies":"3 Cultists","floor":31,"turns":5},{"damage":21,"enemies":"Collector","floor":33,"turns":11},{"damage":0,"enemies":"3 Shapes","floor":35,"turns":1},{"damage":2,"enemies":"Giant Head","floor":41,"turns":6},{"damage":38,"enemies":"3 Darklings","floor":42,"turns":7},{"damage":72,"enemies":"2 Orb Walkers","floor":46,"turns":4}],"seed_played":"4451552423801485871","potions_obtained":[{"floor":1,"key":"Ancient Potion"},{"floor":3,"key":"Ancient Potion"},{"floor":7,"key":"Poison Potion"},{"floor":25,"key":"AttackPotion"},{"floor":30,"key":"Regen Potion"},{"floor":31,"key":"GamblersBrew"},{"floor":33,"key":"FearPotion"},{"floor":34,"key":"Fruit Juice"},{"floor":35,"key":"Dexterity Potion"}],"is_trial":false,"path_per_floor":["M","?","M","T","?","R","M","$","T","R","M","E","R","E","R","B",null,"M","M","$","?","M","R","M","E","T","?","R","?","M","M","R","B",null,"M","$","?","$","?","R","E","M","T","?","R","?"],"character_chosen":"DEFECT","items_purchased":["Mayhem+1","Loop+1","Tempest","Capacitor+1","PreservedInsect"],"campfire_rested":1,"item_purchase_floors":[20,36,36,38,38],"current_hp_per_floor":[75,75,75,75,75,75,75,75,75,75,75,55,55,55,55,28,63,63,59,59,59,43,43,42,26,26,51,51,51,51,63,63,42,77,77,77,77,77,66,66,64,26,26,26,51,0],"gold":0,"neow_bonus":"THREE_ENEMY_KILL","is_prod":false,"is_daily":false,"chose_seed":false,"campfire_upgraded":8,"win_rate":0,"timestamp":1544213909,"path_taken":["M","?","M","?","?","R","M","?","T","R","M","E","R","E","R","BOSS","M","M","$","?","M","R","M","E","T","?","R","?","M","M","R","BOSS","M","$","?","?","?","R","E","M","T","?","R","?"],"build_version":"2018-12-06","purchased_purges":1,"victory":false,"max_hp_per_floor":[75,75,75,75,75,75,75,75,75,75,75,75,75,75,75,75,75,75,75,75,75,75,75,75,75,75,75,75,75,75,75,75,75,85,85,85,85,85,85,85,85,85,85,85,85,85],"card_choices":[{"not_picked":["Sweeping Beam","Chill"],"picked":"Defragment","floor":1},{"not_picked":["Redo","Turbo"],"picked":"Glacier","floor":3},{"not_picked":["Leap","Turbo"],"picked":"Go for the Eyes","floor":7},{"not_picked":["Stack","Leap","Rebound"],"picked":"SKIP","floor":11},{"not_picked":["Coolheaded","Rip and Tear"],"picked":"Cold Snap","floor":12},{"not_picked":["Doom and Gloom","Rebound"],"picked":"Go for the Eyes","floor":14},{"not_picked":["Meteor Strike","Rainbow"],"picked":"Amplify","floor":16},{"not_picked":["Conserve Battery","Gash+1","Chaos"],"picked":"SKIP","floor":18},{"not_picked":["Heatsinks+1","Redo"],"picked":"Cold Snap","floor":19},{"not_picked":["Coolheaded","Doom and Gloom"],"picked":"Tempest+1","floor":22},{"not_picked":["FTL","Turbo"],"picked":"White Noise","floor":24},{"not_picked":["Coolheaded","Recycle","Go for the Eyes"],"picked":"SKIP","floor":25},{"not_picked":["Fusion+1","Compile Driver"],"picked":"Leap","floor":30},{"not_picked":["Melter","Recycle+1"],"picked":"Reboot","floor":31},{"not_picked":["Sunder","Conserve Battery"],"picked":"Stack","floor":34},{"not_picked":["Cold Snap","Streamline","Glacier"],"picked":"SKIP","floor":35},{"not_picked":["Rebound+1","Go for the Eyes+1","Leap+1"],"picked":"SKIP","floor":41},{"not_picked":["Compile Driver","Hologram"],"picked":"Loop+1","floor":42}],"player_experience":511891,"relics_obtained":[{"floor":4,"key":"Ornamental Fan"},{"floor":9,"key":"Frozen Egg 2"},{"floor":12,"key":"Dodecahedron"},{"floor":14,"key":"Matryoshka"},{"floor":25,"key":"Boot"},{"floor":26,"key":"Potion Belt"},{"floor":26,"key":"Kunai"},{"floor":41,"key":"FossilizedHelix"},{"floor":43,"key":"Oddly Smooth Stone"},{"floor":43,"key":"Vajra"}],"event_choices":[{"cards_removed":["Strike_B"],"damage_healed":0,"gold_gain":0,"player_choice":"Forget","damage_taken":0,"max_hp_gain":0,"max_hp_loss":0,"event_name":"Living Wall","floor":2,"gold_loss":0},{"cards_removed":["Defend_B"],"damage_healed":0,"gold_gain":0,"player_choice":"Card Removal","damage_taken":0,"max_hp_gain":0,"max_hp_loss":0,"event_name":"The Cleric","floor":5,"gold_loss":50},{"damage_healed":0,"gold_gain":0,"player_choice":"Ignored","damage_taken":0,"max_hp_gain":0,"max_hp_loss":0,"event_name":"Beggar","floor":21,"gold_loss":0},{"damage_healed":25,"gold_gain":0,"player_choice":"Heal","damage_taken":0,"max_hp_gain":0,"max_hp_loss":0,"event_name":"The Library","floor":27,"gold_loss":0},{"damage_healed":0,"gold_gain":0,"player_choice":"Ignored","damage_taken":0,"max_hp_gain":0,"max_hp_loss":0,"event_name":"Vampires","floor":29,"gold_loss":0},{"damage_healed":0,"gold_gain":100,"player_choice":"Pray","damage_taken":0,"max_hp_gain":0,"max_hp_loss":0,"event_name":"Golden Shrine","floor":37,"gold_loss":0},{"damage_healed":0,"gold_gain":0,"player_choice":"Embrace Madness","damage_taken":11,"max_hp_gain":0,"max_hp_loss":0,"event_name":"Winding Halls","floor":39,"gold_loss":0,"cards_obtained":["Madness","Madness"]},{"damage_healed":0,"gold_gain":0,"player_choice":"Paid","damage_taken":0,"relics_obtained":["Red Mask"],"max_hp_gain":0,"max_hp_loss":0,"event_name":"Tomb of Lord Red Mask","floor":44,"gold_loss":170},{"damage_healed":0,"gold_gain":0,"player_choice":"Fight","damage_taken":0,"max_hp_gain":0,"max_hp_loss":0,"event_name":"Mysterious Sphere","floor":46,"gold_loss":0}],"is_beta":false,"boss_relics":[{"not_picked":["Fusion Hammer","White Beast Statue"],"picked":"Pandora\u0027s Box"},{"not_picked":["Busted Crown","Astrolabe"],"picked":"Tiny House"}],"items_purged_floors":[8],"is_endless":false,"potions_floor_spawned":[1,3,7,25,30,31,33,35],"killed_by":"2 Orb Walkers","ascension_level":5}