{"gold_per_floor":[18,29,48,48,48,60,89,101,137,166,7,20,20,36,36,131,131,141,152,168,168,183,183],"floor_reached":23,"playtime":993,"items_purged":[],"score":287,"play_id":"ff514e12-6e0c-46c9-9ec2-1aae6a46b912","local_time":"20190429173544","is_ascension_mode":false,"campfire_choices":[{"data":"Neutralize","floor":6,"key":"SMITH"},{"data":"Apotheosis","floor":13,"key":"SMITH"},{"floor":15,"key":"REST"}],"neow_cost":"NO_GOLD","seed_source_timestamp":0,"circlet_count":0,"master_deck":["Defend_G","Defend_G","Defend_G","Strike_G","Strike_G","Survivor","Neutralize+1","Blur+1","Escape Plan","Deadly Poison","Deflect","PiercingWail","Apotheosis+1","Terror","Poisoned Stab","Venomology","PiercingWail","Bouncing Flask","Prepared"],"special_seed":0,"relics":["Ring of the Snake","MawBank","Bronze Scales","Empty Cage"],"potions_floor_usage":[18,19,20,20,23,23,23,23],"damage_taken":[{"damage":0,"enemies":"2 Louse","floor":1,"turns":4},{"damage":0,"enemies":"Small Slimes","floor":2,"turns":5},{"damage":0,"enemies":"Cultist","floor":3,"turns":5},{"damage":6,"enemies":"Blue Slaver","floor":7,"turns":4},{"damage":5,"enemies":"Looter","floor":10,"turns":3},{"damage":14,"enemies":"Exordium Thugs","floor":12,"turns":5},{"damage":6,"enemies":"2 Fungi Beasts","floor":14,"turns":4},{"damage":11,"enemies":"Hexaghost","floor":16,"turns":8},{"damage":13,"enemies":"Shell Parasite","floor":18,"turns":4},{"damage":4,"enemies":"Spheric Guardian","floor":19,"turns":4},{"damage":8,"enemies":"Snake Plant","floor":20,"turns":4},{"damage":9,"enemies":"Shelled Parasite and Fungi","floor":22,"turns":5},{"damage":48,"enemies":"Gremlin Leader","floor":23,"turns":8}],"seed_played":"-944748690257117109","potions_obtained":[{"floor":1,"key":"Block Potion"},{"floor":2,"key":"AttackPotion"},{"floor":3,"key":"GamblersBrew"},{"floor":10,"key":"LiquidBronze"},{"floor":22,"key":"Fruit Juice"}],"is_trial":false,"path_per_floor":["M","M","M","?","?","R","M","?","T","M","$","M","R","M","R","B",null,"M","M","M","?","M","E"],"character_chosen":"THE_SILENT","items_purchased":["Apotheosis"],"campfire_rested":1,"item_purchase_floors":[11],"current_hp_per_floor":[70,70,70,63,63,63,57,57,57,52,52,38,38,32,53,42,70,57,53,45,45,36,0],"gold":183,"neow_bonus":"TRANSFORM_TWO_CARDS","is_prod":false,"is_daily":false,"chose_seed":false,"campfire_upgraded":2,"win_rate":0,"timestamp":1556516144,"path_taken":["M","M","M","?","?","R","M","?","T","M","$","?","R","M","R","BOSS","M","M","M","?","M","E"],"build_version":"2019-01-23","purchased_purges":0,"victory":false,"max_hp_per_floor":[70,70,70,70,70,70,70,70,70,70,70,70,70,70,70,70,70,70,70,70,70,70,75],"card_choices":[{"not_picked":["Leg Sweep","Distraction"],"picked":"Blur","floor":1},{"not_picked":["Bane","Heel Hook"],"picked":"Escape Plan","floor":2},{"not_picked":["Outmaneuver","Calculated Gamble"],"picked":"Deadly Poison","floor":3},{"not_picked":["Escape Plan","Accuracy"],"picked":"Deflect","floor":7},{"not_picked":["Quick Slash","Underhanded Strike"],"picked":"PiercingWail","floor":10},{"not_picked":["Flechettes","Masterful Stab"],"picked":"Terror","floor":12},{"not_picked":["Backstab","Dodge and Roll"],"picked":"Poisoned Stab","floor":14},{"not_picked":["Die Die Die","Tools of the Trade"],"picked":"Venomology","floor":16},{"not_picked":["Flechettes+1","Predator+1"],"picked":"PiercingWail","floor":18},{"not_picked":["Blade Dance","Terror+1"],"picked":"Bouncing Flask","floor":19},{"not_picked":["Blade Dance","Dagger Throw"],"picked":"Prepared","floor":20},{"not_picked":["Quick Slash","Slice","Choke"],"picked":"SKIP","floor":22}],"player_experience":132730,"relics_obtained":[{"floor":9,"key":"Bronze Scales"}],"event_choices":[{"cards_removed":["Strike_G"],"damage_healed":0,"gold_gain":0,"player_choice":"Card Removal","damage_taken":7,"max_hp_gain":0,"max_hp_loss":0,"event_name":"Golden Wing","floor":4,"gold_loss":0},{"damage_healed":0,"gold_gain":0,"player_choice":"Box","damage_taken":0,"relics_obtained":["MawBank"],"max_hp_gain":0,"max_hp_loss":0,"event_name":"Big Fish","floor":5,"gold_loss":0,"cards_obtained":["Regret"]},{"damage_healed":0,"gold_gain":0,"player_choice":"Upgraded","damage_taken":0,"max_hp_gain":0,"max_hp_loss":0,"event_name":"Upgrade Shrine","floor":8,"gold_loss":0,"cards_upgraded":["Blur"]},{"cards_removed":["Strike_G"],"damage_healed":0,"gold_gain":0,"player_choice":"Elegance","damage_taken":0,"max_hp_gain":0,"max_hp_loss":0,"event_name":"Back to Basics","floor":21,"gold_loss":0}],"is_beta":false,"boss_relics":[{"not_picked":["Tiny House","Black Star"],"picked":"Empty Cage"}],"items_purged_floors":[],"is_endless":false,"potions_floor_spawned":[1,2,3,10,18,22],"killed_by":"Gremlin Leader","ascension_level":0}