{"gold_per_floor":[117,133,151,151,151,151,184,184,184,204,222,222,236,255,255,353,353,364,279,292,292,311,311,326,326],"floor_reached":25,"playtime":1653,"items_purged":[],"score":217,"play_id":"641b35e8-fa3d-4c94-8553-38c02737ca79","local_time":"20180712002643","is_ascension_mode":true,"campfire_choices":[{"data":"Pommel Strike","floor":6,"key":"SMITH"},{"data":"Shrug It Off","floor":8,"key":"SMITH"},{"data":"Armaments","floor":12,"key":"SMITH"},{"floor":15,"key":"REST"},{"data":"Rampage","floor":23,"key":"SMITH"}],"neow_cost":"","seed_source_timestamp":82969552735913,"circlet_count":0,"master_deck":["Strike_R","Strike_R+1","Strike_R","Strike_R","Defend_R","Defend_R","Defend_R","Defend_R","Bash+1","Cleave","Pommel Strike+1","Shrug It Off+1","Flex","Armaments+1","Shrug It Off","Rampage+1","Demon Form","Shrug It Off","Twin Strike","Writhe","Wild Strike+1","Pommel Strike"],"relics":["Burning Blood","Question Card","Pen Nib","Runic Pyramid","Self Forming Clay","Blue Candle"],"potions_floor_usage":[18,22,25,25],"damage_taken":[{"damage":0,"enemies":"2 Louse","floor":1,"turns":3},{"damage":6,"enemies":"Small Slimes","floor":2,"turns":3},{"damage":1,"enemies":"Cultist","floor":3,"turns":3},{"damage":39,"enemies":"3 Sentries","floor":7,"turns":10},{"damage":2,"enemies":"Blue Slaver","floor":10,"turns":4},{"damage":0,"enemies":"Exordium Wildlife","floor":11,"turns":2},{"damage":0,"enemies":"2 Fungi Beasts","floor":13,"turns":3},{"damage":4,"enemies":"Exordium Thugs","floor":14,"turns":5},{"damage":42,"enemies":"The Guardian","floor":16,"turns":14},{"damage":28,"enemies":"2 Thieves","floor":18,"turns":5},{"damage":0,"enemies":"Chosen","floor":20,"turns":5},{"damage":19,"enemies":"Centurion and Healer","floor":22,"turns":12},{"damage":14,"enemies":"Chosen and Byrds","floor":24,"turns":6},{"damage":48,"enemies":"Book of Stabbing","floor":25,"turns":6}],"seed_played":"2306714982350580594","potions_obtained":[{"floor":2,"key":"Strength Potion"},{"floor":10,"key":"GamblersBrew"},{"floor":13,"key":"Swift Potion"},{"floor":16,"key":"Energy Potion"},{"floor":18,"key":"GamblersBrew"}],"is_trial":false,"path_per_floor":["M","M","M","?","?","R","E","R","T","M","M","R","M","M","R","B",null,"M","?","M","?","M","R","M"],"character_chosen":"IRONCLAD","items_purchased":[],"campfire_rested":1,"item_purchase_floors":[],"current_hp_per_floor":[80,80,80,64,64,64,31,31,31,35,41,41,47,49,73,37,80,58,58,64,64,51,51,43,0],"gold":326,"neow_bonus":"","is_prod":false,"is_daily":false,"chose_seed":false,"campfire_upgraded":4,"win_rate":0,"timestamp":1531322803,"path_taken":["M","M","M","?","?","R","E","R","T","M","?","R","M","M","R","BOSS","M","?","M","?","M","R","M","E"],"build_version":"2018-07-05","purchased_purges":0,"victory":false,"max_hp_per_floor":[80,80,80,80,80,80,80,80,80,80,80,80,80,80,80,80,80,80,80,80,80,80,80,80,80],"card_choices":[{"not_picked":["Rupture","Hemokinesis"],"picked":"Cleave","floor":1},{"not_picked":["Body Slam","Anger","Headbutt"],"picked":"SKIP","floor":2},{"not_picked":["Carnage","Dual Wield"],"picked":"Pommel Strike","floor":3},{"not_picked":["Entrench","Fiend Fire"],"picked":"Shrug It Off","floor":7},{"not_picked":["Body Slam","Sever Soul","Warcry"],"picked":"Flex","floor":10},{"not_picked":["Sword Boomerang","Cleave","Flex"],"picked":"Armaments","floor":11},{"not_picked":["Flex","Seeing Red","Dropkick"],"picked":"Shrug It Off","floor":13},{"not_picked":["Anger","Sword Boomerang","Juggernaut"],"picked":"Rampage","floor":14},{"not_picked":["Fiend Fire","Exhume","Dark Embrace"],"picked":"Demon Form","floor":16},{"not_picked":["Iron Wave","Spot Weakness","Sword Boomerang"],"picked":"Shrug It Off","floor":18},{"not_picked":["Sword Boomerang","Shrug It Off+1","Thunderclap"],"picked":"Twin Strike","floor":20},{"not_picked":["Clothesline+1","Hemokinesis","Anger"],"picked":"Wild Strike+1","floor":22},{"not_picked":["Spot Weakness+1","Twin Strike","True Grit"],"picked":"Pommel Strike","floor":24}],"player_experience":136024,"relics_obtained":[{"floor":7,"key":"Question Card"},{"floor":9,"key":"Pen Nib"}],"event_choices":[{"event_name":"Shining Light","player_choice":"Entered Light","floor":4,"damage_taken":0},{"event_name":"Living Wall","player_choice":"Forget","floor":5,"damage_taken":0},{"event_name":"Addict","player_choice":"Obtained Relic","floor":19,"damage_taken":0},{"event_name":"The Mausoleum","player_choice":"Yes","floor":21,"damage_taken":0}],"boss_relics":[{"not_picked":["White Beast Statue","Snecko Eye"],"picked":"Runic Pyramid"}],"items_purged_floors":[],"is_endless":false,"potions_floor_spawned":[2,10,13,16,18],"killed_by":"Book of Stabbing","ascension_level":1}