{"gold_per_floor":[117,117,117,136,136,136,161,9,9,26,59,59,69,19,19,19],"floor_reached":16,"playtime":828,"items_purged":["Strike_G"],"score":151,"play_id":"dec464af-2d9c-4224-8e8f-e4313cc1c89c","local_time":"20181001054721","is_ascension_mode":true,"campfire_choices":[{"data":"Bullet Time","floor":6,"key":"SMITH"},{"data":"Wraith Form v2","floor":12,"key":"SMITH"},{"floor":15,"key":"REST"}],"neow_cost":"NONE","seed_source_timestamp":1294261607580516,"circlet_count":0,"master_deck":["Defend_G","Defend_G","Defend_G","Defend_G","Strike_G","Strike_G","Strike_G","Survivor","Neutralize+1","Bullet Time+1","Backflip","Dagger Spray","All Out Attack","Wraith Form v2+1","Backflip","Slice","Cloak And Dagger"],"relics":["Ring of the Snake","Question Card","Vajra","Mercury Hourglass"],"potions_floor_usage":[1,7,11,11,16],"damage_taken":[{"damage":1,"enemies":"Jaw Worm","floor":1,"turns":5},{"damage":0,"enemies":"2 Louse","floor":4,"turns":3},{"damage":20,"enemies":"3 Sentries","floor":7,"turns":13},{"damage":0,"enemies":"Cultist","floor":10,"turns":3},{"damage":11,"enemies":"Lagavulin","floor":11,"turns":9},{"damage":0,"enemies":"Blue Slaver","floor":13,"turns":3},{"damage":8,"enemies":"Hexaghost","floor":16,"turns":7}],"seed_played":"-7539645480095659379","potions_obtained":[{"floor":0,"key":"GhostInAJar"},{"floor":0,"key":"FearPotion"},{"floor":0,"key":"Block Potion"},{"floor":1,"key":"GhostInAJar"},{"floor":13,"key":"AttackPotion"}],"is_trial":false,"path_per_floor":["M","?","?","M","?","R","E","$","T","M","E","R","M","$","R"],"character_chosen":"THE_SILENT","items_purchased":["All Out Attack","Cloak And Dagger"],"campfire_rested":1,"item_purchase_floors":[8,14],"current_hp_per_floor":[62,55,55,55,55,55,35,35,35,35,24,24,24,24,45,37],"gold":19,"neow_bonus":"THREE_SMALL_POTIONS","is_prod":false,"is_daily":false,"chose_seed":false,"campfire_upgraded":2,"win_rate":0,"timestamp":1538340441,"path_taken":["M","?","?","?","?","R","E","$","T","?","E","R","M","?","R","BOSS"],"build_version":"2018-09-27","purchased_purges":1,"victory":false,"max_hp_per_floor":[70,70,70,70,70,70,70,70,70,70,70,70,70,70,70,70],"card_choices":[{"not_picked":["Outmaneuver","Distraction","Skewer"],"picked":"SKIP","floor":1},{"not_picked":["Choke","Well Laid Plans"],"picked":"Backflip","floor":4},{"not_picked":["Eviscerate","Blur"],"picked":"Dagger Spray","floor":7},{"not_picked":["Backflip","Infinite Blades","Slice"],"picked":"Wraith Form v2","floor":10},{"not_picked":["Bane","Sucker Punch","Outmaneuver"],"picked":"Backflip","floor":11},{"not_picked":["Doppelganger","Prepared","Calculated Gamble"],"picked":"Slice","floor":13}],"player_experience":327809,"relics_obtained":[{"floor":7,"key":"Question Card"},{"floor":9,"key":"Vajra"},{"floor":11,"key":"Mercury Hourglass"}],"event_choices":[{"event_name":"Golden Wing","player_choice":"Card Removal","floor":2,"damage_taken":0},{"event_name":"Transmorgrifier","player_choice":"Transform","floor":3,"damage_taken":0},{"event_name":"Living Wall","player_choice":"Grow","floor":5,"damage_taken":0}],"is_beta":false,"boss_relics":[],"items_purged_floors":[8],"is_endless":false,"potions_floor_spawned":[1,13],"killed_by":"Hexaghost","ascension_level":8}