{"gold_per_floor":[113,125,139,139,154,186,186,206,229,242,192,212,225,239,239,334,334,345,225,242,62,62,62,87,105,105,119,138,138,158,171,171,268,268,280,280,291,303,303,303,27,47,47,79,79,91,91,91,91,91],"floor_reached":51,"playtime":10164,"items_purged":["Strike_B"],"score":753,"play_id":"926c8410-9b58-4db3-b1f1-aca4555785ca","local_time":"20190516112956","is_ascension_mode":true,"campfire_choices":[{"floor":7.0,"key":"REST"},{"data":"Go for the Eyes","floor":15.0,"key":"SMITH"},{"floor":23.0,"key":"REST"},{"floor":32.0,"key":"REST"},{"floor":40.0,"key":"REST"},{"floor":45,"key":"REST"},{"floor":47,"key":"REST"},{"floor":49,"key":"REST"}],"neow_cost":"NONE","seed_source_timestamp":30664995860476,"circlet_count":0,"master_deck":["Strike_B+1","Defend_B","Defend_B+1","Defend_B+1","Defend_B","Zap","Dualcast","Compile Driver","Conserve Battery","Conserve Battery","Hologram","Cold Snap","Rainbow","Go for the Eyes+1","Ball Lightning+1","Ball Lightning","Consume","Echo Form","Self Repair","Sweeping Beam","Glacier","Defragment","Go for the Eyes+1","Doom and Gloom","Loop+1","Echo Form","Go for the Eyes+1","Stack+1","Double Energy+1","Undo+1"],"special_seed":0,"relics":["Cracked Core","Dodecahedron","War Paint","Strawberry","Odd Mushroom","Runic Pyramid","Vajra","Whetstone","The Courier","Lantern","Empty Cage","Toxic Egg 2","Anchor","Potion Belt","Letter Opener","DataDisk"],"potions_floor_usage":[44,44,44,44,50,50,50],"damage_taken":[{"damage":1.0,"enemies":"Cultist","floor":1.0,"turns":4.0},{"damage":4.0,"enemies":"Jaw Worm","floor":2.0,"turns":3.0},{"damage":1.0,"enemies":"2 Louse","floor":3.0,"turns":3.0},{"damage":0.0,"enemies":"2 Fungi Beasts","floor":5.0,"turns":3.0},{"damage":53.0,"enemies":"Gremlin Nob","floor":6.0,"turns":6.0},{"damage":1.0,"enemies":"Blue Slaver","floor":8.0,"turns":4.0},{"damage":2.0,"enemies":"Large Slime","floor":10.0,"turns":6.0},{"damage":0.0,"enemies":"The Mushroom Lair","floor":12.0,"turns":4.0},{"damage":0.0,"enemies":"2 Fungi Beasts","floor":13.0,"turns":2.0},{"damage":3.0,"enemies":"Red Slaver","floor":14.0,"turns":3.0},{"damage":6.0,"enemies":"Hexaghost","floor":16.0,"turns":8.0},{"damage":5.0,"enemies":"Chosen","floor":18.0,"turns":3.0},{"damage":34.0,"enemies":"2 Thieves","floor":20.0,"turns":4.0},{"damage":29.0,"enemies":"Colosseum Slavers","floor":22.0,"turns":7.0},{"damage":67.0,"enemies":"Gremlin Leader","floor":24.0,"turns":9.0},{"damage":2.0,"enemies":"Snecko","floor":25.0,"turns":5.0},{"damage":11.0,"enemies":"Centurion and Healer","floor":27.0,"turns":10.0},{"damage":10.0,"enemies":"Shelled Parasite and Fungi","floor":28.0,"turns":7.0},{"damage":17.0,"enemies":"Snake Plant","floor":30.0,"turns":4.0},{"damage":9.0,"enemies":"Centurion and Healer","floor":31.0,"turns":6.0},{"damage":35.0,"enemies":"Collector","floor":33.0,"turns":11.0},{"damage":17.0,"enemies":"Orb Walker","floor":35.0,"turns":4.0},{"damage":37.0,"enemies":"3 Shapes","floor":37.0,"turns":6.0},{"damage":52.0,"enemies":"Jaw Worm Horde","floor":38.0,"turns":8.0},{"damage":30.0,"enemies":"Transient","floor":42.0,"turns":5.0},{"damage":7,"enemies":"Giant Head","floor":44,"turns":9},{"damage":4,"enemies":"Sphere and 2 Shapes","floor":46,"turns":4},{"damage":45,"enemies":"Awakened One","floor":50,"turns":17}],"seed_played":"-1249832869024535386","potions_obtained":[{"floor":0.0,"key":"FairyPotion"},{"floor":0.0,"key":"FairyPotion"},{"floor":0.0,"key":"SpeedPotion"},{"floor":6.0,"key":"AttackPotion"},{"floor":16.0,"key":"Fruit Juice"},{"floor":18.0,"key":"EntropicBrew"},{"floor":25.0,"key":"Ancient Potion"},{"floor":28.0,"key":"Fire Potion"},{"floor":33.0,"key":"SteroidPotion"},{"floor":35.0,"key":"EssenceOfSteel"},{"floor":38.0,"key":"Poison Potion"}],"is_trial":false,"path_per_floor":["M","M","M","?","M","E","R","M","T","M","?","?","M","M","R","B",null,"M","$","M","$","?","R","E","M","T","M","M","?","M","M","R","B",null,"M","?","M","M","?","R","$","M","T","E","R","M","R","?","R","B",null],"character_chosen":"DEFECT","items_purchased":["Sweeping Beam","Vajra","Defragment","Anchor","Potion Belt","PowerPotion"],"campfire_rested":7,"item_purchase_floors":[19,21,21,41,41,41],"current_hp_per_floor":[74,70,69,62,62,9,31,30,37,35,35,35,35,32,32,26,82,82,82,48,48,33,59,22,20,20,23,27,27,10,15,41,6,87,84,84,61,23,23,49,49,19,19,12,38,34,60,60,86,48],"gold":91,"neow_bonus":"THREE_SMALL_POTIONS","is_prod":false,"is_daily":false,"chose_seed":false,"campfire_upgraded":1,"win_rate":0,"timestamp":1558020596,"path_taken":["M","M","?","?","M","E","R","M","T","M","?","?","?","M","R","BOSS","M","$","M","$","?","R","E","M","T","M","M","?","M","M","R","BOSS","M","?","?","M","?","R","$","?","T","E","R","M","R","?","R","BOSS"],"build_version":"2019-01-23","purchased_purges":1,"victory":true,"max_hp_per_floor":[75,75,75,75,75,75,75,75,82,82,82,82,82,82,82,82,82,87,87,87,87,87,87,87,87,87,87,87,87,87,87,87,87,87,87,87,87,87,87,87,87,87,87,87,87,87,87,87,87,87],"card_choices":[{"not_picked":["Stack","Aggregate"],"picked":"Compile Driver","floor":1.0},{"not_picked":["Stack","Lockon"],"picked":"Conserve Battery","floor":2.0},{"not_picked":["Redo","Sweeping Beam"],"picked":"Conserve Battery","floor":3.0},{"not_picked":["Streamline","Barrage"],"picked":"Hologram","floor":5.0},{"not_picked":["Aggregate","Double Energy"],"picked":"Cold Snap","floor":6.0},{"not_picked":["Rebound","Gash"],"picked":"Rainbow","floor":8.0},{"not_picked":["Turbo","Hologram"],"picked":"Go for the Eyes","floor":10.0},{"not_picked":["Beam Cell","Barrage"],"picked":"Ball Lightning","floor":12.0},{"not_picked":["Steam","Stack"],"picked":"Ball Lightning","floor":13.0},{"not_picked":["Barrage","Turbo"],"picked":"Consume","floor":14.0},{"not_picked":["Multi-Cast","Amplify"],"picked":"Echo Form","floor":16.0},{"not_picked":["Leap","Compile Driver"],"picked":"Self Repair","floor":18.0},{"not_picked":["Stack","Thunder Strike"],"picked":"Glacier","floor":20.0},{"not_picked":["Compile Driver","Recycle+1"],"picked":"Go for the Eyes+1","floor":24.0},{"not_picked":["Auto Shields","Barrage"],"picked":"Doom and Gloom","floor":25.0},{"not_picked":["Sunder","Doom and Gloom","Chaos"],"picked":"SKIP","floor":27.0},{"not_picked":["White Noise","FTL","Conserve Battery"],"picked":"SKIP","floor":28.0},{"not_picked":["Compile Driver+1","Rebound","Ball Lightning+1"],"picked":"SKIP","floor":30.0},{"not_picked":["Conserve Battery","Compile Driver"],"picked":"Loop+1","floor":31.0},{"not_picked":["Seek","Machine Learning"],"picked":"Echo Form","floor":33.0},{"not_picked":["Cold Snap+1","Fusion","Conserve Battery"],"picked":"SKIP","floor":35.0},{"not_picked":["Chill+1","Aggregate"],"picked":"Go for the Eyes+1","floor":37.0},{"not_picked":["White Noise","Go for the Eyes","Rebound+1"],"picked":"SKIP","floor":38.0},{"not_picked":["Barrage","Loop"],"picked":"Stack+1","floor":42.0},{"not_picked":["Chill+1","Streamline+1"],"picked":"Double Energy+1","floor":44},{"not_picked":["Self Repair+1","Tempest+1"],"picked":"Undo+1","floor":46}],"player_experience":288420,"relics_obtained":[{"floor":6.0,"key":"War Paint"},{"floor":9.0,"key":"Strawberry"},{"floor":12.0,"key":"Odd Mushroom"},{"floor":24.0,"key":"Whetstone"},{"floor":26.0,"key":"The Courier"},{"floor":43.0,"key":"Letter Opener"},{"floor":44,"key":"DataDisk"}],"event_choices":[{"damage_healed":0.0,"max_hp_gain":0.0,"max_hp_loss":0.0,"gold_gain":0.0,"event_name":"Scrap Ooze","player_choice":"Success","floor":4.0,"gold_loss":0.0,"damage_taken":7.0,"relics_obtained":["Dodecahedron"]},{"cards_removed":["Strike_B"],"damage_healed":0.0,"max_hp_gain":0.0,"max_hp_loss":0.0,"gold_gain":0.0,"event_name":"The Cleric","player_choice":"Card Removal","floor":11.0,"gold_loss":50.0,"damage_taken":0.0},{"damage_healed":0.0,"max_hp_gain":0.0,"max_hp_loss":0.0,"gold_gain":0.0,"event_name":"Mushrooms","player_choice":"Fought Mushrooms","floor":12.0,"gold_loss":0.0,"damage_taken":0.0},{"damage_healed":0.0,"max_hp_gain":0.0,"max_hp_loss":0.0,"gold_gain":0.0,"event_name":"Colosseum","player_choice":"Fight","floor":22.0,"gold_loss":0.0,"damage_taken":0.0},{"damage_healed":0.0,"max_hp_gain":0.0,"max_hp_loss":0.0,"gold_gain":0.0,"event_name":"Colosseum","player_choice":"Fled From Nobs","floor":22.0,"gold_loss":0.0,"damage_taken":0.0},{"damage_healed":0.0,"max_hp_gain":0.0,"max_hp_loss":0.0,"gold_gain":0.0,"event_name":"The Mausoleum","player_choice":"Opened","floor":29.0,"gold_loss":0.0,"damage_taken":0.0,"relics_obtained":["Lantern"],"cards_obtained":["Writhe"]},{"damage_healed":0.0,"max_hp_gain":0.0,"max_hp_loss":0.0,"gold_gain":0.0,"event_name":"Lab","player_choice":"Got Potions","floor":36.0,"gold_loss":0.0,"damage_taken":0.0},{"damage_healed":0.0,"max_hp_gain":0.0,"max_hp_loss":0.0,"gold_gain":0.0,"event_name":"WeMeetAgain","player_choice":"Gave Potion","floor":39.0,"gold_loss":0.0,"damage_taken":0.0,"relics_obtained":["Toxic Egg 2"]},{"damage_healed":0,"gold_gain":0,"player_choice":"Leave","damage_taken":0,"max_hp_gain":0,"max_hp_loss":0,"event_name":"FaceTrader","floor":48,"gold_loss":0}],"is_beta":false,"boss_relics":[{"not_picked":["Astrolabe","Coffee Dripper"],"picked":"Runic Pyramid"},{"not_picked":["Calling Bell","White Beast Statue"],"picked":"Empty Cage"}],"items_purged_floors":[19],"is_endless":false,"potions_floor_spawned":[5,6,8,16,18,25,28,33,35,38],"ascension_level":3}