{"gold_per_floor":[112,19,19,30,47,47,65,65,65,77,96,271,297,308,308,406,406,420,110,110,123,140,140,150,150,174,424,434,449,449],"floor_reached":30,"playtime":2358,"items_purged":["Strike_G"],"score":236,"play_id":"1497f5b9-21d5-4a63-9863-a0447aa52f49","local_time":"20180906053954","is_ascension_mode":false,"campfire_choices":[{"data":"Neutralize","floor":6,"key":"SMITH"},{"data":"Flash of Steel","floor":8,"key":"SMITH"},{"data":"Noxious Fumes","floor":15,"key":"SMITH"},{"floor":23,"key":"REST"}],"neow_cost":"NONE","seed_source_timestamp":4435417656071,"circlet_count":0,"master_deck":["Defend_G","Defend_G+1","Defend_G","Defend_G+1","Defend_G","Strike_G","Strike_G+1","Strike_G+1","Survivor","Neutralize+1","Deadly Poison","Flash of Steel+1","Dash","Outmaneuver","Poisoned Stab","Noxious Fumes+1","Poisoned Stab","Doubt","Dagger Spray","Blur","After Image","Dagger Throw","Infinite Blades","Flying Knee","Poisoned Stab+1","Outmaneuver","Regret","Distraction+1","Acrobatics"],"relics":["Ring of the Snake","Whetstone","Ornamental Fan","War Paint","White Beast Statue","Bag of Marbles","StoneCalendar","Dodecahedron","Potion Belt"],"potions_floor_usage":[11,16,18,22,24,24,24,30,30],"damage_taken":[{"damage":0,"enemies":"Small Slimes","floor":1,"turns":3},{"damage":0,"enemies":"Jaw Worm","floor":4,"turns":3},{"damage":0,"enemies":"2 Louse","floor":5,"turns":3},{"damage":0,"enemies":"Gremlin Gang","floor":7,"turns":6},{"damage":0,"enemies":"Exordium Wildlife","floor":10,"turns":4},{"damage":0,"enemies":"3 Louse","floor":11,"turns":2},{"damage":2,"enemies":"Gremlin Nob","floor":13,"turns":4},{"damage":3,"enemies":"Large Slime","floor":14,"turns":6},{"damage":15,"enemies":"Hexaghost","floor":16,"turns":9},{"damage":14,"enemies":"3 Byrds","floor":18,"turns":5},{"damage":11,"enemies":"Spheric Guardian","floor":21,"turns":5},{"damage":13,"enemies":"Snake Plant","floor":22,"turns":6},{"damage":3,"enemies":"Centurion and Healer","floor":24,"turns":7},{"damage":7,"enemies":"Cultist and Chosen","floor":28,"turns":6},{"damage":17,"enemies":"Sentry and Sphere","floor":29,"turns":6},{"damage":28,"enemies":"Slaver and Parasite","floor":30,"turns":3}],"seed_played":"2186204489382105483","potions_obtained":[{"floor":7,"key":"Weak Potion"},{"floor":10,"key":"Explosive Potion"},{"floor":13,"key":"Explosive Potion"},{"floor":14,"key":"Strength Potion"},{"floor":16,"key":"Dexterity Potion"},{"floor":18,"key":"Dexterity Potion"},{"floor":21,"key":"FearPotion"},{"floor":22,"key":"Block Potion"},{"floor":24,"key":"Ancient Potion"},{"floor":28,"key":"PowerPotion"},{"floor":29,"key":"SkillPotion"}],"is_trial":false,"path_per_floor":["M","$","?","M","M","R","M","R","T","M","M","?","E","M","R","B",null,"M","$","?","M","M","R","M","T","T","?","M","M"],"character_chosen":"THE_SILENT","items_purchased":["Flash of Steel","Bag of Marbles","Infinite Blades"],"campfire_rested":1,"item_purchase_floors":[2,19,19],"current_hp_per_floor":[70,70,63,63,63,63,63,63,63,63,63,63,61,58,58,43,70,56,56,56,45,32,53,50,50,50,50,43,26,0],"gold":449,"neow_bonus":"RANDOM_COMMON_RELIC","is_prod":false,"is_daily":false,"chose_seed":false,"campfire_upgraded":3,"win_rate":0.0,"timestamp":1536183594,"path_taken":["M","$","?","M","M","R","M","R","T","M","?","?","E","M","R","BOSS","M","$","?","M","M","R","M","?","T","?","M","M","?"],"build_version":"2018-08-02","purchased_purges":1,"victory":false,"max_hp_per_floor":[70,70,70,70,70,70,70,70,70,70,70,70,70,70,70,70,70,70,70,70,70,70,70,70,70,70,70,70,70,70],"card_choices":[{"not_picked":["Quick Slash","Outmaneuver"],"picked":"Deadly Poison","floor":1},{"not_picked":["Underhanded Strike","Flechettes"],"picked":"Dash","floor":4},{"not_picked":["Deflect","PiercingWail"],"picked":"Outmaneuver","floor":5},{"not_picked":["Outmaneuver","Acrobatics"],"picked":"Poisoned Stab","floor":7},{"not_picked":["Outmaneuver","Burst"],"picked":"Noxious Fumes","floor":10},{"not_picked":["Flechettes","Deflect"],"picked":"Poisoned Stab","floor":11},{"not_picked":["Poisoned Stab","Outmaneuver"],"picked":"Dagger Spray","floor":13},{"not_picked":["Sucker Punch","Dagger Spray"],"picked":"Blur","floor":14},{"not_picked":["Doppelganger","Unload"],"picked":"After Image","floor":16},{"not_picked":["PiercingWail+1","Outmaneuver"],"picked":"Dagger Throw","floor":18},{"not_picked":["Finisher","Deadly Poison"],"picked":"Flying Knee","floor":21},{"not_picked":["Deadly Poison","Dagger Spray"],"picked":"Poisoned Stab+1","floor":22},{"not_picked":["Dagger Throw","Dodge and Roll"],"picked":"Outmaneuver","floor":24},{"not_picked":["Sucker Punch","Outmaneuver"],"picked":"Distraction+1","floor":28},{"not_picked":["Poisoned Stab+1","Dodge and Roll"],"picked":"Acrobatics","floor":29}],"player_experience":6618,"relics_obtained":[{"floor":9,"key":"Ornamental Fan"},{"floor":13,"key":"War Paint"},{"floor":25,"key":"Dodecahedron"},{"floor":26,"key":"Potion Belt"}],"event_choices":[{"event_name":"Golden Wing","player_choice":"Card Removal","floor":3,"damage_taken":0},{"event_name":"Liars Game","player_choice":"agreed","floor":12,"damage_taken":0},{"event_name":"WeMeetAgain","player_choice":"Potion","floor":20,"damage_taken":0},{"event_name":"Golden Shrine","player_choice":"Desecrate","floor":27,"damage_taken":0}],"is_beta":false,"boss_relics":[{"not_picked":["Philosopher\u0027s Stone","HoveringKite"],"picked":"White Beast Statue"}],"items_purged_floors":[19],"is_endless":false,"potions_floor_spawned":[7,10,13,14,16,18,21,22,24,28,29],"killed_by":"Slaver and Parasite","ascension_level":0}