{"gold_per_floor":[113,124,6,6,21,47,47,12,36,64,64,64,80,92,92,190,190,208,208,282,301,84,84,117,117,117,129,143,157,16,16,16,118,118,134,65,65,65,116,116,134,187,263,138,138,153,153,173,173,173],"floor_reached":50,"playtime":1785,"items_purged":["Tactician"],"score":493,"play_id":"8670b1f4-3b1a-43b2-afde-9b1f5a5f76b9","local_time":"20190518115253","is_ascension_mode":false,"campfire_choices":[{"floor":7,"key":"REST"},{"data":"Cloak And Dagger","floor":12,"key":"SMITH"},{"data":"Storm of Steel","floor":15,"key":"SMITH"},{"floor":23,"key":"REST"},{"floor":32,"key":"REST"},{"data":"Infinite Blades","floor":40,"key":"SMITH"},{"floor":45,"key":"REST"},{"floor":47,"key":"RECALL"},{"floor":49,"key":"REST"}],"neow_cost":"NONE","seed_source_timestamp":2823953749028448,"circlet_count":0,"master_deck":["Survivor","Neutralize+1","Blade Dance","PiercingWail","Terror","Caltrops","Poisoned Stab","Blade Dance","Cloak And Dagger+1","Footwork","Storm of Steel+1","Venomology","PiercingWail","Glass Knife","Dash","Backflip","Glass Knife+1","Backflip","Cloak And Dagger","Escape Plan+1","Dodge and Roll","Noxious Fumes","Wraith Form v2","Malaise","Footwork","Glass Knife","Outmaneuver","Die Die Die","Outmaneuver","Predator","Skewer","Eviscerate","Leg Sweep","Infinite Blades+1","Madness","Madness","Footwork","Dagger Spray+1","Calculated Gamble+1","Well Laid Plans"],"relics":["WristBlade","PreservedInsect","Letter Opener","Smiling Mask","Potion Belt","Orrery","Blue Candle","Anchor","Thread and Needle","Whetstone","Ninja Scroll","Pandora\u0027s Box","Pocketwatch","Meat on the Bone"],"potions_floor_usage":[18,19,24,28,29,33,33,33,33,33,33,33,33,33,35,39,39,39,39,39,48,50,50,50,50,50],"damage_taken":[{"damage":0,"enemies":"Cultist","floor":1,"turns":3},{"damage":0,"enemies":"Small Slimes","floor":2,"turns":3},{"damage":3,"enemies":"Jaw Worm","floor":5,"turns":3},{"damage":25,"enemies":"Lagavulin","floor":6,"turns":5},{"damage":17,"enemies":"3 Sentries","floor":10,"turns":6},{"damage":6,"enemies":"2 Fungi Beasts","floor":13,"turns":3},{"damage":5,"enemies":"Red Slaver","floor":14,"turns":2},{"damage":16,"enemies":"Slime Boss","floor":16,"turns":10},{"damage":12,"enemies":"2 Thieves","floor":18,"turns":5},{"damage":28,"enemies":"Colosseum Slavers","floor":19,"turns":4},{"damage":5,"enemies":"3 Byrds","floor":21,"turns":4},{"damage":24,"enemies":"Slavers","floor":24,"turns":6},{"damage":0,"enemies":"Centurion and Healer","floor":27,"turns":5},{"damage":0,"enemies":"Snecko","floor":28,"turns":5},{"damage":25,"enemies":"Snake Plant","floor":29,"turns":5},{"damage":26,"enemies":"Collector","floor":33,"turns":9},{"damage":0,"enemies":"3 Shapes","floor":35,"turns":4},{"damage":19,"enemies":"2 Orb Walkers","floor":39,"turns":6},{"damage":17,"enemies":"3 Darklings","floor":41,"turns":4},{"damage":0,"enemies":"Transient","floor":46,"turns":5},{"damage":44,"enemies":"Spire Growth","floor":48,"turns":5},{"damage":50,"enemies":"Awakened One","floor":50,"turns":14}],"seed_played":"7154137262650477526","potions_obtained":[{"floor":2,"key":"Weak Potion"},{"floor":6,"key":"Swift Potion"},{"floor":10,"key":"Fire Potion"},{"floor":11,"key":"GamblersBrew"},{"floor":11,"key":"SpeedPotion"},{"floor":16,"key":"Ancient Potion"},{"floor":18,"key":"Fire Potion"},{"floor":33,"key":"Poison Potion"},{"floor":48,"key":"SteroidPotion"}],"is_trial":false,"path_per_floor":["M","M","$","?","M","E","R","?","T","E","?","R","M","M","R","B",null,"M","?","T","M","$","R","E","T","T","M","M","M","$","$","R","B",null,"M","$","?","$","?","R","M","T","T","$","R","M","R","M","R","B"],"character_chosen":"THE_SILENT","items_purchased":["Terror","Caltrops","Glass Knife","Anchor","Noxious Fumes","EntropicBrew","Infinite Blades","GhostInAJar"],"campfire_rested":5,"item_purchase_floors":[3,3,22,22,30,30,36,44],"current_hp_per_floor":[70,70,70,52,49,24,45,62,62,45,45,45,39,34,34,18,70,58,30,30,25,25,46,22,22,22,22,36,11,11,11,32,6,70,70,70,61,61,42,42,25,25,25,25,46,46,46,14,35,0],"gold":173,"neow_bonus":"BOSS_RELIC","is_prod":false,"is_daily":false,"chose_seed":false,"campfire_upgraded":3,"win_rate":0,"timestamp":1558137173,"path_taken":["M","?","?","?","M","E","R","?","T","E","?","R","M","M","R","BOSS","M","?","?","M","?","R","E","?","T","M","M","M","?","$","R","BOSS","M","$","?","$","?","R","M","?","T","?","R","M","R","M","R","BOSS"],"build_version":"2019-01-23","purchased_purges":1,"victory":false,"max_hp_per_floor":[70,70,70,70,70,70,70,70,70,70,70,70,70,70,70,70,70,70,70,70,70,70,70,70,70,70,70,70,70,70,70,70,70,70,70,70,70,70,70,70,70,70,70,70,70,70,70,70,70,70],"card_choices":[{"not_picked":["Acrobatics","Predator"],"picked":"Blade Dance","floor":1},{"not_picked":["Setup","Endless Agony"],"picked":"PiercingWail","floor":2},{"not_picked":["Bane","Predator"],"picked":"Poisoned Stab","floor":5},{"not_picked":["Reflex","Endless Agony"],"picked":"Blade Dance","floor":6},{"not_picked":["Blade Dance","Acrobatics"],"picked":"Cloak And Dagger","floor":10},{"not_picked":["Prepared","Quick Slash"],"picked":"Footwork","floor":13},{"not_picked":["Deadly Poison","Caltrops"],"picked":"Storm of Steel","floor":14},{"not_picked":["Wraith Form v2","Envenom"],"picked":"Venomology","floor":16},{"not_picked":["Deadly Poison","Dodge and Roll"],"picked":"PiercingWail","floor":17},{"not_picked":["Blade Dance","Sucker Punch"],"picked":"Glass Knife","floor":17},{"not_picked":["Underhanded Strike","Blade Dance"],"picked":"Dash","floor":17},{"not_picked":["Quick Slash","Riddle With Holes","Sucker Punch"],"picked":"SKIP","floor":18},{"not_picked":["Deadly Poison+1","Underhanded Strike"],"picked":"Backflip","floor":21},{"not_picked":["Outmaneuver","Slice"],"picked":"Backflip","floor":24},{"not_picked":["Setup","Quick Slash"],"picked":"Cloak And Dagger","floor":27},{"not_picked":["Riddle With Holes+1","Expertise"],"picked":"Escape Plan+1","floor":28},{"not_picked":["Deflect","Riddle With Holes+1"],"picked":"Dodge and Roll","floor":29},{"not_picked":["Glass Knife","Unload"],"picked":"Wraith Form v2","floor":33},{"not_picked":["Bane+1","Flying Knee"],"picked":"Leg Sweep","floor":35},{"not_picked":["Sucker Punch+1","Flying Knee"],"picked":"Footwork","floor":39},{"not_picked":["Dodge and Roll","Phantasmal Killer"],"picked":"Dagger Spray+1","floor":41},{"not_picked":["Poisoned Stab","Outmaneuver"],"picked":"Calculated Gamble+1","floor":46},{"not_picked":["Dagger Throw","Backflip+1"],"picked":"Well Laid Plans","floor":48}],"player_experience":295663,"relics_obtained":[{"floor":6,"key":"Letter Opener"},{"floor":9,"key":"Smiling Mask"},{"floor":10,"key":"Potion Belt"},{"floor":20,"key":"Blue Candle"},{"floor":24,"key":"Thread and Needle"},{"floor":25,"key":"Whetstone"},{"floor":26,"key":"Ninja Scroll"},{"floor":39,"key":"Pocketwatch"},{"floor":43,"key":"Meat on the Bone"}],"event_choices":[{"damage_healed":0,"gold_gain":0,"player_choice":"Success","damage_taken":18,"relics_obtained":["PreservedInsect"],"max_hp_gain":0,"max_hp_loss":0,"event_name":"Scrap Ooze","floor":4,"gold_loss":0},{"damage_healed":17,"gold_gain":0,"player_choice":"Healed","damage_taken":0,"max_hp_gain":0,"max_hp_loss":0,"event_name":"The Cleric","floor":8,"gold_loss":35},{"damage_healed":0,"gold_gain":0,"player_choice":"Got Potions","damage_taken":0,"max_hp_gain":0,"max_hp_loss":0,"event_name":"Lab","floor":11,"gold_loss":0},{"damage_healed":0,"gold_gain":0,"player_choice":"Fight","damage_taken":0,"max_hp_gain":0,"max_hp_loss":0,"event_name":"Colosseum","floor":19,"gold_loss":0},{"damage_healed":0,"gold_gain":0,"player_choice":"Fled From Nobs","damage_taken":0,"max_hp_gain":0,"max_hp_loss":0,"event_name":"Colosseum","floor":19,"gold_loss":0},{"damage_healed":0,"gold_gain":0,"player_choice":"Embrace Madness","damage_taken":9,"max_hp_gain":0,"max_hp_loss":0,"event_name":"Winding Halls","floor":37,"gold_loss":0,"cards_obtained":["Madness","Madness"]},{"damage_healed":0,"gold_gain":0,"player_choice":"Fight","damage_taken":0,"max_hp_gain":0,"max_hp_loss":0,"event_name":"Mysterious Sphere","floor":39,"gold_loss":0}],"is_beta":false,"boss_relics":[{"not_picked":["Black Star","Empty Cage"],"picked":"Orrery"},{"not_picked":["Tiny House","Coffee Dripper"],"picked":"Pandora\u0027s Box"}],"items_purged_floors":[44],"is_endless":false,"potions_floor_spawned":[2,6,10,16,18,19,33,48],"killed_by":"Awakened One","ascension_level":0}