{"gold_per_floor":[116,391,249,249,249,288,288,326,349,349,368,393,428,449,449,580,580,570,593,593,280,300,300,320,336,359,359,380,418,125,148,148,148],"floor_reached":33,"playtime":1821,"items_purged":["Regret","Defend_R","Strike_R"],"score":421,"play_id":"fe32ee8f-2bd0-4f64-bb45-7ce940131a01","local_time":"20181101081751","is_ascension_mode":true,"campfire_choices":[{"data":"Armaments","floor":7.0,"key":"SMITH"},{"data":"Bash","floor":10.0,"key":"SMITH"},{"data":"Dark Embrace","floor":15.0,"key":"SMITH"},{"data":"Wild Strike","floor":23,"key":"SMITH"},{"data":"Offering","floor":27,"key":"SMITH"},{"data":"Combust","floor":32,"key":"SMITH"}],"neow_cost":"NONE","seed_source_timestamp":0,"circlet_count":0,"master_deck":["Strike_R","Strike_R","Strike_R","Strike_R","Defend_R","Defend_R","Defend_R","Bash+1","Armaments+1","Reckless Charge","Thunderclap","Shrug It Off","True Grit","Dark Embrace+1","Shrug It Off","Shrug It Off","Offering+1","Whirlwind+1","Wild Strike+1","Necronomicurse","Reckless Charge","Reckless Charge","Warcry+1","Spot Weakness","Pommel Strike+1","Combust+1"],"special_seed":0,"relics":["Burning Blood","NeowsBlessing","Golden Idol","Calipers","Art of War","Oddly Smooth Stone","Pen Nib","Anchor","Eternal Feather","Necronomicon","Bag of Preparation","Juzu Bracelet","Molten Egg 2","Membership Card"],"potions_floor_usage":[24,29,29],"damage_taken":[{"damage":0.0,"enemies":"Small Slimes","floor":1.0,"turns":2.0},{"damage":0.0,"enemies":"3 Sentries","floor":6.0,"turns":2.0},{"damage":0.0,"enemies":"Gremlin Nob","floor":8.0,"turns":1.0},{"damage":0.0,"enemies":"Cultist","floor":11.0,"turns":3.0},{"damage":0.0,"enemies":"2 Louse","floor":12.0,"turns":2.0},{"damage":21.0,"enemies":"3 Sentries","floor":13.0,"turns":7.0},{"damage":0.0,"enemies":"Looter","floor":14.0,"turns":4.0},{"damage":26.0,"enemies":"The Guardian","floor":16.0,"turns":12.0},{"damage":22.0,"enemies":"2 Thieves","floor":18.0,"turns":4.0},{"damage":14,"enemies":"Shell Parasite","floor":19,"turns":13},{"damage":2,"enemies":"Cultist and Chosen","floor":22,"turns":4},{"damage":17,"enemies":"Snake Plant","floor":24,"turns":4},{"damage":6,"enemies":"Shelled Parasite and Fungi","floor":25,"turns":1},{"damage":8,"enemies":"Centurion and Healer","floor":28,"turns":5},{"damage":12,"enemies":"Book of Stabbing","floor":29,"turns":4},{"damage":6,"enemies":"3 Cultists","floor":31,"turns":3},{"damage":78,"enemies":"Automaton","floor":33,"turns":6}],"seed_played":"2548804094588512252","potions_obtained":[{"floor":11.0,"key":"FearPotion"},{"floor":13.0,"key":"Fruit Juice"},{"floor":14.0,"key":"PowerPotion"},{"floor":16.0,"key":"SteroidPotion"},{"floor":19,"key":"PowerPotion"},{"floor":24,"key":"Weak Potion"},{"floor":28,"key":"FearPotion"},{"floor":31,"key":"FearPotion"}],"is_trial":false,"path_per_floor":["M","?","$","?","T","E","R","E","T","R","M","M","E","M","R","B",null,"M","M","?","$","M","R","M","M","T","R","M","E","$","M","R"],"character_chosen":"IRONCLAD","items_purchased":["Reckless Charge","Reckless Charge","Bag of Preparation","Membership Card","Combust"],"campfire_rested":0,"item_purchase_floors":[3,21,21,30,30],"current_hp_per_floor":[80,80,80,60,60,66,66,72,72,72,78,80,70,76,76,56,78,62,54,38,38,42,54,43,43,43,55,53,47,47,47,62,0],"gold":148,"neow_bonus":"THREE_ENEMY_KILL","is_prod":false,"is_daily":false,"chose_seed":false,"campfire_upgraded":6,"win_rate":0,"timestamp":1541027871,"path_taken":["M","?","$","?","?","E","R","E","T","R","M","M","E","M","R","BOSS","M","?","?","$","M","R","M","M","T","R","M","E","$","M","R","BOSS"],"build_version":"2018-10-25v2","purchased_purges":3,"victory":false,"max_hp_per_floor":[80,80,80,80,80,80,80,80,80,80,80,80,85,85,85,85,85,85,85,85,85,85,85,85,85,85,85,85,85,85,85,85,85],"card_choices":[{"not_picked":["Twin Strike","Cleave"],"picked":"Armaments","floor":1.0},{"not_picked":["Barricade","Havoc"],"picked":"Thunderclap","floor":6.0},{"not_picked":["Impervious","Ghostly Armor"],"picked":"Shrug It Off","floor":8.0},{"not_picked":["Headbutt","Perfected Strike"],"picked":"True Grit","floor":11.0},{"not_picked":["Sword Boomerang","Battle Trance"],"picked":"Dark Embrace","floor":12.0},{"not_picked":["Corruption","Iron Wave"],"picked":"Shrug It Off","floor":13.0},{"not_picked":["Searing Blow","Twin Strike"],"picked":"Shrug It Off","floor":14.0},{"not_picked":["Berserk","Limit Break"],"picked":"Offering","floor":16.0},{"not_picked":["Hemokinesis","Wild Strike"],"picked":"Whirlwind+1","floor":18.0},{"not_picked":["Pommel Strike","Clash+1"],"picked":"Wild Strike","floor":19},{"not_picked":["Perfected Strike","Flex","Sword Boomerang"],"picked":"SKIP","floor":22},{"not_picked":["Feed","Iron Wave+1"],"picked":"Reckless Charge","floor":24},{"not_picked":["Clash","Dual Wield"],"picked":"Warcry+1","floor":25},{"not_picked":["Blood for Blood+1","Headbutt+1"],"picked":"Spot Weakness","floor":28},{"not_picked":["Burning Pact","Dual Wield+1"],"picked":"Pommel Strike+1","floor":29},{"not_picked":["Combust","Shrug It Off","Thunderclap+1"],"picked":"SKIP","floor":31}],"player_experience":426661,"relics_obtained":[{"floor":5.0,"key":"Calipers"},{"floor":6.0,"key":"Art of War"},{"floor":8.0,"key":"Oddly Smooth Stone"},{"floor":9.0,"key":"Pen Nib"},{"floor":13.0,"key":"Anchor"},{"floor":20,"key":"Necronomicon"},{"floor":26,"key":"Juzu Bracelet"},{"floor":29,"key":"Molten Egg 2"}],"event_choices":[{"damage_healed":0.0,"max_hp_gain":0.0,"max_hp_loss":0.0,"gold_gain":275.0,"event_name":"Golden Shrine","player_choice":"Desecrate","floor":2.0,"gold_loss":0.0,"damage_taken":0.0,"cards_obtained":["Regret"]},{"damage_healed":0.0,"max_hp_gain":0.0,"max_hp_loss":0.0,"gold_gain":0.0,"event_name":"Golden Idol","player_choice":"Take Damage","floor":4.0,"gold_loss":0.0,"damage_taken":20.0,"relics_obtained":["Golden Idol"]},{"damage_healed":0,"gold_gain":0,"player_choice":"Obtained Book","damage_taken":16,"max_hp_gain":0,"max_hp_loss":0,"event_name":"Cursed Tome","floor":20,"gold_loss":0}],"is_beta":false,"boss_relics":[{"not_picked":["Velvet Choker","Philosopher\u0027s Stone"],"picked":"Eternal Feather"}],"items_purged_floors":[3,21,30],"is_endless":false,"potions_floor_spawned":[11,13,14,16,19,24,28,31],"killed_by":"Automaton","ascension_level":5}