{"gold_per_floor":[109,109,109,128,16,46,46,78,78,108,120,120,133,133,133,235,235,205],"floor_reached":18,"playtime":1299,"items_purged":["Strike_G"],"score":240,"play_id":"5a6e1785-e428-4fdc-8dfa-a6c802f2ed07","local_time":"20181001043857","is_ascension_mode":true,"campfire_choices":[{"data":"Infinite Blades","floor":7,"key":"SMITH"},{"data":"Wraith Form v2","floor":12,"key":"SMITH"},{"data":"Slice","floor":15,"key":"SMITH"}],"neow_cost":"","seed_source_timestamp":1289685755717332,"circlet_count":0,"master_deck":["Defend_G","Defend_G","Defend_G","Defend_G","Defend_G","Strike_G","Strike_G","Strike_G","Strike_G","Survivor","Neutralize+1","Deadly Poison","Infinite Blades+1","Slice+1","Finisher","Wraith Form v2+1","Finisher","PiercingWail","A Thousand Cuts","Normality","Injury","Parasite"],"relics":["Ring of the Snake","Meat on the Bone","Tough Bandages","Bottled Lightning","Question Card","Ornamental Fan","Calling Bell","Ancient Tea Set","Matryoshka","Prayer Wheel"],"potions_floor_usage":[10,16,16],"damage_taken":[{"damage":1,"enemies":"Cultist","floor":1,"turns":6},{"damage":0,"enemies":"Small Slimes","floor":4,"turns":4},{"damage":39,"enemies":"Gremlin Nob","floor":6,"turns":6},{"damage":14,"enemies":"Lagavulin","floor":8,"turns":6},{"damage":11,"enemies":"Gremlin Nob","floor":10,"turns":4},{"damage":1,"enemies":"2 Louse","floor":11,"turns":3},{"damage":1,"enemies":"2 Fungi Beasts","floor":13,"turns":3},{"damage":5,"enemies":"Hexaghost","floor":16,"turns":9},{"damage":17,"enemies":"2 Thieves","floor":18,"turns":2}],"seed_played":"6582538095039658922","potions_obtained":[{"floor":6,"key":"Energy Potion"},{"floor":8,"key":"Swift Potion"},{"floor":10,"key":"Strength Potion"},{"floor":11,"key":"FearPotion"},{"floor":16,"key":"Dexterity Potion"}],"is_trial":false,"path_per_floor":["M","T","?","M","$","E","R","E","T","E","M","R","M","?","R","B",null],"character_chosen":"THE_SILENT","items_purchased":["Infinite Blades"],"campfire_rested":0,"item_purchase_floors":[5],"current_hp_per_floor":[62,62,62,62,62,35,35,33,33,34,45,45,44,44,44,39,62,45],"gold":205,"neow_bonus":"","is_prod":false,"is_daily":false,"chose_seed":false,"campfire_upgraded":3,"win_rate":0,"timestamp":1538336337,"path_taken":["M","?","?","M","$","E","R","E","T","E","M","R","M","?","R","BOSS","M"],"build_version":"2018-09-27","purchased_purges":1,"victory":false,"max_hp_per_floor":[70,70,70,70,70,70,70,70,70,70,70,70,70,70,70,70,70,70],"card_choices":[{"not_picked":["Prepared","PiercingWail"],"picked":"Deadly Poison","floor":1},{"not_picked":["Sucker Punch","Finisher","Flying Knee"],"picked":"SKIP","floor":4},{"not_picked":["Dodge and Roll","Sucker Punch"],"picked":"Slice","floor":6},{"not_picked":["Choke","Dagger Spray"],"picked":"Finisher","floor":8},{"not_picked":["Venomology","Poisoned Stab","Underhanded Strike"],"picked":"Wraith Form v2","floor":10},{"not_picked":["Outmaneuver","Terror","Well Laid Plans"],"picked":"Finisher","floor":11},{"not_picked":["Expertise","Acrobatics","Poisoned Stab"],"picked":"PiercingWail","floor":13},{"not_picked":["After Image","Die Die Die","Storm of Steel"],"picked":"A Thousand Cuts","floor":16}],"player_experience":323269,"relics_obtained":[{"floor":2,"key":"Meat on the Bone"},{"floor":6,"key":"Tough Bandages"},{"floor":8,"key":"Bottled Lightning"},{"floor":9,"key":"Question Card"},{"floor":10,"key":"Ornamental Fan"},{"floor":17,"key":"Ancient Tea Set"},{"floor":17,"key":"Matryoshka"},{"floor":17,"key":"Prayer Wheel"}],"event_choices":[{"event_name":"Living Wall","player_choice":"Grow","floor":3,"damage_taken":0},{"event_name":"Liars Game","player_choice":"disagreed","floor":14,"damage_taken":0}],"is_beta":false,"boss_relics":[{"not_picked":["Velvet Choker","Philosopher\u0027s Stone"],"picked":"Calling Bell"}],"items_purged_floors":[5],"is_endless":false,"potions_floor_spawned":[6,8,10,11,16],"killed_by":"2 Thieves","ascension_level":7}