{"gold_per_floor":[99],"floor_reached":1,"playtime":123,"items_purged":[],"score":5,"play_id":"67a23c3d-1cd5-4444-993f-712a511a95d1","local_time":"20190515121306","daily_mods":["Draft","Heirloom","Elite Swarm"],"is_ascension_mode":true,"campfire_choices":[],"neow_cost":"","seed_source_timestamp":58794522372800,"circlet_count":0,"master_deck":["Demon Form","Wraith Form v2","Echo Form","Flying Knee","Dagger Spray","Cloak And Dagger","Backflip","Cloak And Dagger","PiercingWail","Eviscerate","Backflip","Skewer","Backflip","Dagger Spray","Quick Slash","Calculated Gamble","Tactician","Footwork"],"relics":["Snecko Eye","Ice Cream"],"potions_floor_usage":[],"damage_taken":[{"damage":0,"enemies":"Jaw Worm","floor":1,"turns":1}],"seed_played":"9052435976877391339","potions_obtained":[],"is_trial":true,"path_per_floor":["M"],"character_chosen":"THE_SILENT","items_purchased":[],"campfire_rested":0,"item_purchase_floors":[],"current_hp_per_floor":[1],"gold":99,"neow_bonus":"","is_prod":false,"is_daily":false,"chose_seed":false,"campfire_upgraded":0,"win_rate":0,"timestamp":1557936786,"path_taken":["M"],"build_version":"2019-01-23","purchased_purges":0,"victory":false,"max_hp_per_floor":[1],"card_choices":[{"not_picked":["Reflex","Expertise"],"picked":"Flying Knee","floor":0},{"not_picked":["Flying Knee","Concentrate"],"picked":"Dagger Spray","floor":0},{"not_picked":["Dagger Throw","Reflex"],"picked":"Cloak And Dagger","floor":0},{"not_picked":["Sucker Punch","Reflex"],"picked":"Backflip","floor":0},{"not_picked":["Dagger Spray","Dodge and Roll"],"picked":"Cloak And Dagger","floor":0},{"not_picked":["Underhanded Strike","Dagger Throw"],"picked":"PiercingWail","floor":0},{"not_picked":["Dagger Throw","Heel Hook"],"picked":"Eviscerate","floor":0},{"not_picked":["Dagger Spray","Deflect"],"picked":"Backflip","floor":0},{"not_picked":["Poisoned Stab","Sucker Punch"],"picked":"Skewer","floor":0},{"not_picked":["Reflex","Distraction"],"picked":"Backflip","floor":0},{"not_picked":["Bane","Outmaneuver"],"picked":"Dagger Spray","floor":0},{"not_picked":["Dagger Throw","Underhanded Strike"],"picked":"Quick Slash","floor":0},{"not_picked":["Outmaneuver","Poisoned Stab"],"picked":"Calculated Gamble","floor":0},{"not_picked":["Masterful Stab","Cloak And Dagger"],"picked":"Tactician","floor":0},{"not_picked":["Slice","Concentrate"],"picked":"Footwork","floor":0}],"player_experience":258987,"relics_obtained":[],"event_choices":[],"is_beta":false,"boss_relics":[],"items_purged_floors":[],"is_endless":false,"potions_floor_spawned":[],"killed_by":"Jaw Worm","ascension_level":1}