{"gold_per_floor":[210,31,41,41,41,41,72,72,72,147,158,188,188,12,12,12],"floor_reached":16,"playtime":881,"items_purged":["Defend_R","Defend_R"],"score":96,"play_id":"34a6f10d-8b76-4541-b41c-d87b089a02b4","local_time":"20180707191306","is_ascension_mode":false,"campfire_choices":[{"data":"Armaments","floor":6,"key":"SMITH"},{"floor":8,"key":"REST"},{"floor":15,"key":"REST"}],"neow_cost":"NONE","seed_source_timestamp":78739042720218,"circlet_count":0,"master_deck":["Strike_R","Strike_R+1","Strike_R+1","Strike_R","Defend_R","Defend_R+1","Bash","Armaments+1","Metallicize","Whirlwind","Shrug It Off+1","Shrug It Off+1","Shrug It Off","Headbutt","Warcry"],"relics":["Burning Blood","Blood Vial","War Paint","Odd Mushroom"],"potions_floor_usage":[12],"damage_taken":[{"damage":11,"enemies":"Jaw Worm","floor":1,"turns":5},{"damage":10,"enemies":"Small Slimes","floor":3,"turns":4},{"damage":46,"enemies":"Gremlin Nob","floor":7,"turns":6},{"damage":0,"enemies":"Cultist","floor":11,"turns":4},{"damage":15,"floor":12,"turns":6},{"damage":57,"enemies":"The Guardian","floor":16,"turns":13}],"seed_played":"-7716087688496183519","potions_obtained":[{"floor":1,"key":"Weak Potion"}],"is_trial":false,"path_per_floor":["M","$","M","?","?","R","E","R","T","?","M","?","?","$","R"],"character_chosen":"IRONCLAD","items_purchased":["Metallicize","Whirlwind","Headbutt","Warcry"],"campfire_rested":2,"item_purchase_floors":[2,2,14,14],"current_hp_per_floor":[75,75,71,55,55,55,15,39,39,28,36,29,29,29,53,0],"gold":12,"neow_bonus":"HUNDRED_GOLD","is_prod":false,"is_daily":false,"chose_seed":false,"campfire_upgraded":1,"win_rate":0.0,"timestamp":1530958386,"path_taken":["M","$","M","?","?","R","E","R","T","?","M","?","?","$","R","BOSS"],"build_version":"2018-07-05","purchased_purges":2,"victory":false,"max_hp_per_floor":[80,80,80,80,80,80,80,80,80,80,80,80,80,80,80,80],"card_choices":[{"not_picked":["Ghostly Armor","Shrug It Off"],"picked":"Armaments","floor":1},{"not_picked":["Dropkick","Warcry"],"picked":"Shrug It Off","floor":3},{"not_picked":["Clash","Battle Trance"],"picked":"Shrug It Off","floor":7},{"not_picked":["Carnage","Armaments"],"picked":"Shrug It Off","floor":11}],"player_experience":49127,"relics_obtained":[{"floor":7,"key":"Blood Vial"},{"floor":9,"key":"War Paint"},{"floor":12,"key":"Odd Mushroom"}],"event_choices":[{"event_name":"Shining Light","player_choice":"Entered Light","floor":4,"damage_taken":0},{"event_name":"Bonfire Elementals","player_choice":"BASIC","floor":5,"damage_taken":0},{"event_name":"World of Goop","player_choice":"Gather Gold","floor":10,"damage_taken":0},{"event_name":"Mushrooms","player_choice":"Fought Mushrooms","floor":12,"damage_taken":0},{"event_name":"Living Wall","player_choice":"Grow","floor":13,"damage_taken":0}],"boss_relics":[],"items_purged_floors":[2,14],"is_endless":false,"potions_floor_spawned":[1],"killed_by":"The Guardian","ascension_level":0}