{"gold_per_floor":[115,134,152,152,166,166,180,212,212,212,230,20,53,53,53,148,148,164,184,184,184,99,99,99,118,118,43,43,76,106,117,117,215,215,232,1231,1231,407,126,152,152,152,152,152,206,206,206,206,206,206],"floor_reached":50,"playtime":1786,"items_purged":["Defend_B","Normality","Normality"],"score":537,"play_id":"4559f983-bba3-4372-a4ff-45d00af76849","local_time":"20190425151642","daily_mods":["Heirloom","Time Dilation","Flight"],"is_ascension_mode":false,"campfire_choices":[{"floor":6,"key":"REST"},{"floor":10,"key":"REST"},{"floor":15,"key":"REST"},{"floor":23,"key":"REST"},{"floor":24,"key":"REST"},{"floor":28,"key":"REST"},{"floor":32,"key":"REST"},{"floor":41,"key":"REST"},{"floor":42,"key":"DIG"},{"floor":44,"key":"REST"},{"floor":49,"key":"DIG"}],"neow_cost":"","seed_source_timestamp":847491758521897,"circlet_count":0,"master_deck":["Strike_B","Strike_B","Strike_B","Strike_B","FTL","Self Repair","Conserve Battery","Stack","Rebound","Cold Snap","Sunder","Capacitor","Streamline","Electrodynamics","Parasite","Reboot","Steam+1","Streamline+1","Gash","Chill","Cold Snap","Conserve Battery+1","Creative AI","Heatsinks+1","Hyperbeam+1","Capacitor+1","Turbo","Force Field","Cold Snap+1","Loop","Blizzard+1","Panacea","Secret Weapon"],"relics":["Cracked Core","StoneCalendar","Mummified Hand","Shuriken","Gremlin Horn","Inserter","Enchiridion","Boot","Bird Faced Urn","Art of War","Bag of Preparation","Astrolabe","Blood Vial","Medical Kit","Shovel","Dream Catcher","Pen Nib","Juzu Bracelet","Pear","Ice Cream","Bottled Flame"],"potions_floor_usage":[33,33,40],"damage_taken":[{"damage":7,"enemies":"Small Slimes","floor":1,"turns":3},{"damage":1,"enemies":"Jaw Worm","floor":2,"turns":2},{"damage":6,"enemies":"2 Louse","floor":3,"turns":2},{"damage":13,"enemies":"Large Slime","floor":5,"turns":5},{"damage":6,"enemies":"2 Fungi Beasts","floor":7,"turns":3},{"damage":33,"enemies":"3 Sentries","floor":8,"turns":7},{"damage":10,"enemies":"Looter","floor":11,"turns":3},{"damage":36,"enemies":"Lagavulin","floor":13,"turns":5},{"damage":59,"enemies":"The Guardian","floor":16,"turns":8},{"damage":30,"enemies":"Shell Parasite","floor":18,"turns":6},{"damage":20,"enemies":"2 Thieves","floor":19,"turns":3},{"damage":21,"enemies":"Shelled Parasite and Fungi","floor":25,"turns":3},{"damage":4,"enemies":"Gremlin Leader","floor":29,"turns":5},{"damage":48,"enemies":"Book of Stabbing","floor":30,"turns":5},{"damage":7,"enemies":"Sentry and Sphere","floor":31,"turns":6},{"damage":53,"enemies":"Champ","floor":33,"turns":11},{"damage":0,"enemies":"3 Shapes","floor":35,"turns":5},{"damage":69,"enemies":"Nemesis","floor":40,"turns":7},{"damage":9,"enemies":"2 Orb Walkers","floor":45,"turns":3},{"damage":89,"enemies":"Awakened One","floor":50,"turns":5}],"seed_played":"-5855852450643617821","potions_obtained":[{"floor":1,"key":"Poison Potion"},{"floor":8,"key":"Weak Potion"},{"floor":11,"key":"SteroidPotion"},{"floor":19,"key":"SpeedPotion"},{"floor":30,"key":"EssenceOfSteel"},{"floor":33,"key":"Block Potion"},{"floor":46,"key":"Swift Potion"}],"is_trial":true,"path_per_floor":["M","M","M","?","M","R","M","E","T","R","M","$","E","?","R","B",null,"M","M","?","?","?","R","R","M","T","?","R","E","E","M","R","B",null,"M","?","?","$","$","E","R","R","T","R","?","?","?","?","R","B"],"character_chosen":"DEFECT","items_purchased":["Capacitor","Streamline","Blood Vial","Medical Kit","Shovel","Regen Potion","Dream Catcher"],"campfire_rested":9,"item_purchase_floors":[12,12,38,38,38,38,39],"current_hp_per_floor":[68,67,68,50,44,66,67,41,41,63,60,60,31,49,71,19,75,52,32,32,16,16,38,60,46,46,46,68,75,29,37,59,21,75,75,75,75,75,75,28,50,50,60,85,85,85,85,75,75,0],"gold":206,"neow_bonus":"","is_prod":false,"is_daily":false,"chose_seed":false,"campfire_upgraded":0,"win_rate":0,"timestamp":1556162202,"path_taken":["M","M","M","?","M","R","M","E","T","R","M","$","E","?","R","BOSS","M","M","?","?","?","R","R","M","T","?","R","E","E","?","R","BOSS","M","?","?","$","$","E","R","R","T","R","?","?","?","?","R","BOSS"],"build_version":"2019-01-23","purchased_purges":3,"victory":false,"max_hp_per_floor":[75,75,75,75,75,75,75,75,75,75,75,75,75,75,75,75,75,75,75,75,75,75,75,75,75,75,75,75,75,75,75,75,75,75,75,75,75,75,75,75,75,75,85,85,85,85,85,85,85,85],"card_choices":[{"not_picked":["Conserve Battery","Compile Driver"],"picked":"FTL","floor":1},{"not_picked":["Skim","Go for the Eyes"],"picked":"Self Repair","floor":2},{"not_picked":["Barrage","All For One"],"picked":"Conserve Battery","floor":3},{"not_picked":["Turbo","Fusion"],"picked":"Stack","floor":5},{"not_picked":["Aggregate","Undo"],"picked":"Rebound","floor":7},{"not_picked":["Steam","Barrage"],"picked":"Cold Snap","floor":8},{"not_picked":["Lockon","Undo"],"picked":"Sunder","floor":11},{"not_picked":["Stack","Beam Cell"],"picked":"Electrodynamics","floor":13},{"not_picked":["Multi-Cast","Machine Learning"],"picked":"Reboot","floor":16},{"not_picked":["Tempest","Stack"],"picked":"Steam+1","floor":18},{"not_picked":["Beam Cell","Conserve Battery"],"picked":"Streamline+1","floor":19},{"not_picked":["Lockon","Go for the Eyes+1"],"picked":"Gash","floor":25},{"not_picked":["Coolheaded","Cold Snap"],"picked":"Chill","floor":29},{"not_picked":["Hello World","Static Discharge"],"picked":"Cold Snap","floor":30},{"not_picked":["Barrage","Hologram"],"picked":"Conserve Battery+1","floor":31},{"not_picked":["Reboot","Hyperbeam"],"picked":"Creative AI","floor":33},{"not_picked":["Reinforced Body","Conserve Battery+1"],"picked":"Turbo","floor":35},{"not_picked":["Aggregate","Steam+1"],"picked":"Force Field","floor":40},{"not_picked":["Undo","Hologram+1"],"picked":"Cold Snap+1","floor":41},{"not_picked":["Static Discharge","Stack"],"picked":"Loop","floor":44},{"not_picked":["Undo","Hologram"],"picked":"Blizzard+1","floor":45},{"not_picked":["Transmutation","Purity"],"picked":"Panacea","floor":48},{"not_picked":["Impatience","Bandage Up"],"picked":"Secret Weapon","floor":48}],"player_experience":74544,"relics_obtained":[{"floor":9,"key":"Shuriken"},{"floor":13,"key":"Gremlin Horn"},{"floor":21,"key":"Enchiridion"},{"floor":26,"key":"Bird Faced Urn"},{"floor":29,"key":"Art of War"},{"floor":30,"key":"Bag of Preparation"},{"floor":40,"key":"Pen Nib"},{"floor":42,"key":"Juzu Bracelet"},{"floor":43,"key":"Pear"},{"floor":45,"key":"Ice Cream"},{"floor":49,"key":"Bottled Flame"}],"event_choices":[{"damage_healed":0,"gold_gain":0,"player_choice":"Success","damage_taken":18,"relics_obtained":["Mummified Hand"],"max_hp_gain":0,"max_hp_loss":0,"event_name":"Scrap Ooze","floor":4,"gold_loss":0},{"damage_healed":18,"gold_gain":0,"player_choice":"Healed and dodged fight","damage_taken":0,"max_hp_gain":0,"max_hp_loss":0,"event_name":"Mushrooms","floor":14,"gold_loss":0,"cards_obtained":["Parasite"]},{"damage_healed":0,"gold_gain":0,"player_choice":"Ignored","damage_taken":0,"max_hp_gain":0,"max_hp_loss":0,"event_name":"Vampires","floor":20,"gold_loss":0},{"damage_healed":0,"gold_gain":0,"player_choice":"Obtained Book","damage_taken":16,"max_hp_gain":0,"max_hp_loss":0,"event_name":"Cursed Tome","floor":21,"gold_loss":0},{"damage_healed":0,"gold_gain":0,"player_choice":"Obtained Relic","damage_taken":0,"relics_obtained":["Boot"],"max_hp_gain":0,"max_hp_loss":0,"event_name":"Addict","floor":22,"gold_loss":85},{"cards_removed":["Defend_B"],"damage_healed":0,"gold_gain":0,"player_choice":"Gave Gold","damage_taken":0,"max_hp_gain":0,"max_hp_loss":0,"event_name":"Beggar","floor":27,"gold_loss":75},{"damage_healed":0,"gold_gain":999,"player_choice":"Gold","damage_taken":0,"max_hp_gain":0,"max_hp_loss":0,"event_name":"MindBloom","floor":36,"gold_loss":0,"cards_obtained":["Normality","Normality"]},{"damage_healed":0,"gold_gain":0,"player_choice":"Ignored","damage_taken":0,"max_hp_gain":0,"max_hp_loss":0,"event_name":"SecretPortal","floor":37,"gold_loss":0},{"damage_healed":0,"gold_gain":0,"player_choice":"Fight","damage_taken":0,"max_hp_gain":0,"max_hp_loss":0,"event_name":"Mysterious Sphere","floor":45,"gold_loss":0},{"damage_healed":0,"gold_gain":0,"player_choice":"Got Potions","damage_taken":0,"max_hp_gain":0,"max_hp_loss":0,"event_name":"Lab","floor":46,"gold_loss":0},{"cards_removed":["Dualcast"],"damage_healed":0,"gold_gain":0,"player_choice":"Removed Skill","damage_taken":0,"max_hp_gain":0,"max_hp_loss":0,"event_name":"Falling","floor":47,"gold_loss":0},{"damage_healed":0,"gold_gain":0,"player_choice":"Memory 3","damage_taken":10,"max_hp_gain":0,"max_hp_loss":0,"event_name":"SensoryStone","floor":48,"gold_loss":0}],"is_beta":false,"boss_relics":[{"not_picked":["Eternal Feather","Cursed Key"],"picked":"Inserter"},{"not_picked":["Busted Crown","Calling Bell"],"picked":"Astrolabe"}],"items_purged_floors":[12,38,39],"is_endless":false,"potions_floor_spawned":[1,8,11,19,30,33],"killed_by":"Awakened One","ascension_level":0}