{"gold_per_floor":[216,141,141,189,209,209,247,266,266,266,266,305,305,341,341,462,462,477,502,502,601,622,622,656,214,292,167,180,180,201,56,56,180,180,203,203,216,18,74,74,87,111,111,111,155,171,171,195,195,195],"floor_reached":50,"playtime":3979,"items_purged":["Strike_R","Defend_R","Pain","Defend_R"],"score":661,"play_id":"f97fdadd-2c62-41ab-ba45-5d69e022b816","local_time":"20180715142743","is_ascension_mode":true,"campfire_choices":[{"data":"Pommel Strike","floor":6,"key":"SMITH"},{"data":"Armaments","floor":10,"key":"SMITH"},{"data":"Shrug It Off","floor":13,"key":"SMITH"},{"data":"Bash","floor":15,"key":"SMITH"},{"data":"Perfected Strike","floor":23,"key":"SMITH"},{"data":"Double Tap","floor":29,"key":"SMITH"},{"data":"Shrug It Off","floor":32,"key":"SMITH"},{"data":"Madness","floor":40,"key":"SMITH"},{"data":"Heavy Blade","floor":44,"key":"SMITH"},{"data":"Madness","floor":47,"key":"SMITH"},{"data":"Wild Strike","floor":49,"key":"SMITH"}],"neow_cost":"NONE","seed_source_timestamp":288398964985285,"circlet_count":0,"master_deck":["Strike_R","Strike_R","Strike_R","Defend_R","Defend_R","Bash+1","Pommel Strike+1","Heavy Blade+1","Shrug It Off+1","Armaments+1","Warcry+1","Uppercut+1","Perfected Strike+1","Double Tap+1","Evolve","Shrug It Off","Heavy Blade","Shrug It Off+1","Madness+1","Madness+1","Pommel Strike+1","Shrug It Off","Shrug It Off","Power Through+1","Seeing Red+1","Spot Weakness","Parasite","Flex","Pommel Strike+1","Wild Strike+1","Perfected Strike"],"relics":["Burning Blood","Golden Idol","Pen Nib","Centennial Puzzle","Mummified Hand","Regal Pillow","Pantograph","Cursed Key","Paper Frog","Mercury Hourglass","Matryoshka","Lantern","Eternal Feather","Prayer Wheel","Pear","Dodecahedron","Vajra"],"potions_floor_usage":[16,16,24,33,33,33,37,39,50,50,50],"damage_taken":[{"damage":0,"enemies":"Small Slimes","floor":1,"turns":3},{"damage":4,"enemies":"2 Louse","floor":5,"turns":3},{"damage":6,"enemies":"Gremlin Nob","floor":7,"turns":3},{"damage":1,"enemies":"Cultist","floor":8,"turns":3},{"damage":14,"enemies":"3 Sentries","floor":12,"turns":11},{"damage":15,"enemies":"Lagavulin","floor":14,"turns":11},{"damage":28,"enemies":"Slime Boss","floor":16,"turns":11},{"damage":9,"enemies":"Shell Parasite","floor":18,"turns":8},{"damage":18,"enemies":"2 Thieves","floor":19,"turns":4},{"damage":14,"enemies":"Chosen and Byrds","floor":22,"turns":7},{"damage":16,"enemies":"Gremlin Leader","floor":24,"turns":7},{"damage":0,"enemies":"Centurion and Healer","floor":28,"turns":5},{"damage":15,"enemies":"Snecko","floor":30,"turns":3},{"damage":50,"enemies":"Automaton","floor":33,"turns":11},{"damage":4,"enemies":"3 Shapes","floor":35,"turns":5},{"damage":13,"enemies":"3 Darklings","floor":37,"turns":6},{"damage":11,"floor":39,"turns":6},{"damage":0,"enemies":"4 Shapes","floor":41,"turns":7},{"damage":7,"enemies":"Sphere and 2 Shapes","floor":42,"turns":6},{"damage":0,"enemies":"Giant Head","floor":45,"turns":7},{"damage":0,"enemies":"Maw","floor":46,"turns":6},{"damage":2,"enemies":"Flame Bruiser 2 Orb","floor":48,"turns":3},{"damage":106,"enemies":"Time Eater","floor":50,"turns":8}],"seed_played":"6092580520373710320","potions_obtained":[{"floor":1,"key":"Poison Potion"},{"floor":7,"key":"Strength Potion"},{"floor":12,"key":"Poison Potion"},{"floor":18,"key":"GamblersBrew"},{"floor":24,"key":"Swift Potion"},{"floor":28,"key":"Dexterity Potion"},{"floor":33,"key":"Regen Potion"},{"floor":37,"key":"Energy Potion"},{"floor":39,"key":"EssenceOfSteel"},{"floor":42,"key":"SkillPotion"},{"floor":48,"key":"Strength Potion"}],"is_trial":false,"path_per_floor":["M","$","?","T","M","R","E","M","T","R","?","E","R","E","R","B",null,"M","M","?","?","M","R","E","$","T","$","M","R","M","$","R","B",null,"M","?","M","$","?","R","M","M","T","R","E","M","R","M","R"],"character_chosen":"IRONCLAD","items_purchased":["Evolve","Shrug It Off","Mercury Hourglass","Lantern","Shrug It Off"],"campfire_rested":0,"item_purchase_floors":[25,25,25,31,38],"current_hp_per_floor":[80,80,60,60,62,62,62,67,67,67,72,64,64,55,55,58,85,82,70,70,70,62,62,52,52,52,52,58,58,49,49,49,30,85,85,74,79,79,74,82,85,84,94,95,95,95,95,95,95,0],"gold":195,"neow_bonus":"HUNDRED_GOLD","is_prod":false,"is_daily":false,"chose_seed":false,"campfire_upgraded":11,"win_rate":0,"timestamp":1531632463,"path_taken":["M","$","?","?","M","R","E","?","T","R","?","E","R","E","R","BOSS","M","M","?","?","M","R","E","?","T","$","M","R","?","$","R","BOSS","M","?","M","$","?","R","M","M","T","R","E","M","R","M","R","BOSS"],"build_version":"2018-07-12","purchased_purges":4,"victory":false,"max_hp_per_floor":[80,80,80,80,80,80,80,80,80,80,85,85,85,85,85,85,85,85,85,85,85,85,85,85,85,85,85,85,85,85,85,85,85,85,85,85,85,85,85,85,85,85,95,95,95,95,95,95,95,95],"card_choices":[{"not_picked":["Metallicize","Seeing Red"],"picked":"Pommel Strike","floor":1},{"not_picked":["Pummel","Dropkick"],"picked":"Heavy Blade","floor":5},{"not_picked":["Impervious","Sword Boomerang"],"picked":"Shrug It Off","floor":7},{"not_picked":["Sentinel","Havoc"],"picked":"Armaments","floor":8},{"not_picked":["Thunderclap","Havoc","Immolate"],"picked":"SKIP","floor":12},{"not_picked":["Inflame","Sentinel","True Grit"],"picked":"SKIP","floor":14},{"not_picked":["Seeing Red","Disarm"],"picked":"Warcry+1","floor":18},{"not_picked":["Sword Boomerang","Thunderclap"],"picked":"Uppercut+1","floor":19},{"not_picked":["Infernal Blade","Shrug It Off"],"picked":"Perfected Strike","floor":22},{"not_picked":["Searing Blow","Heavy Blade"],"picked":"Double Tap","floor":24},{"not_picked":["Disarm+1","Clash"],"picked":"Heavy Blade","floor":28},{"not_picked":["Flame Barrier","Iron Wave"],"picked":"Shrug It Off","floor":30},{"not_picked":["Body Slam+1","Evolve","Clash+1"],"picked":"SKIP","floor":35},{"not_picked":["Armaments","Heavy Blade+1"],"picked":"Pommel Strike+1","floor":37},{"not_picked":["Sword Boomerang","Rampage"],"picked":"Shrug It Off","floor":41},{"not_picked":["Barricade","Hemokinesis+1"],"picked":"Power Through+1","floor":41},{"not_picked":["Havoc+1","Thunderclap+1"],"picked":"Seeing Red+1","floor":42},{"not_picked":["Headbutt+1","Clothesline"],"picked":"Spot Weakness","floor":42},{"not_picked":["Dropkick","Blood for Blood","Barricade"],"picked":"SKIP","floor":45},{"not_picked":["Bloodletting+1","Evolve"],"picked":"Flex","floor":46},{"not_picked":["Clothesline","Thunderclap+1"],"picked":"Pommel Strike+1","floor":46},{"not_picked":["Headbutt","True Grit+1"],"picked":"Wild Strike","floor":48},{"not_picked":["Hemokinesis","Uppercut"],"picked":"Perfected Strike","floor":48}],"player_experience":144385,"relics_obtained":[{"floor":4,"key":"Pen Nib"},{"floor":7,"key":"Centennial Puzzle"},{"floor":9,"key":"Mummified Hand"},{"floor":12,"key":"Regal Pillow"},{"floor":14,"key":"Pantograph"},{"floor":24,"key":"Paper Frog"},{"floor":26,"key":"Matryoshka"},{"floor":39,"key":"Prayer Wheel"},{"floor":43,"key":"Pear"},{"floor":43,"key":"Dodecahedron"},{"floor":45,"key":"Vajra"}],"event_choices":[{"event_name":"Golden Idol","player_choice":"Take Damage","floor":3,"damage_taken":0},{"event_name":"Big Fish","player_choice":"Donut","floor":11,"damage_taken":0},{"event_name":"Back to Basics","player_choice":"Elegance","floor":20,"damage_taken":0},{"event_name":"Nest","player_choice":"Stole From Cult","floor":21,"damage_taken":0},{"event_name":"Winding Halls","player_choice":"Embrace Madness","floor":36,"damage_taken":0},{"event_name":"Mysterious Sphere","player_choice":"Fight","floor":39,"damage_taken":0}],"boss_relics":[{"not_picked":["Black Blood","Calling Bell"],"picked":"Cursed Key"},{"not_picked":["Velvet Choker","Philosopher\u0027s Stone"],"picked":"Eternal Feather"}],"items_purged_floors":[2,25,27,38],"is_endless":false,"potions_floor_spawned":[1,7,12,18,24,28,33,37,39,42,48],"killed_by":"Time Eater","ascension_level":1}