{"gold_per_floor":[110,130,46,65,84,84,34,46,46,104,121,121,148,248,248,348,398,411,425,131,151,161,161,175,175,221,235,235,251,251,261,261,358,358,375,75,75,75,90,90,40,40,89,108,108,58,85,85,85,85],"floor_reached":51,"playtime":3947,"items_purged":["Strike_G","Strike_G","Strike_G","Strike_G","Strike_G","Defend_G"],"score":819,"play_id":"da2bff4d-a4b1-4a12-ac08-8370772488cd","local_time":"20190517075109","is_ascension_mode":true,"campfire_choices":[{"data":"Noxious Fumes","floor":6,"key":"SMITH"},{"data":"Survivor","floor":12,"key":"SMITH"},{"data":"Bane","floor":15,"key":"SMITH"},{"floor":23,"key":"REST"},{"floor":25,"key":"REST"},{"floor":30,"key":"REST"},{"floor":32,"key":"REST"},{"data":"Footwork","floor":40,"key":"SMITH"},{"data":"Neutralize","floor":42,"key":"SMITH"},{"floor":49,"key":"REST"}],"neow_cost":"NONE","seed_source_timestamp":10750010429200,"circlet_count":0,"master_deck":["Defend_G","Defend_G+1","Defend_G","Defend_G","Survivor+1","Neutralize+1","Noxious Fumes+1","Bane+1","Poisoned Stab","Envenom","Blur+1","Footwork+1","Catalyst","Blade Dance+1","Infinite Blades+1"],"relics":["Ring of the Snake","Smiling Mask","Pocketwatch","Bird Faced Urn","Tiny House","Letter Opener","Snake Skull","Nloth\u0027s Gift","WristBlade","Bottled Lightning","Omamori","Juzu Bracelet"],"potions_floor_usage":[5,22,22,33,35,38,47,48,50,50],"damage_taken":[{"damage":0,"enemies":"Cultist","floor":1,"turns":4},{"damage":0,"enemies":"2 Louse","floor":2,"turns":2},{"damage":0,"enemies":"Small Slimes","floor":4,"turns":4},{"damage":0,"enemies":"Gremlin Gang","floor":5,"turns":6},{"damage":2,"enemies":"2 Fungi Beasts","floor":8,"turns":6},{"damage":16,"enemies":"3 Sentries","floor":10,"turns":7},{"damage":1,"enemies":"Blue Slaver","floor":11,"turns":3},{"damage":10,"enemies":"3 Sentries","floor":13,"turns":7},{"damage":26,"enemies":"Slime Boss","floor":16,"turns":9},{"damage":22,"enemies":"Spheric Guardian","floor":18,"turns":7},{"damage":9,"enemies":"Chosen","floor":19,"turns":5},{"damage":31,"enemies":"Snake Plant","floor":21,"turns":5},{"damage":0,"enemies":"Shelled Parasite and Fungi","floor":22,"turns":7},{"damage":28,"enemies":"Centurion and Healer","floor":24,"turns":8},{"damage":7,"enemies":"3 Cultists","floor":27,"turns":5},{"damage":43,"enemies":"Cultist and Chosen","floor":29,"turns":7},{"damage":12,"enemies":"Chosen and Byrds","floor":31,"turns":5},{"damage":46,"enemies":"Collector","floor":33,"turns":12},{"damage":6,"enemies":"3 Shapes","floor":35,"turns":6},{"damage":32,"enemies":"3 Darklings","floor":39,"turns":7},{"damage":3,"enemies":"Maw","floor":44,"turns":7},{"damage":38,"enemies":"Nemesis","floor":47,"turns":9},{"damage":0,"enemies":"Jaw Worm Horde","floor":48,"turns":1},{"damage":61,"enemies":"Donu and Deca","floor":50,"turns":11}],"seed_played":"-6191663275595164596","potions_obtained":[{"floor":4,"key":"GhostInAJar"},{"floor":5,"key":"Strength Potion"},{"floor":13,"key":"EssenceOfSteel"},{"floor":16,"key":"Energy Potion"},{"floor":29,"key":"SpeedPotion"},{"floor":31,"key":"SteroidPotion"},{"floor":33,"key":"Dexterity Potion"},{"floor":38,"key":"Fruit Juice"},{"floor":38,"key":"SmokeBomb"},{"floor":44,"key":"GhostInAJar"},{"floor":47,"key":"LiquidBronze"}],"is_trial":false,"path_per_floor":["M","M","$","M","M","R","$","M","T","?","M","R","E","?","R","B",null,"M","M","$","M","M","R","M","R","T","M","?","M","R","M","R","B",null,"M","$","?","?","M","R","$","R","T","M","?","$","E","M","R","B",null],"character_chosen":"THE_SILENT","items_purchased":["Noxious Fumes","Letter Opener","Bottled Lightning"],"campfire_rested":5,"item_purchase_floors":[3,20,36],"current_hp_per_floor":[70,70,70,70,70,70,70,68,68,66,65,65,55,55,55,31,89,67,62,62,35,37,63,39,65,65,62,62,23,49,41,67,27,89,83,83,83,88,62,62,62,62,62,65,65,65,33,33,61,8],"gold":85,"neow_bonus":"RANDOM_COMMON_RELIC","is_prod":false,"is_daily":false,"chose_seed":false,"campfire_upgraded":5,"win_rate":0,"timestamp":1558050669,"path_taken":["M","?","$","?","M","R","$","M","T","?","M","R","E","?","R","BOSS","M","?","$","M","M","R","M","R","T","M","?","M","R","?","R","BOSS","M","$","?","?","M","R","$","R","T","?","?","$","E","M","R","BOSS"],"build_version":"2019-01-17","purchased_purges":6,"victory":true,"max_hp_per_floor":[70,70,70,70,70,70,70,70,70,84,84,84,84,84,84,84,89,89,89,89,89,89,89,89,89,89,89,89,89,89,89,89,89,89,89,89,89,94,94,94,94,94,94,94,94,94,94,94,94,94],"card_choices":[{"not_picked":["Outmaneuver","Sucker Punch","Acrobatics"],"picked":"SKIP","floor":1},{"not_picked":["Outmaneuver","Die Die Die","Calculated Gamble"],"picked":"SKIP","floor":2},{"not_picked":["Riddle With Holes","Bouncing Flask","Blade Dance"],"picked":"SKIP","floor":4},{"not_picked":["Sucker Punch","Outmaneuver"],"picked":"Bane","floor":5},{"not_picked":["Dagger Spray","Deadly Poison"],"picked":"Poisoned Stab","floor":8},{"not_picked":["Outmaneuver","Flying Knee","Acrobatics"],"picked":"SKIP","floor":11},{"not_picked":["PiercingWail","Dagger Spray","Calculated Gamble"],"picked":"SKIP","floor":13},{"not_picked":["Doppelganger","Unload"],"picked":"Envenom","floor":16},{"not_picked":["Heel Hook","Backflip","Crippling Poison"],"picked":"SKIP","floor":18},{"not_picked":["Acrobatics+1","Eviscerate","Deadly Poison+1"],"picked":"SKIP","floor":19},{"not_picked":["Sucker Punch","Leg Sweep","Backflip"],"picked":"SKIP","floor":21},{"not_picked":["Deflect","Predator","Acrobatics"],"picked":"SKIP","floor":22},{"not_picked":["Bouncing Flask+1","Bane"],"picked":"Blur+1","floor":24},{"not_picked":["Prepared","Concentrate","Flying Knee"],"picked":"SKIP","floor":27},{"not_picked":["Slice","Outmaneuver"],"picked":"Footwork","floor":29},{"not_picked":["Acrobatics","Dagger Spray","Dodge and Roll"],"picked":"SKIP","floor":31},{"not_picked":["Backflip+1","Prepared"],"picked":"Catalyst","floor":35},{"not_picked":["Slice+1","Unload","All Out Attack+1"],"picked":"SKIP","floor":39},{"not_picked":["PiercingWail","Dagger Throw"],"picked":"Blade Dance+1","floor":44},{"not_picked":["A Thousand Cuts","Dagger Spray"],"picked":"Infinite Blades+1","floor":47}],"player_experience":150549,"relics_obtained":[{"floor":9,"key":"Pocketwatch"},{"floor":10,"key":"Mango"},{"floor":13,"key":"Bird Faced Urn"},{"floor":26,"key":"Snake Skull"},{"floor":43,"key":"Omamori"},{"floor":47,"key":"Juzu Bracelet"}],"event_choices":[{"damage_healed":0,"gold_gain":0,"player_choice":"Searched \u00271\u0027 times","damage_taken":0,"max_hp_gain":0,"max_hp_loss":0,"event_name":"Dead Adventurer","floor":10,"gold_loss":0},{"damage_healed":0,"gold_gain":100,"player_choice":"Pray","damage_taken":0,"max_hp_gain":0,"max_hp_loss":0,"event_name":"Golden Shrine","floor":14,"gold_loss":0},{"damage_healed":0,"gold_gain":0,"player_choice":"Traded Relic","damage_taken":0,"relics_obtained":["Nloth\u0027s Gift"],"max_hp_gain":0,"max_hp_loss":0,"event_name":"N\u0027loth","floor":28,"relics_lost":["Mango"],"gold_loss":0},{"damage_healed":0,"gold_gain":0,"player_choice":"Memory 1","damage_taken":0,"max_hp_gain":0,"max_hp_loss":0,"event_name":"SensoryStone","floor":37,"gold_loss":0},{"damage_healed":0,"gold_gain":0,"player_choice":"Got Potions","damage_taken":0,"max_hp_gain":0,"max_hp_loss":0,"event_name":"Lab","floor":38,"gold_loss":0},{"damage_healed":0,"gold_gain":0,"player_choice":"Ignored","damage_taken":0,"max_hp_gain":0,"max_hp_loss":0,"event_name":"Tomb of Lord Red Mask","floor":45,"gold_loss":0}],"is_beta":false,"boss_relics":[{"not_picked":["Ectoplasm","Runic Pyramid"],"picked":"Tiny House"},{"not_picked":["HoveringKite","Snecko Eye"],"picked":"WristBlade"}],"items_purged_floors":[3,7,20,36,41,46],"is_endless":false,"potions_floor_spawned":[4,5,13,16,19,29,31,33,44,47,48],"ascension_level":2}