{"gold_per_floor":[212,225,240,240,259,259,277,277,277,297,311,328,328,360,360,456,456,442,460,477,402,418,418,432,432,457,457,457,457],"floor_reached":29,"playtime":1753,"items_purged":[],"score":231,"play_id":"51b837fa-9902-488e-9c92-e07aff0c4e62","local_time":"20180709013022","is_ascension_mode":false,"campfire_choices":[{"data":"Dagger Spray","floor":6,"key":"SMITH"},{"data":"Caltrops","floor":8,"key":"SMITH"},{"floor":13,"key":"REST"},{"floor":15,"key":"REST"},{"floor":23,"key":"REST"},{"floor":25,"key":"REST"},{"data":"Burst","floor":28,"key":"SMITH"}],"neow_cost":"NONE","seed_source_timestamp":186903161384455,"circlet_count":0,"master_deck":["Defend_G","Defend_G","Defend_G","Defend_G","Defend_G","Strike_G","Strike_G","Strike_G","Strike_G","Survivor","Neutralize","Caltrops+1","Dagger Spray+1","Cloak And Dagger","Well Laid Plans","Footwork","Burst+1","Dagger Spray+1","Dodge and Roll","Dodge and Roll","Backflip"],"relics":["Ring of the Snake","Boot","Regal Pillow","Mercury Hourglass","Eternal Feather","Vajra","Pantograph"],"potions_floor_usage":[],"damage_taken":[{"damage":0,"enemies":"Small Slimes","floor":1,"turns":3},{"damage":0,"enemies":"Cultist","floor":2,"turns":6},{"damage":0,"enemies":"2 Louse","floor":3,"turns":4},{"damage":12,"enemies":"Exordium Thugs","floor":5,"turns":4},{"damage":0,"enemies":"2 Fungi Beasts","floor":7,"turns":3},{"damage":5,"enemies":"Large Slime","floor":10,"turns":6},{"damage":0,"enemies":"Red Slaver","floor":11,"turns":3},{"damage":13,"enemies":"Exordium Thugs","floor":12,"turns":5},{"damage":22,"enemies":"Gremlin Nob","floor":14,"turns":4},{"damage":31,"enemies":"Hexaghost","floor":16,"turns":11},{"damage":24,"enemies":"2 Thieves","floor":18,"turns":4},{"damage":0,"enemies":"3 Byrds","floor":19,"turns":3},{"damage":34,"enemies":"3 Cultists","floor":20,"turns":5},{"damage":0,"enemies":"Chosen and Byrds","floor":22,"turns":7},{"damage":41,"enemies":"Slaver and Parasite","floor":24,"turns":8},{"damage":4,"enemies":"Centurion and Healer","floor":29,"turns":3}],"seed_played":"-2852800046354666913","potions_obtained":[{"floor":3,"key":"Ancient Potion"},{"floor":5,"key":"SteroidPotion"},{"floor":7,"key":"Dexterity Potion"}],"is_trial":false,"path_per_floor":["M","M","M","?","M","R","M","R","T","M","M","M","R","E","R","B",null,"M","M","M","?","M","R","M","R","T","T","R"],"character_chosen":"THE_SILENT","items_purchased":[],"campfire_rested":4,"item_purchase_floors":[],"current_hp_per_floor":[70,70,70,70,58,58,58,58,58,53,53,40,70,48,70,39,70,46,46,12,12,12,56,15,59,59,59,67,63],"gold":457,"neow_bonus":"HUNDRED_GOLD","is_prod":false,"is_daily":false,"chose_seed":false,"campfire_upgraded":3,"win_rate":0.0,"timestamp":1531067422,"path_taken":["M","M","M","?","?","R","M","R","T","M","M","M","R","E","R","BOSS","M","M","M","?","?","R","M","R","T","?","R","M"],"build_version":"2018-07-05","purchased_purges":0,"victory":false,"max_hp_per_floor":[70,70,70,70,70,70,70,70,70,70,70,70,70,70,70,70,70,70,70,70,70,70,70,70,70,70,70,70,70],"card_choices":[{"not_picked":["Dagger Throw","Masterful Stab"],"picked":"Caltrops","floor":1},{"not_picked":["Deflect","Poisoned Stab","Flying Knee"],"picked":"SKIP","floor":2},{"not_picked":["Dash","Bouncing Flask"],"picked":"Dagger Spray","floor":3},{"not_picked":["Outmaneuver","Escape Plan"],"picked":"Cloak And Dagger","floor":5},{"not_picked":["Heel Hook","Sucker Punch","Terror"],"picked":"SKIP","floor":7},{"not_picked":["All Out Attack","Dagger Spray"],"picked":"Well Laid Plans","floor":10},{"not_picked":["Masterful Stab","Dagger Throw","Bouncing Flask"],"picked":"SKIP","floor":11},{"not_picked":["Glass Knife","Heel Hook","Deadly Poison"],"picked":"SKIP","floor":12},{"not_picked":["Accuracy","Skewer"],"picked":"Footwork","floor":14},{"not_picked":["Bullet Time","Venomology"],"picked":"Burst","floor":16},{"not_picked":["Poisoned Stab","Skewer"],"picked":"Dagger Spray+1","floor":18},{"not_picked":["Prepared","Envenom"],"picked":"Dodge and Roll","floor":19},{"not_picked":["Poisoned Stab","Slice"],"picked":"Dodge and Roll","floor":20},{"not_picked":["Heel Hook","Dagger Spray","Masterful Stab"],"picked":"SKIP","floor":22},{"not_picked":["Outmaneuver","Footwork"],"picked":"Backflip","floor":24}],"player_experience":86997,"relics_obtained":[{"floor":9,"key":"Regal Pillow"},{"floor":14,"key":"Mercury Hourglass"},{"floor":26,"key":"Vajra"},{"floor":27,"key":"Pantograph"}],"event_choices":[{"event_name":"Wheel of Change","player_choice":"Relic","floor":4,"damage_taken":0},{"event_name":"Beggar","player_choice":"Gave Gold","floor":21,"damage_taken":0}],"boss_relics":[{"not_picked":["Tiny House","Snecko Eye"],"picked":"Eternal Feather"}],"items_purged_floors":[],"is_endless":false,"potions_floor_spawned":[3,5,7,10,20,24],"killed_by":"Centurion and Healer","ascension_level":0}