{"gold_per_floor":[109,109,123,15,31,31,50,50,128,128,128,144,44,78,78,180,180,199,212,16,16,16,16,35,49,49,49,49],"floor_reached":28,"playtime":1438,"items_purged":["Strike_G","Strike_G","Strike_G"],"score":316,"play_id":"8415ced2-1249-4efb-93c1-45bf9bc97726","local_time":"20181003015929","is_ascension_mode":true,"campfire_choices":[{"data":"All Out Attack","floor":6,"key":"SMITH"},{"data":"Flechettes","floor":8,"key":"SMITH"},{"data":"Flechettes","floor":11,"key":"SMITH"},{"data":"Well Laid Plans","floor":15,"key":"SMITH"},{"data":"Infinite Blades","floor":23,"key":"SMITH"},{"floor":27,"key":"REST"}],"neow_cost":"NONE","seed_source_timestamp":1452777805950212,"circlet_count":0,"master_deck":["Defend_G","Defend_G","Defend_G","Defend_G","Defend_G","Strike_G","Strike_G","Survivor","Neutralize+1","All Out Attack+1","Reflex","Flechettes+1","Flechettes+1","Deflect","Well Laid Plans+1","Glass Knife","Footwork","Masterful Stab","Dagger Spray","Wraith Form v2","Infinite Blades+1","Shame","Accuracy"],"relics":["Ring of the Snake","Mummified Hand","Bottled Lightning","Lantern","Orrery","Gambling Chip","Question Card"],"potions_floor_usage":[14,14],"damage_taken":[{"damage":0,"enemies":"Small Slimes","floor":1,"turns":3},{"damage":0,"enemies":"Cultist","floor":3,"turns":3},{"damage":0,"enemies":"Jaw Worm","floor":5,"turns":3},{"damage":1,"enemies":"Blue Slaver","floor":7,"turns":4},{"damage":1,"enemies":"Large Slime","floor":12,"turns":5},{"damage":5,"enemies":"3 Sentries","floor":14,"turns":6},{"damage":18,"enemies":"Slime Boss","floor":16,"turns":9},{"damage":0,"enemies":"3 Byrds","floor":18,"turns":4},{"damage":12,"enemies":"Shell Parasite","floor":19,"turns":5},{"damage":23,"enemies":"Snake Plant","floor":24,"turns":7},{"damage":10,"enemies":"Centurion and Healer","floor":25,"turns":7},{"damage":19,"enemies":"Book of Stabbing","floor":28,"turns":4}],"seed_played":"8799267182477865755","potions_obtained":[{"floor":1,"key":"SneckoOil"},{"floor":12,"key":"Energy Potion"},{"floor":24,"key":"SpeedPotion"},{"floor":25,"key":"SpeedPotion"}],"is_trial":false,"path_per_floor":["M","?","M","$","M","R","M","R","T","T","R","M","$","E","R","B",null,"M","M","$","?","$","R","M","M","T","R"],"character_chosen":"THE_SILENT","items_purchased":["Flechettes","Infinite Blades"],"campfire_rested":1,"item_purchase_floors":[4,20],"current_hp_per_floor":[63,63,63,63,63,63,62,62,62,62,62,61,61,56,56,38,62,62,50,50,50,50,50,27,17,17,38,19],"gold":49,"neow_bonus":"UPGRADE_CARD","is_prod":false,"is_daily":false,"chose_seed":false,"campfire_upgraded":5,"win_rate":0,"timestamp":1538499569,"path_taken":["M","?","M","?","M","R","M","R","T","?","R","?","$","E","R","BOSS","M","M","$","?","?","R","?","M","T","R","E"],"build_version":"2018-09-27","purchased_purges":3,"victory":false,"max_hp_per_floor":[70,70,70,70,70,70,70,70,70,70,70,70,70,70,70,70,70,70,70,70,70,70,70,70,70,70,70,70],"card_choices":[{"not_picked":["Expertise","Deflect"],"picked":"All Out Attack","floor":1},{"not_picked":["Acrobatics","Concentrate"],"picked":"Flechettes","floor":3},{"not_picked":["Slice","Setup","Underhanded Strike"],"picked":"SKIP","floor":5},{"not_picked":["Terror","Dagger Spray"],"picked":"Deflect","floor":7},{"not_picked":["PiercingWail","Accuracy"],"picked":"Well Laid Plans","floor":12},{"not_picked":["Caltrops","Underhanded Strike","Concentrate"],"picked":"SKIP","floor":14},{"not_picked":["Doppelganger","Malaise"],"picked":"Glass Knife","floor":16},{"not_picked":["Quick Slash","Masterful Stab"],"picked":"Footwork","floor":17},{"not_picked":["Expertise","Dagger Spray"],"picked":"Masterful Stab","floor":17},{"not_picked":["Dodge and Roll","Dagger Throw"],"picked":"Dagger Spray","floor":17},{"not_picked":["Dagger Throw","Outmaneuver","Bouncing Flask"],"picked":"SKIP","floor":18},{"not_picked":["Deflect","PiercingWail"],"picked":"Wraith Form v2","floor":19},{"not_picked":["Dagger Throw","Flechettes"],"picked":"Accuracy","floor":24},{"not_picked":["Flying Knee","Eviscerate+1","Quick Slash"],"picked":"SKIP","floor":25}],"player_experience":355879,"relics_obtained":[{"floor":9,"key":"Mummified Hand"},{"floor":10,"key":"Bottled Lightning"},{"floor":14,"key":"Lantern"},{"floor":26,"key":"Question Card"}],"event_choices":[{"event_name":"Match and Keep!","player_choice":"1 cards matched","floor":2,"damage_taken":0},{"event_name":"Addict","player_choice":"Stole Relic","floor":21,"damage_taken":0}],"is_beta":false,"boss_relics":[{"not_picked":["Coffee Dripper","Runic Dome"],"picked":"Orrery"}],"items_purged_floors":[4,13,20],"is_endless":false,"potions_floor_spawned":[1,12,24,25],"killed_by":"Book of Stabbing","ascension_level":9}