{"gold_per_floor":[116,136,86,106,116,136,136,170,170,199,199,255,281,80,80,182,182,201,201,215,215,62,90,90,122,145,145,145,160,160,180,180,282,282,296,296,73,87,98,98,128,143,143,143,143,155,155,167,167,167],"floor_reached":50,"playtime":4065,"items_purged":["Strike_G","Defend_G"],"score":607,"play_id":"0ed63700-baf0-40a5-897d-c7cd12b5077e","local_time":"20180831040646","is_ascension_mode":true,"campfire_choices":[{"data":"Blade Dance","floor":7,"key":"SMITH"},{"floor":11,"key":"REST"},{"floor":15,"key":"REST"},{"floor":24,"key":"REST"},{"data":"Wraith Form v2","floor":28,"key":"SMITH"},{"data":"Backflip","floor":30,"key":"SMITH"},{"data":"After Image","floor":32,"key":"SMITH"},{"data":"Wraith Form v2","floor":40,"key":"SMITH"},{"data":"Noxious Fumes","floor":45,"key":"SMITH"},{"data":"Cloak And Dagger","floor":47,"key":"SMITH"},{"floor":49,"key":"REST"}],"neow_cost":"NONE","seed_source_timestamp":978872066428049,"circlet_count":0,"master_deck":["Defend_G","Defend_G","Defend_G","Defend_G","Survivor","Neutralize+1","Dagger Spray","Distraction","Blade Dance+1","Bane","Burst","Dagger Spray","Dash","After Image+1","Cloak And Dagger+1","Well Laid Plans","Poisoned Stab","Wraith Form v2+1","Backflip+1","PiercingWail","RitualDagger","Riddle With Holes+1","Necronomicurse","Caltrops","Backstab+1","Bite","Bite","Bite","Bite","Bite","Caltrops+1","Blade Dance+1","Wraith Form v2+1","Cloak And Dagger+1","Secret Technique","Panache","Dramatic Entrance","Noxious Fumes+1","Backflip","PiercingWail+1","Crippling Poison+1","Deadly Poison","PiercingWail","Deadly Poison+1","Bane+1"],"relics":["Ring of the Snake","Dream Catcher","Meat on the Bone","Blue Candle","Boot","Pen Nib","Orrery","Necronomicon","Juzu Bracelet","Vajra","Du-Vu Doll","Happy Flower","Lizard Tail","Centennial Puzzle","Darkstone Periapt","Question Card"],"potions_floor_usage":[8,12,16,25,25,46,46,50],"damage_taken":[{"damage":2,"enemies":"Small Slimes","floor":1,"turns":4},{"damage":0,"enemies":"2 Louse","floor":2,"turns":2},{"damage":0,"enemies":"Cultist","floor":4,"turns":4},{"damage":0,"enemies":"Looter","floor":5,"turns":4},{"damage":6,"enemies":"3 Louse","floor":6,"turns":2},{"damage":13,"enemies":"3 Sentries","floor":8,"turns":8},{"damage":30,"enemies":"Gremlin Nob","floor":10,"turns":4},{"damage":21,"enemies":"Gremlin Nob","floor":12,"turns":4},{"damage":35,"enemies":"Lagavulin","floor":13,"turns":7},{"damage":24,"enemies":"Slime Boss","floor":16,"turns":10},{"damage":5,"enemies":"Chosen","floor":18,"turns":5},{"damage":27,"enemies":"Spheric Guardian","floor":20,"turns":8},{"damage":19,"enemies":"Book of Stabbing","floor":23,"turns":6},{"damage":19,"enemies":"Gremlin Leader","floor":25,"turns":7},{"damage":1,"enemies":"3 Cultists","floor":29,"turns":4},{"damage":1,"enemies":"Cultist and Chosen","floor":31,"turns":5},{"damage":33,"enemies":"Collector","floor":33,"turns":8},{"damage":6,"enemies":"3 Shapes","floor":35,"turns":4},{"damage":25,"enemies":"Flame Bruiser 1 Orb","floor":38,"turns":8},{"damage":0,"enemies":"Sphere and 2 Shapes","floor":39,"turns":4},{"damage":92,"enemies":"Giant Head","floor":41,"turns":11},{"damage":3,"enemies":"4 Shapes","floor":42,"turns":3},{"damage":12,"enemies":"Flame Bruiser 2 Orb","floor":46,"turns":5},{"damage":1,"enemies":"Maw","floor":48,"turns":7},{"damage":65,"enemies":"Time Eater","floor":50,"turns":12}],"seed_played":"-7026775265462518777","potions_obtained":[{"floor":1,"key":"GamblersBrew"},{"floor":5,"key":"Weak Potion"},{"floor":6,"key":"AttackPotion"},{"floor":16,"key":"Strength Potion"},{"floor":20,"key":"SteroidPotion"},{"floor":33,"key":"Weak Potion"},{"floor":38,"key":"SpeedPotion"},{"floor":42,"key":"Ancient Potion"}],"is_trial":false,"path_per_floor":["M","M","?","M","M","M","R","E","T","E","R","?","E","$","R","B",null,"M","?","M","?","$","E","R","E","T","?","R","M","R","M","R","B",null,"M","?","$","M","M","R","E","M","T","T","R","M","R","M","R"],"character_chosen":"THE_SILENT","items_purchased":["Cloak And Dagger","Well Laid Plans","Juzu Bracelet","Noxious Fumes","Backflip"],"campfire_rested":4,"item_purchase_floors":[14,14,22,37,37],"current_hp_per_floor":[68,68,68,68,68,62,62,49,49,31,52,43,20,20,41,29,70,65,59,44,28,28,21,42,35,35,35,35,42,42,49,49,36,49,45,35,35,30,32,32,36,37,37,37,37,31,31,38,49,0],"gold":167,"neow_bonus":"UPGRADE_CARD","is_prod":false,"is_daily":false,"chose_seed":false,"campfire_upgraded":7,"win_rate":0,"timestamp":1535656006,"path_taken":["M","M","?","M","M","M","R","E","T","E","R","?","E","$","R","BOSS","M","?","M","?","$","E","R","E","T","?","R","M","R","M","R","BOSS","M","?","$","M","M","R","E","M","T","?","R","M","R","M","R","BOSS"],"build_version":"2018-08-23v2","purchased_purges":2,"victory":false,"max_hp_per_floor":[70,70,70,70,70,70,70,70,70,70,70,70,70,70,70,70,70,70,70,70,70,70,70,70,70,70,49,49,49,49,49,49,49,49,49,49,49,49,49,49,49,49,49,49,49,49,49,49,49,49],"card_choices":[{"not_picked":["Predator","Flying Knee"],"picked":"Dagger Spray","floor":1},{"not_picked":["Reflex","Sucker Punch"],"picked":"Distraction","floor":2},{"not_picked":["Slice","Quick Slash"],"picked":"Blade Dance","floor":4},{"not_picked":["Outmaneuver","Tactician","Choke"],"picked":"SKIP","floor":5},{"not_picked":["Flying Knee","Underhanded Strike"],"picked":"Bane","floor":6},{"not_picked":["Blade Dance","Dagger Spray"],"picked":"Burst","floor":8},{"not_picked":["Crippling Poison","Dodge and Roll"],"picked":"Dagger Spray","floor":10},{"not_picked":["Crippling Poison","Catalyst"],"picked":"Dash","floor":12},{"not_picked":["Flechettes","Tactician"],"picked":"After Image","floor":13},{"not_picked":["Cloak And Dagger","Setup"],"picked":"Poisoned Stab","floor":15},{"not_picked":["Doppelganger","Envenom"],"picked":"Wraith Form v2","floor":16},{"not_picked":["Deflect","PiercingWail"],"picked":"Backflip","floor":17},{"not_picked":["Quick Slash","Deadly Poison"],"picked":"PiercingWail","floor":18},{"not_picked":["Cloak And Dagger","Heel Hook+1"],"picked":"Riddle With Holes+1","floor":20},{"not_picked":["Flying Knee","Dagger Throw","Unload"],"picked":"SKIP","floor":23},{"not_picked":["Escape Plan","All Out Attack"],"picked":"Caltrops","floor":24},{"not_picked":["Choke","Blade Dance"],"picked":"Backstab+1","floor":25},{"not_picked":["Bane","Eviscerate"],"picked":"Caltrops+1","floor":29},{"not_picked":["Deadly Poison","Sucker Punch"],"picked":"Blade Dance+1","floor":31},{"not_picked":["Adrenaline","Storm of Steel"],"picked":"Wraith Form v2","floor":33},{"not_picked":["Backflip+1","Flying Knee"],"picked":"Cloak And Dagger+1","floor":35},{"not_picked":["Purity","Forethought"],"picked":"Secret Technique","floor":36},{"not_picked":["Purity","Jack Of All Trades"],"picked":"Panache","floor":36},{"not_picked":["Impatience","Finesse"],"picked":"Dramatic Entrance","floor":36},{"not_picked":["Caltrops+1","Dodge and Roll"],"picked":"PiercingWail+1","floor":38},{"not_picked":["Bane+1","Poisoned Stab"],"picked":"Crippling Poison+1","floor":39},{"not_picked":["Choke+1","Prepared+1"],"picked":"Deadly Poison","floor":41},{"not_picked":["Reflex","Deflect"],"picked":"PiercingWail","floor":42},{"not_picked":["Well Laid Plans+1","Deadly Poison","Flechettes","Caltrops"],"picked":"SKIP","floor":46},{"not_picked":["Slice+1","Cloak And Dagger+1","Bouncing Flask+1"],"picked":"Deadly Poison+1","floor":48},{"not_picked":["Setup+1","Outmaneuver","Heel Hook+1"],"picked":"Bane+1","floor":49}],"player_experience":174041,"relics_obtained":[{"floor":8,"key":"Dream Catcher"},{"floor":9,"key":"Meat on the Bone"},{"floor":10,"key":"Blue Candle"},{"floor":12,"key":"Boot"},{"floor":13,"key":"Pen Nib"},{"floor":21,"key":"Necronomicon"},{"floor":23,"key":"Vajra"},{"floor":25,"key":"Du-Vu Doll"},{"floor":26,"key":"Happy Flower"},{"floor":41,"key":"Centennial Puzzle"},{"floor":43,"key":"Darkstone Periapt"},{"floor":44,"key":"Question Card"}],"event_choices":[{"event_name":"The Cleric","player_choice":"Card Removal","floor":3,"damage_taken":0},{"event_name":"Dead Adventurer","player_choice":"Searched \u00272\u0027 times","floor":12,"damage_taken":0},{"event_name":"Nest","player_choice":"Joined the Cult","floor":19,"damage_taken":0},{"event_name":"Cursed Tome","player_choice":"Obtained Book","floor":21,"damage_taken":0},{"event_name":"Vampires","player_choice":"Became a vampire","floor":27,"damage_taken":0},{"event_name":"SensoryStone","player_choice":"Memory 3","floor":36,"damage_taken":0}],"is_beta":false,"boss_relics":[{"not_picked":["Runic Pyramid","HoveringKite"],"picked":"Orrery"},{"not_picked":["White Beast Statue","Philosopher\u0027s Stone"],"picked":"Lizard Tail"}],"items_purged_floors":[14,37],"is_endless":false,"potions_floor_spawned":[1,5,6,16,20,33,38,42],"killed_by":"Time Eater","ascension_level":1}