{"gold_per_floor":[116,130,130,305,255,255,268,296,296,296,371,390,390,405,405,509,509,520,520,243,243,253,253,263,297,297,312,312,193,208,123,123,123],"floor_reached":33,"playtime":1097,"items_purged":[],"score":343,"play_id":"a4c5737e-5cd0-4c0d-9770-babbd525627f","local_time":"20190510082208","is_ascension_mode":true,"campfire_choices":[{"data":"Zap","floor":6,"key":"SMITH"},{"data":"Electrodynamics","floor":10,"key":"SMITH"},{"data":"Glacier","floor":13,"key":"SMITH"},{"floor":15,"key":"REST"},{"data":"Static Discharge","floor":23,"key":"SMITH"},{"data":"Loop","floor":28,"key":"SMITH"},{"floor":32,"key":"REST"}],"neow_cost":"PERCENT_DAMAGE","seed_source_timestamp":2120791855588907,"circlet_count":0,"master_deck":["Defend_B","Defend_B","Defend_B","Defend_B","Zap+1","Dualcast","Hologram","Conserve Battery","Beam Cell","Electrodynamics+1","Glacier+1","Leap","Machine Learning","Heatsinks+1","Amplify","Chaos","Static Discharge+1","Bite","Bite","Bite","Bite","Bite","Cold Snap+1","Loop+1","Capacitor","Bandage Up","Genetic Algorithm+1"],"relics":["Cracked Core","Mango","Vajra","Mummified Hand","Busted Crown","Bottled Lightning","Dream Catcher","Anchor"],"potions_floor_usage":[8,30,33,33],"damage_taken":[{"damage":1,"enemies":"Cultist","floor":1,"turns":3},{"damage":5,"enemies":"Small Slimes","floor":2,"turns":3},{"damage":0,"enemies":"2 Louse","floor":7,"turns":2},{"damage":25,"enemies":"3 Sentries","floor":8,"turns":7},{"damage":3,"enemies":"Blue Slaver","floor":12,"turns":2},{"damage":0,"enemies":"Large Slime","floor":14,"turns":2},{"damage":31,"enemies":"The Guardian","floor":16,"turns":16},{"damage":2,"enemies":"3 Byrds","floor":18,"turns":3},{"damage":10,"enemies":"Spheric Guardian","floor":22,"turns":3},{"damage":16,"enemies":"Shelled Parasite and Fungi","floor":24,"turns":6},{"damage":50,"enemies":"Slavers","floor":25,"turns":6},{"damage":17,"enemies":"Snecko","floor":27,"turns":5},{"damage":17,"enemies":"3 Cultists","floor":30,"turns":5},{"damage":58,"enemies":"Champ","floor":33,"turns":9}],"seed_played":"-6673104134275898662","potions_obtained":[{"floor":7,"key":"Fruit Juice"},{"floor":8,"key":"AttackPotion"},{"floor":16,"key":"FocusPotion"},{"floor":24,"key":"SpeedPotion"}],"is_trial":false,"path_per_floor":["M","M","$","?","?","R","M","E","T","R","?","M","R","M","R","B",null,"M","?","$","?","M","R","M","E","T","M","R","$","M","?","R","B"],"character_chosen":"DEFECT","items_purchased":["Static Discharge","Bottled Lightning","Capacitor","Bandage Up"],"campfire_rested":2,"item_purchase_floors":[20,20,29,29],"current_hp_per_floor":[67,62,62,62,62,62,62,42,42,42,31,28,28,28,56,25,94,92,92,92,65,55,55,59,23,23,16,16,16,15,15,34,0],"gold":123,"neow_bonus":"ONE_RARE_RELIC","is_prod":false,"is_daily":false,"chose_seed":false,"campfire_upgraded":5,"win_rate":0,"timestamp":1557433328,"path_taken":["M","M","$","?","?","R","M","E","T","R","?","M","R","M","R","BOSS","M","?","$","?","M","R","M","E","T","M","R","?","?","?","R","BOSS"],"build_version":"2019-01-23","purchased_purges":0,"victory":false,"max_hp_per_floor":[89,89,89,89,89,89,89,94,94,94,94,94,94,94,94,94,94,94,94,94,65,65,65,65,65,65,65,65,65,65,65,65,65],"card_choices":[{"not_picked":["Steam","Blizzard"],"picked":"Hologram","floor":1},{"not_picked":["Skim","Blizzard"],"picked":"Conserve Battery","floor":2},{"not_picked":["Skim","Tempest"],"picked":"Beam Cell","floor":7},{"not_picked":["Glacier","Lockon"],"picked":"Electrodynamics","floor":8},{"not_picked":["Sweeping Beam","Streamline"],"picked":"Glacier","floor":12},{"not_picked":["Melter","Lockon"],"picked":"Leap","floor":14},{"not_picked":["Electrodynamics","Buffer"],"picked":"Machine Learning","floor":16},{"not_picked":[],"picked":"Heatsinks+1","floor":18},{"not_picked":[],"picked":"Cold Snap+1","floor":22},{"not_picked":[],"picked":"Loop","floor":24},{"not_picked":["Compile Driver"],"picked":"SKIP","floor":25},{"not_picked":["Turbo"],"picked":"SKIP","floor":27},{"not_picked":[],"picked":"Genetic Algorithm+1","floor":30}],"player_experience":214861,"relics_obtained":[{"floor":8,"key":"Vajra"},{"floor":9,"key":"Mummified Hand"},{"floor":25,"key":"Dream Catcher"}],"event_choices":[{"damage_healed":0,"gold_gain":175,"player_choice":"AGREE","damage_taken":0,"max_hp_gain":0,"max_hp_loss":0,"event_name":"Liars Game","floor":4,"gold_loss":0,"cards_obtained":["Doubt"]},{"cards_removed":["Doubt"],"damage_healed":0,"gold_gain":0,"player_choice":"Card Removal","damage_taken":0,"max_hp_gain":0,"max_hp_loss":0,"event_name":"The Cleric","floor":5,"gold_loss":50},{"damage_healed":0,"gold_gain":75,"player_choice":"Gather Gold","damage_taken":11,"max_hp_gain":0,"max_hp_loss":0,"event_name":"World of Goop","floor":11,"gold_loss":0},{"damage_healed":0,"gold_gain":0,"cards_transformed":["Strike_B","Strike_B"],"player_choice":"Became Test Subject","damage_taken":0,"max_hp_gain":0,"max_hp_loss":0,"event_name":"Drug Dealer","floor":19,"gold_loss":0,"cards_obtained":["Amplify","Chaos"]},{"damage_healed":0,"gold_gain":0,"player_choice":"Became a vampire","damage_taken":0,"max_hp_gain":0,"max_hp_loss":29,"event_name":"Vampires","floor":21,"gold_loss":0,"cards_obtained":["Bite","Bite","Bite","Bite","Bite"]},{"damage_healed":0,"gold_gain":0,"player_choice":"Obtained Relic","damage_taken":0,"relics_obtained":["Anchor"],"max_hp_gain":0,"max_hp_loss":0,"event_name":"Addict","floor":31,"gold_loss":85}],"is_beta":false,"boss_relics":[{"not_picked":["Runic Dome","White Beast Statue"],"picked":"Busted Crown"}],"items_purged_floors":[],"is_endless":false,"potions_floor_spawned":[7,8,16,24,25],"killed_by":"Champ","ascension_level":4}