{"gold_per_floor":[116,15,90,265,278,278,311,311,380,380,3,19,44,44,44,149,149,164,164],"floor_reached":19,"playtime":410,"items_purged":["Strike_B"],"score":257,"play_id":"0e168069-ffbf-4c87-91e9-2e3a99e5955d","local_time":"20181208111821","is_ascension_mode":true,"campfire_choices":[{"data":"Zap","floor":6,"key":"SMITH"},{"data":"Dualcast","floor":8,"key":"SMITH"},{"data":"Melter","floor":10,"key":"SMITH"},{"data":"Ball Lightning","floor":15,"key":"SMITH"}],"neow_cost":"NONE","seed_source_timestamp":2015896605892669,"circlet_count":0,"master_deck":["Strike_B","Strike_B","Strike_B","Defend_B","Defend_B","Defend_B","Defend_B","Zap+1","Dualcast+1","Melter+1","Sweeping Beam","Doubt","Lockon","Static Discharge","Defragment","Leap","Ball Lightning+1","Thunder Strike"],"relics":["Cracked Core","NeowsBlessing","Meat on the Bone","Torii","Bottled Flame","Inserter"],"potions_floor_usage":[13],"damage_taken":[{"damage":0,"enemies":"Jaw Worm","floor":1,"turns":1},{"damage":0,"enemies":"Small Slimes","floor":5,"turns":2},{"damage":0,"enemies":"Gremlin Nob","floor":7,"turns":1},{"damage":0,"enemies":"2 Louse","floor":12,"turns":2},{"damage":16,"enemies":"Lagavulin","floor":13,"turns":4},{"damage":34,"enemies":"The Guardian","floor":16,"turns":8},{"damage":25,"enemies":"Shell Parasite","floor":18,"turns":4},{"damage":13,"enemies":"3 Byrds","floor":19,"turns":2}],"seed_played":"-1243144331995115741","potions_obtained":[{"floor":1,"key":"Strength Potion"},{"floor":5,"key":"SkillPotion"},{"floor":16,"key":"FearPotion"},{"floor":18,"key":"SteroidPotion"}],"is_trial":false,"path_per_floor":["M","$","?","?","M","R","E","R","T","R","$","M","E","$","R","B",null,"M","M"],"character_chosen":"DEFECT","items_purchased":["Sweeping Beam","Defragment","Torii","Leap"],"campfire_rested":0,"item_purchase_floors":[2,11,11,11],"current_hp_per_floor":[68,68,57,57,57,57,57,57,57,57,57,57,41,41,41,19,61,48,35],"gold":164,"neow_bonus":"THREE_ENEMY_KILL","is_prod":false,"is_daily":false,"chose_seed":false,"campfire_upgraded":4,"win_rate":0,"timestamp":1544235501,"path_taken":["M","$","?","?","M","R","E","R","T","R","$","M","E","?","R","BOSS","M","M"],"build_version":"2018-12-06","purchased_purges":1,"victory":false,"max_hp_per_floor":[75,75,75,75,75,75,75,75,75,75,75,75,75,75,75,75,75,75,75],"card_choices":[{"not_picked":["Turbo","Fusion"],"picked":"Melter","floor":1},{"not_picked":["Stack","Hologram"],"picked":"Lockon","floor":5},{"not_picked":["Coolheaded","Heatsinks"],"picked":"Static Discharge","floor":7},{"not_picked":["Sweeping Beam","Cold Snap","Leap"],"picked":"SKIP","floor":12},{"not_picked":["Go for the Eyes","Reinforced Body"],"picked":"Ball Lightning","floor":13},{"not_picked":["Echo Form","Reboot"],"picked":"Thunder Strike","floor":16},{"not_picked":["Beam Cell","Sweeping Beam","Steam"],"picked":"SKIP","floor":18}],"player_experience":522352,"relics_obtained":[{"floor":7,"key":"Meat on the Bone"},{"floor":13,"key":"Bottled Flame"}],"event_choices":[{"damage_healed":0,"gold_gain":75,"player_choice":"Gather Gold","damage_taken":11,"max_hp_gain":0,"max_hp_loss":0,"event_name":"World of Goop","floor":3,"gold_loss":0},{"damage_healed":0,"gold_gain":175,"player_choice":"AGREE","damage_taken":0,"max_hp_gain":0,"max_hp_loss":0,"event_name":"Liars Game","floor":4,"gold_loss":0,"cards_obtained":["Doubt"]}],"is_beta":false,"boss_relics":[{"not_picked":["Tiny House","Runic Dome"],"picked":"Inserter"}],"items_purged_floors":[2],"is_endless":false,"potions_floor_spawned":[1,5,16,18],"killed_by":"3 Byrds","ascension_level":6}