{"gold_per_floor":[369,381,96,107,125,125,158,158,158,158,168,188,50,63,63,166,166,186,34,34,34,38,65,77,77,157,170,170,170,181,56,56,153,153,168,18,28,128,142,142,158,158,208,208,26,26,42,42,42,42],"floor_reached":51,"playtime":4042,"items_purged":["Normality","Strike_G","Strike_G","Strike_G"],"score":669,"play_id":"a794182b-2653-4341-b799-2e03ef5961f3","local_time":"20181016030148","is_ascension_mode":false,"campfire_choices":[{"floor":6,"key":"REST"},{"data":"Apotheosis","floor":8,"key":"SMITH"},{"floor":10,"key":"REST"},{"floor":15,"key":"REST"},{"floor":25,"key":"REST"},{"floor":29,"key":"REST"},{"floor":32,"key":"REST"},{"floor":40,"key":"REST"},{"floor":42,"key":"REST"},{"floor":44,"key":"REST"},{"data":"Panache","floor":46,"key":"SMITH"},{"data":"Envenom","floor":49,"key":"SMITH"}],"neow_cost":"CURSE","seed_source_timestamp":17090824423636,"circlet_count":0,"master_deck":["Defend_G","Defend_G","Defend_G","Defend_G","Defend_G","Strike_G","Strike_G","Survivor","Neutralize","Apotheosis+1","Noxious Fumes+1","Bane","Well Laid Plans","Escape Plan","After Image","Cloak And Dagger+1","Envenom+1","Bane+1","Panache+1"],"relics":["Ring of the Snake","Art of War","Lizard Tail","Bronze Scales","Nloth\u0027s Gift","Molten Egg 2","Singing Bowl","Tough Bandages","Velvet Choker","Centennial Puzzle"],"potions_floor_usage":[5,16,23,23,23,41,50,50],"damage_taken":[{"damage":9,"enemies":"Jaw Worm","floor":1,"turns":6},{"damage":8,"enemies":"Cultist","floor":2,"turns":5},{"damage":0,"enemies":"2 Louse","floor":4,"turns":2},{"damage":11,"enemies":"Lots of Slimes","floor":5,"turns":6},{"damage":25,"enemies":"Lagavulin","floor":7,"turns":7},{"damage":3,"enemies":"Exordium Wildlife","floor":11,"turns":6},{"damage":15,"enemies":"Gremlin Gang","floor":12,"turns":5},{"damage":0,"enemies":"Blue Slaver","floor":14,"turns":3},{"damage":14,"enemies":"Slime Boss","floor":16,"turns":8},{"damage":11,"enemies":"Shell Parasite","floor":18,"turns":6},{"damage":19,"enemies":"2 Thieves","floor":22,"turns":4},{"damage":22,"enemies":"Slavers","floor":23,"turns":5},{"damage":7,"enemies":"Centurion and Healer","floor":24,"turns":6},{"damage":9,"enemies":"Shelled Parasite and Fungi","floor":27,"turns":6},{"damage":7,"enemies":"3 Cultists","floor":30,"turns":7},{"damage":22,"enemies":"Automaton","floor":33,"turns":13},{"damage":13,"enemies":"Orb Walker","floor":35,"turns":5},{"damage":10,"enemies":"3 Darklings","floor":37,"turns":6},{"damage":9,"enemies":"Maw","floor":39,"turns":8},{"damage":60,"enemies":"4 Shapes","floor":41,"turns":7},{"damage":6,"enemies":"Sphere and 2 Shapes","floor":47,"turns":5},{"damage":60,"enemies":"Donu and Deca","floor":50,"turns":10}],"seed_played":"5816573234235763939","potions_obtained":[{"floor":2,"key":"GamblersBrew"},{"floor":7,"key":"FearPotion"},{"floor":11,"key":"Poison Potion"},{"floor":12,"key":"EssenceOfSteel"},{"floor":14,"key":"Dexterity Potion"},{"floor":22,"key":"Explosive Potion"},{"floor":33,"key":"GamblersBrew"},{"floor":41,"key":"Ancient Potion"},{"floor":47,"key":"Explosive Potion"}],"is_trial":false,"path_per_floor":["M","M","$","M","M","R","E","R","T","R","M","M","$","M","R","B",null,"M","$","?","?","M","E","M","R","T","M","?","R","M","$","R","B",null,"M","$","M","?","M","R","M","R","T","R","$","R","M","?","R","B"],"character_chosen":"THE_SILENT","items_purchased":["Apotheosis","Noxious Fumes","Well Laid Plans","Bronze Scales","Panache"],"campfire_rested":9,"item_purchase_floors":[3,3,13,19,45],"current_hp_per_floor":[61,53,53,53,42,63,45,45,45,68,65,50,50,50,73,59,77,66,66,66,66,47,25,18,41,41,34,34,57,50,50,73,51,79,68,68,60,60,53,78,18,43,43,68,68,68,64,66,66,6],"gold":42,"neow_bonus":"TWO_FIFTY_GOLD","is_prod":false,"is_daily":false,"chose_seed":false,"campfire_upgraded":3,"win_rate":0,"timestamp":1539630108,"path_taken":["M","M","$","M","M","R","E","R","T","R","M","M","$","M","R","BOSS","M","$","?","?","M","E","M","R","T","?","?","R","M","$","R","BOSS","M","$","M","?","M","R","M","R","T","R","?","R","M","?","R","BOSS"],"build_version":"2018-09-27","purchased_purges":4,"victory":true,"max_hp_per_floor":[70,70,70,70,70,70,77,77,77,77,77,77,77,77,77,77,77,77,77,77,77,77,77,77,77,77,79,79,79,79,79,79,79,79,81,81,83,83,85,85,85,85,85,85,85,85,87,89,89,89],"card_choices":[{"not_picked":["Quick Slash","Sucker Punch"],"picked":"Bane","floor":1},{"not_picked":["Quick Slash","Finisher","Caltrops"],"picked":"SKIP","floor":2},{"not_picked":["Deadly Poison","Riddle With Holes"],"picked":"Bane","floor":4},{"not_picked":["Deadly Poison","Dagger Throw","Dodge and Roll"],"picked":"SKIP","floor":5},{"not_picked":["Acrobatics","Dodge and Roll","Grand Finale"],"picked":"SKIP","floor":7},{"not_picked":["Quick Slash","Deflect","Slice"],"picked":"SKIP","floor":11},{"not_picked":["PiercingWail","Backflip","Cloak And Dagger"],"picked":"SKIP","floor":12},{"not_picked":["Concentrate","Outmaneuver"],"picked":"Escape Plan","floor":14},{"not_picked":["Doppelganger","Grand Finale"],"picked":"After Image","floor":16},{"not_picked":["Deadly Poison","Blade Dance","Backflip"],"picked":"SKIP","floor":18},{"not_picked":["Skewer","Bane","Prepared"],"picked":"SKIP","floor":22},{"not_picked":["Quick Slash","Underhanded Strike","Backflip"],"picked":"SKIP","floor":23},{"not_picked":["Deflect","Underhanded Strike+1","Distraction"],"picked":"SKIP","floor":24},{"not_picked":["Malaise","Dagger Spray+1","Dagger Throw+1"],"picked":"Singing Bowl","floor":27},{"not_picked":["Flechettes+1","Underhanded Strike+1"],"picked":"Cloak And Dagger+1","floor":30},{"not_picked":["Night Terror","Adrenaline"],"picked":"Envenom","floor":33},{"not_picked":["Cloak And Dagger","Distraction","PiercingWail"],"picked":"Singing Bowl","floor":35},{"not_picked":["Dagger Throw+1","Acrobatics","Prepared"],"picked":"Singing Bowl","floor":37},{"not_picked":["Underhanded Strike+1","Cloak And Dagger+1","Acrobatics+1"],"picked":"Singing Bowl","floor":39},{"not_picked":["Poisoned Stab+1","Burst"],"picked":"Bane+1","floor":41},{"not_picked":["Poisoned Stab+1","Blade Dance+1","Dodge and Roll+1"],"picked":"Singing Bowl","floor":47},{"not_picked":["Flash of Steel+1","Madness","Transmutation"],"picked":"Singing Bowl","floor":48}],"player_experience":94685,"relics_obtained":[{"floor":7,"key":"Strawberry"},{"floor":9,"key":"Art of War"},{"floor":23,"key":"Molten Egg 2"},{"floor":26,"key":"Singing Bowl"},{"floor":43,"key":"Centennial Puzzle"}],"event_choices":[{"event_name":"Accursed Blacksmith","player_choice":"Forge","floor":20,"damage_taken":0},{"event_name":"N\u0027loth","player_choice":"Traded a Strawberry","floor":21,"damage_taken":0},{"event_name":"WeMeetAgain","player_choice":"Card","floor":28,"damage_taken":0},{"event_name":"Golden Shrine","player_choice":"Pray","floor":38,"damage_taken":0},{"event_name":"SensoryStone","player_choice":"Memory 1","floor":48,"damage_taken":0}],"is_beta":false,"boss_relics":[{"not_picked":["Runic Dome","Calling Bell"],"picked":"Lizard Tail"},{"not_picked":["HoveringKite","Coffee Dripper"],"picked":"Velvet Choker"}],"items_purged_floors":[3,13,31,36],"is_endless":false,"potions_floor_spawned":[2,7,11,12,14,22,33,41,47],"ascension_level":0}