{"gold_per_floor":[109,126,126,126,136,136,468,468,494,511,511,511,523,536,536,636,636,652,305,305,305,316,347,347,347],"floor_reached":25,"playtime":889,"items_purged":["Strike_B"],"score":254,"play_id":"62a71a05-9084-4647-805b-69069a9c96dc","local_time":"20180903020459","is_ascension_mode":true,"campfire_choices":[{"data":"Zap","floor":6,"key":"SMITH"},{"data":"Conserve Battery","floor":8,"key":"SMITH"},{"data":"Dualcast","floor":11,"key":"SMITH"},{"floor":15,"key":"REST"},{"floor":24,"key":"REST"}],"neow_cost":"NONE","seed_source_timestamp":1233938278786806,"circlet_count":0,"master_deck":["Strike_B+1","Strike_B+1","Defend_B","Defend_B","Zap+1","Dualcast+1","Undo","Conserve Battery+1","Ball Lightning","Ball Lightning","Conserve Battery","BootSequence","Seek","Capacitor","Self Repair","Cold Snap"],"relics":["Cracked Core","NeowsBlessing","Strawberry","Old Coin","Juzu Bracelet","Lizard Tail","MealTicket","Gambling Chip"],"potions_floor_usage":[7,7,16],"damage_taken":[{"damage":0,"enemies":"Small Slimes","floor":1,"turns":1},{"damage":0,"enemies":"2 Louse","floor":2,"turns":1},{"damage":0,"enemies":"Cultist","floor":5,"turns":1},{"damage":10,"enemies":"Lagavulin","floor":7,"turns":6},{"damage":0,"enemies":"3 Louse","floor":10,"turns":3},{"damage":6,"enemies":"Looter","floor":13,"turns":2},{"damage":17,"enemies":"Exordium Thugs","floor":14,"turns":3},{"damage":38,"enemies":"Slime Boss","floor":16,"turns":6},{"damage":0,"enemies":"Chosen","floor":18,"turns":4},{"damage":0,"enemies":"Shell Parasite","floor":22,"turns":5},{"damage":78,"enemies":"Gremlin Leader","floor":23,"turns":9},{"damage":0,"enemies":"Slavers","floor":25,"turns":1}],"seed_played":"-96556015673774065","potions_obtained":[{"floor":1,"key":"SteroidPotion"},{"floor":2,"key":"Ancient Potion"},{"floor":5,"key":"Block Potion"},{"floor":14,"key":"SneckoOil"}],"is_trial":false,"path_per_floor":["M","M","?","?","M","R","E","R","T","M","R","?","M","M","R","B",null,"M","$","?","?","M","E","R"],"character_chosen":"DEFECT","items_purchased":["Capacitor","MealTicket"],"campfire_rested":2,"item_purchase_floors":[19,19],"current_hp_per_floor":[75,75,79,72,72,72,62,62,62,62,62,46,40,23,47,9,82,82,82,82,82,82,11,35,35],"gold":347,"neow_bonus":"THREE_ENEMY_KILL","is_prod":false,"is_daily":false,"chose_seed":false,"campfire_upgraded":3,"win_rate":0,"timestamp":1535907899,"path_taken":["M","M","?","?","?","R","E","R","T","M","R","?","M","M","R","BOSS","M","$","?","?","M","E","R","E"],"build_version":"2018-08-30","purchased_purges":1,"victory":false,"max_hp_per_floor":[75,75,82,82,82,82,82,82,82,82,82,82,82,82,82,82,82,82,82,82,82,82,82,82,82],"card_choices":[{"not_picked":["Darkness","Melter"],"picked":"Undo","floor":1},{"not_picked":["Steam","Leap"],"picked":"Conserve Battery","floor":2},{"not_picked":["Sweeping Beam","Fission"],"picked":"Ball Lightning","floor":5},{"not_picked":["Double Energy","Beam Cell"],"picked":"Ball Lightning","floor":7},{"not_picked":["Chill","Rebound"],"picked":"Conserve Battery","floor":10},{"not_picked":["Hologram","Chill","Streamline"],"picked":"SKIP","floor":13},{"not_picked":["Rebound","Gash"],"picked":"BootSequence","floor":14},{"not_picked":["Rainbow","Core Surge"],"picked":"Seek","floor":16},{"not_picked":["Genetic Algorithm","Chaos","Leap"],"picked":"SKIP","floor":18},{"not_picked":["Steam Power","Barrage"],"picked":"Self Repair","floor":22},{"not_picked":["Hologram","Meteor Strike"],"picked":"Cold Snap","floor":23}],"player_experience":209819,"relics_obtained":[{"floor":7,"key":"Old Coin"},{"floor":9,"key":"Juzu Bracelet"},{"floor":23,"key":"Gambling Chip"}],"event_choices":[{"event_name":"Scrap Ooze","player_choice":"success","floor":3,"damage_taken":3},{"event_name":"Golden Wing","player_choice":"Card Removal","floor":4,"damage_taken":0},{"event_name":"Shining Light","player_choice":"Entered Light","floor":12,"damage_taken":0},{"event_name":"Bonfire Elementals","player_choice":"BASIC","floor":20,"damage_taken":0},{"event_name":"Back to Basics","player_choice":"Elegance","floor":21,"damage_taken":0}],"is_beta":false,"boss_relics":[{"not_picked":["Runic Dome","Snecko Eye"],"picked":"Lizard Tail"}],"items_purged_floors":[19],"is_endless":false,"potions_floor_spawned":[1,2,5,14],"killed_by":"Slavers","ascension_level":3}