{"gold_per_floor":[110,110,110,123,133,133,146,146,146,163,178,178,36,53,53,153,153,164,181,58,58,58,90,110,125,125,125,0,12,12,24,24,119,119,131,151,166,166,177,177],"floor_reached":40,"playtime":1661,"items_purged":[],"score":636,"play_id":"a4738e51-5944-41de-8ed9-def3623b3f8b","local_time":"20190509163143","is_ascension_mode":true,"campfire_choices":[{"floor":6,"key":"REST"},{"data":"Dagger Spray","floor":8,"key":"SMITH"},{"data":"Bouncing Flask","floor":15,"key":"SMITH"},{"data":"Bouncing Flask","floor":27,"key":"SMITH"},{"data":"Noxious Fumes","floor":32,"key":"SMITH"}],"neow_cost":"PERCENT_DAMAGE","seed_source_timestamp":2063197227858181,"circlet_count":0,"master_deck":["Defend_G","Defend_G","Defend_G","Defend_G","Defend_G","Strike_G","Strike_G","Strike_G","Strike_G","Strike_G","Survivor","Neutralize","Dagger Spray+1","Dash","Poisoned Stab","PiercingWail","PiercingWail","Escape Plan","After Image","Blur","Bouncing Flask+1","Venomology","PiercingWail","Distraction","Bandage Up","Bouncing Flask+1","Dagger Throw+1","PiercingWail+1","Backflip+1","Noxious Fumes+1","Bullet Time","Dagger Spray","Bane+1","Leg Sweep","Noxious Fumes+1","Bouncing Flask"],"relics":["Ring of the Snake","Pocketwatch","Paper Crane","Velvet Choker","Happy Flower","Art of War","Mercury Hourglass","Shuriken","Sozu"],"potions_floor_usage":[18,18,19,23,25,31,33,33,33],"damage_taken":[{"damage":1,"enemies":"Small Slimes","floor":1,"turns":4},{"damage":0,"enemies":"Jaw Worm","floor":4,"turns":4},{"damage":0,"enemies":"Cultist","floor":5,"turns":4},{"damage":0,"enemies":"Exordium Wildlife","floor":7,"turns":2},{"damage":11,"enemies":"3 Louse","floor":10,"turns":3},{"damage":0,"enemies":"Looter","floor":11,"turns":2},{"damage":9,"enemies":"Gremlin Gang","floor":14,"turns":5},{"damage":9,"enemies":"Hexaghost","floor":16,"turns":9},{"damage":0,"enemies":"Spheric Guardian","floor":18,"turns":2},{"damage":12,"enemies":"Shell Parasite","floor":19,"turns":6},{"damage":1,"enemies":"Gremlin Leader","floor":23,"turns":10},{"damage":9,"enemies":"Chosen and Byrds","floor":24,"turns":6},{"damage":12,"enemies":"Snake Plant","floor":25,"turns":5},{"damage":1,"enemies":"Centurion and Healer","floor":29,"turns":6},{"damage":0,"enemies":"Snecko","floor":31,"turns":5},{"damage":52,"enemies":"Collector","floor":33,"turns":10},{"damage":0,"enemies":"3 Shapes","floor":35,"turns":6},{"damage":5,"enemies":"Orb Walker","floor":36,"turns":3},{"damage":44,"enemies":"Transient","floor":37,"turns":5},{"damage":0,"enemies":"3 Darklings","floor":39,"turns":5},{"damage":28,"enemies":"Reptomancer","floor":40,"turns":2}],"seed_played":"-7774211770592936103","potions_obtained":[{"floor":1,"key":"PowerPotion"},{"floor":5,"key":"FearPotion"},{"floor":11,"key":"AttackPotion"},{"floor":24,"key":"Strength Potion"},{"floor":25,"key":"Ancient Potion"}],"is_trial":false,"path_per_floor":["M","?","?","M","M","R","M","R","T","M","M","?","$","M","R","B",null,"M","M","$","?","?","E","M","M","T","R","?","M","T","M","R","B",null,"M","M","M","?","M","E"],"character_chosen":"THE_SILENT","items_purchased":["After Image","Blur","Bandage Up","Bouncing Flask"],"campfire_rested":1,"item_purchase_floors":[13,13,20,20],"current_hp_per_floor":[44,37,42,42,42,64,64,64,64,53,53,53,53,44,44,35,65,65,53,53,53,53,56,51,43,43,43,43,46,46,50,50,2,57,61,56,16,16,20,0],"gold":177,"neow_bonus":"ONE_RARE_RELIC","is_prod":false,"is_daily":false,"chose_seed":false,"campfire_upgraded":4,"win_rate":0,"timestamp":1557376303,"path_taken":["M","?","?","M","M","R","?","R","T","M","M","?","$","M","R","BOSS","M","M","$","?","?","E","M","M","T","R","?","M","?","?","R","BOSS","M","M","M","?","M","E"],"build_version":"2019-01-23","purchased_purges":0,"victory":false,"max_hp_per_floor":[70,70,75,75,75,75,75,75,75,75,75,75,75,75,75,75,75,75,75,75,75,75,75,75,75,75,75,75,75,75,75,75,75,75,75,75,75,75,75,75],"card_choices":[{"not_picked":["Concentrate","Backstab"],"picked":"Dagger Spray","floor":1},{"not_picked":["Acrobatics","Eviscerate"],"picked":"Dash","floor":4},{"not_picked":["Dagger Throw","Calculated Gamble"],"picked":"Poisoned Stab","floor":5},{"not_picked":["Underhanded Strike","Dash"],"picked":"PiercingWail","floor":7},{"not_picked":["Underhanded Strike","Quick Slash"],"picked":"PiercingWail","floor":10},{"not_picked":["Predator","Deflect"],"picked":"Escape Plan","floor":11},{"not_picked":["Finisher","Deflect"],"picked":"Bouncing Flask","floor":14},{"not_picked":["Storm of Steel","Tools of the Trade"],"picked":"Venomology","floor":16},{"not_picked":["Prepared+1","Deadly Poison"],"picked":"PiercingWail","floor":18},{"not_picked":["Masterful Stab","Setup"],"picked":"Distraction","floor":19},{"not_picked":["Choke+1","Slice"],"picked":"Dagger Throw+1","floor":23},{"not_picked":["Finisher","Acrobatics","Blade Dance+1"],"picked":"SKIP","floor":24},{"not_picked":["Setup","Outmaneuver"],"picked":"PiercingWail+1","floor":25},{"not_picked":["Night Terror","Acrobatics"],"picked":"Backflip+1","floor":29},{"not_picked":["Calculated Gamble","Dagger Spray"],"picked":"Noxious Fumes","floor":31},{"not_picked":["Doppelganger","Night Terror"],"picked":"Bullet Time","floor":33},{"not_picked":["Dagger Throw","Finisher"],"picked":"Dagger Spray","floor":35},{"not_picked":["Dagger Throw","Flying Knee+1"],"picked":"Bane+1","floor":36},{"not_picked":["Deadly Poison+1","Acrobatics+1"],"picked":"Leg Sweep","floor":37},{"not_picked":["Choke","Acrobatics+1"],"picked":"Bouncing Flask","floor":39}],"player_experience":211228,"relics_obtained":[{"floor":23,"key":"Art of War"},{"floor":26,"key":"Mercury Hourglass"},{"floor":30,"key":"Shuriken"}],"event_choices":[{"damage_healed":0,"gold_gain":0,"player_choice":"Success","damage_taken":7,"relics_obtained":["Paper Crane"],"max_hp_gain":0,"max_hp_loss":0,"event_name":"Scrap Ooze","floor":2,"gold_loss":0},{"damage_healed":0,"gold_gain":0,"player_choice":"Donut","damage_taken":0,"max_hp_gain":5,"max_hp_loss":0,"event_name":"Big Fish","floor":3,"gold_loss":0},{"damage_healed":0,"gold_gain":0,"player_choice":"Bought 0 Potions","damage_taken":0,"max_hp_gain":0,"max_hp_loss":0,"event_name":"The Woman in Blue","floor":12,"gold_loss":0},{"damage_healed":0,"gold_gain":0,"player_choice":"Opened","damage_taken":0,"relics_obtained":["Happy Flower"],"max_hp_gain":0,"max_hp_loss":0,"event_name":"The Mausoleum","floor":21,"gold_loss":0},{"damage_healed":0,"gold_gain":0,"player_choice":"Ignored","damage_taken":0,"max_hp_gain":0,"max_hp_loss":0,"event_name":"Cursed Tome","floor":22,"gold_loss":0},{"damage_healed":0,"gold_gain":0,"player_choice":"Paid Fearfully","damage_taken":0,"max_hp_gain":0,"max_hp_loss":0,"event_name":"Masked Bandits","floor":28,"gold_loss":125},{"damage_healed":0,"gold_gain":0,"player_choice":"Copied","damage_taken":0,"max_hp_gain":0,"max_hp_loss":0,"event_name":"Duplicator","floor":38,"gold_loss":0,"cards_obtained":["Noxious Fumes"]}],"is_beta":false,"boss_relics":[{"not_picked":["Runic Dome","WristBlade"],"picked":"Velvet Choker"},{"not_picked":["Black Star","Snecko Eye"],"picked":"Sozu"}],"items_purged_floors":[],"is_endless":false,"potions_floor_spawned":[1,5,11,24,25,35],"killed_by":"Reptomancer","ascension_level":9}