{"gold_per_floor":[15,15,27,45,56,56,89,101,101,101,26,55,74,88,88,189,239,258,277,294,194,194],"floor_reached":22,"playtime":1127,"items_purged":["Regret","Strike_R"],"score":238,"play_id":"958ab224-b977-4854-b242-aa32764ddb9f","local_time":"20181102010231","is_ascension_mode":true,"campfire_choices":[{"data":"Fiend Fire","floor":6,"key":"SMITH"},{"data":"Bash","floor":10,"key":"SMITH"},{"floor":15,"key":"REST"}],"neow_cost":"NO_GOLD","seed_source_timestamp":529474052647067,"circlet_count":0,"master_deck":["Strike_R","Strike_R","Strike_R","Defend_R","Defend_R","Defend_R","Bash+1","Pommel Strike","Thunderclap","Fiend Fire+1","Whirlwind+1","Seeing Red","Ghostly Armor","Wild Strike","Dark Embrace","True Grit","Wild Strike+1","Power Through"],"relics":["Burning Blood","Self Forming Clay","Omamori","Pen Nib","Odd Mushroom","Tiny House"],"potions_floor_usage":[7,12,16,16,16,18],"damage_taken":[{"damage":0,"enemies":"Small Slimes","floor":1,"turns":3},{"damage":18,"enemies":"Jaw Worm","floor":3,"turns":5},{"damage":3,"enemies":"Cultist","floor":4,"turns":3},{"damage":26,"enemies":"Gremlin Gang","floor":5,"turns":5},{"damage":27,"enemies":"Lagavulin","floor":7,"turns":4},{"damage":2,"enemies":"Looter","floor":8,"turns":4},{"damage":0,"enemies":"The Mushroom Lair","floor":12,"turns":2},{"damage":0,"enemies":"Large Slime","floor":13,"turns":3},{"damage":6,"enemies":"Exordium Wildlife","floor":14,"turns":3},{"damage":58,"enemies":"Hexaghost","floor":16,"turns":8},{"damage":17,"enemies":"2 Thieves","floor":18,"turns":3},{"damage":14,"enemies":"Chosen","floor":19,"turns":4},{"damage":27,"enemies":"Snake Plant","floor":20,"turns":5},{"damage":0,"enemies":"Centurion and Healer","floor":22,"turns":1}],"seed_played":"2717771609420915241","potions_obtained":[{"floor":5,"key":"Swift Potion"},{"floor":7,"key":"Energy Potion"},{"floor":12,"key":"Swift Potion"},{"floor":13,"key":"Swift Potion"},{"floor":14,"key":"SkillPotion"},{"floor":17,"key":"Regen Potion"},{"floor":20,"key":"Dexterity Potion"}],"is_trial":false,"path_per_floor":["M","?","M","M","M","R","E","M","T","R","$","?","M","M","R","B",null,"M","M","M","$"],"character_chosen":"IRONCLAD","items_purchased":[],"campfire_rested":1,"item_purchase_floors":[],"current_hp_per_floor":[80,80,68,71,51,51,30,34,34,34,34,40,46,46,70,18,70,68,60,39,39,39],"gold":194,"neow_bonus":"REMOVE_TWO","is_prod":false,"is_daily":false,"chose_seed":false,"campfire_upgraded":2,"win_rate":0,"timestamp":1541088151,"path_taken":["M","?","?","?","M","R","E","M","T","R","$","?","M","M","R","BOSS","M","M","?","$","M"],"build_version":"2018-10-25v2","purchased_purges":2,"victory":false,"max_hp_per_floor":[80,80,80,80,80,80,80,80,80,80,80,80,80,80,80,80,85,85,85,85,85,85],"card_choices":[{"not_picked":["Twin Strike","Warcry","Perfected Strike"],"picked":"SKIP","floor":1},{"not_picked":["Intimidate","Clash"],"picked":"Pommel Strike","floor":3},{"not_picked":["Clothesline","Heavy Blade"],"picked":"Thunderclap","floor":4},{"not_picked":["Body Slam","Battle Trance"],"picked":"Fiend Fire","floor":5},{"not_picked":["Infernal Blade","Sword Boomerang"],"picked":"Whirlwind","floor":7},{"not_picked":["Headbutt","Carnage","Seeing Red"],"picked":"SKIP","floor":8},{"not_picked":["Pommel Strike","Havoc"],"picked":"Seeing Red","floor":12},{"not_picked":["Fire Breathing","Sword Boomerang"],"picked":"Ghostly Armor","floor":13},{"not_picked":["Rupture","Warcry"],"picked":"Wild Strike","floor":14},{"not_picked":["Brutality","Double Tap"],"picked":"Dark Embrace","floor":16},{"not_picked":["Corruption","Flex"],"picked":"True Grit","floor":17},{"not_picked":["Headbutt+1","Disarm"],"picked":"Wild Strike+1","floor":18},{"not_picked":["Spot Weakness","Corruption"],"picked":"Power Through","floor":19},{"not_picked":["Clash","True Grit","Clothesline"],"picked":"SKIP","floor":20}],"player_experience":430463,"relics_obtained":[{"floor":7,"key":"Omamori"},{"floor":9,"key":"Pen Nib"},{"floor":12,"key":"Odd Mushroom"}],"event_choices":[{"damage_healed":0,"gold_gain":0,"player_choice":"Box","damage_taken":0,"relics_obtained":["Self Forming Clay"],"max_hp_gain":0,"max_hp_loss":0,"event_name":"Big Fish","floor":2,"gold_loss":0,"cards_obtained":["Regret"]},{"damage_healed":0,"gold_gain":0,"player_choice":"Fought Mushrooms","damage_taken":0,"max_hp_gain":0,"max_hp_loss":0,"event_name":"Mushrooms","floor":12,"gold_loss":0}],"is_beta":false,"boss_relics":[{"not_picked":["Runic Dome","White Beast Statue"],"picked":"Tiny House"}],"items_purged_floors":[11,21],"is_endless":false,"potions_floor_spawned":[5,7,12,13,14,20],"killed_by":"Centurion and Healer","ascension_level":5}