{"gold_per_floor":[217,233,248,136,136,136,150,150,173,173,195,214,242,254,254,356,356,366,379,379,394,10,10,41,41,66,83,8,23,23,23],"floor_reached":31,"playtime":1568,"items_purged":["Strike_R","Strike_R"],"score":295,"play_id":"c5dc2753-9b57-47f2-b22e-3f9b55cd14f9","local_time":"20180828002259","is_ascension_mode":true,"campfire_choices":[{"data":"Pommel Strike","floor":6,"key":"SMITH"},{"data":"Perfected Strike","floor":8,"key":"SMITH"},{"data":"Bash","floor":10,"key":"SMITH"},{"floor":15,"key":"REST"},{"data":"Apotheosis","floor":23,"key":"SMITH"},{"floor":25,"key":"REST"}],"neow_cost":"NONE","seed_source_timestamp":708741171881911,"circlet_count":0,"master_deck":["Strike_R","Strike_R","Defend_R","Defend_R","Defend_R","Defend_R","Bash+1","Reckless Charge","Pommel Strike+1","Perfected Strike+1","Evolve","Warcry","Perfected Strike","Perfected Strike","Pommel Strike","Demon Form","Armaments+1","Perfected Strike","Wild Strike","Pommel Strike","Heavy Blade","Flex+1","Apotheosis+1","Whirlwind","Shrug It Off"],"relics":["Burning Blood","Lantern","Potion Belt","Odd Mushroom","Bottled Tornado","Orrery","Regal Pillow","Ancient Tea Set"],"potions_floor_usage":[21,21,24,24],"damage_taken":[{"damage":2,"enemies":"Small Slimes","floor":1,"turns":4},{"damage":11,"enemies":"Jaw Worm","floor":2,"turns":3},{"damage":0,"enemies":"Cultist","floor":3,"turns":2},{"damage":7,"enemies":"Blue Slaver","floor":7,"turns":3},{"damage":18,"enemies":"The Mushroom Lair","floor":11,"turns":4},{"damage":5,"enemies":"Looter","floor":12,"turns":2},{"damage":13,"enemies":"Lagavulin","floor":13,"turns":3},{"damage":12,"enemies":"Exordium Wildlife","floor":14,"turns":2},{"damage":57,"enemies":"Hexaghost","floor":16,"turns":8},{"damage":31,"enemies":"2 Thieves","floor":18,"turns":4},{"damage":22,"enemies":"Shell Parasite","floor":19,"turns":5},{"damage":0,"enemies":"Snake Plant","floor":21,"turns":1},{"damage":40,"enemies":"Slavers","floor":24,"turns":4},{"damage":14,"enemies":"Chosen and Byrds","floor":27,"turns":5},{"damage":35,"enemies":"Centurion and Healer","floor":29,"turns":5},{"damage":17,"enemies":"Cultist and Chosen","floor":31,"turns":6}],"seed_played":"-1898142043507460579","potions_obtained":[{"floor":3,"key":"SteroidPotion"},{"floor":12,"key":"Strength Potion"},{"floor":13,"key":"Ancient Potion"},{"floor":18,"key":"SteroidPotion"},{"floor":24,"key":"FearPotion"}],"is_trial":false,"path_per_floor":["M","M","M","$","?","R","M","R","T","R","?","M","E","M","R","B",null,"M","M","?","M","$","R","E","R","T","M","?","M","$"],"character_chosen":"IRONCLAD","items_purchased":["Evolve","Apotheosis","Whirlwind"],"campfire_rested":2,"item_purchase_floors":[4,22,22],"current_hp_per_floor":[80,75,80,80,73,73,72,72,72,72,60,61,54,48,72,21,80,55,39,39,45,45,45,11,50,50,42,42,13,13,0],"gold":23,"neow_bonus":"HUNDRED_GOLD","is_prod":false,"is_daily":false,"chose_seed":false,"campfire_upgraded":4,"win_rate":0,"timestamp":1535383379,"path_taken":["M","M","M","$","?","R","M","R","T","R","?","?","E","M","R","BOSS","M","M","?","M","$","R","E","R","T","?","?","?","$","M"],"build_version":"2018-08-23v2","purchased_purges":2,"victory":false,"max_hp_per_floor":[80,80,80,80,80,80,80,80,80,80,80,80,80,80,80,80,80,80,80,80,80,80,80,80,80,80,80,80,80,80,80],"card_choices":[{"not_picked":["Thunderclap","Blood for Blood"],"picked":"Reckless Charge","floor":1},{"not_picked":["Battle Trance","Cleave"],"picked":"Pommel Strike","floor":2},{"not_picked":["Armaments","Body Slam"],"picked":"Perfected Strike","floor":3},{"not_picked":["Flex","Sword Boomerang"],"picked":"Warcry","floor":7},{"not_picked":["Disarm","Armaments"],"picked":"Perfected Strike","floor":11},{"not_picked":["Heavy Blade","Iron Wave"],"picked":"Perfected Strike","floor":12},{"not_picked":["Clash","Immolate","Intimidate"],"picked":"SKIP","floor":13},{"not_picked":["Combust","Disarm"],"picked":"Pommel Strike","floor":14},{"not_picked":["Exhume","Impervious"],"picked":"Demon Form","floor":16},{"not_picked":["Carnage","Twin Strike"],"picked":"Armaments","floor":17},{"not_picked":["True Grit","Reckless Charge"],"picked":"Perfected Strike","floor":17},{"not_picked":["Cleave","Sentinel"],"picked":"Wild Strike","floor":17},{"not_picked":["Body Slam","Thunderclap"],"picked":"Pommel Strike","floor":17},{"not_picked":["Warcry","Combust"],"picked":"Heavy Blade","floor":17},{"not_picked":["Combust","Hemokinesis","Body Slam"],"picked":"SKIP","floor":18},{"not_picked":["Evolve","Wild Strike"],"picked":"Flex+1","floor":19},{"not_picked":["Armaments","Dropkick","Rupture"],"picked":"SKIP","floor":21},{"not_picked":["Havoc+1","Hemokinesis+1","Clothesline+1"],"picked":"SKIP","floor":24},{"not_picked":["Havoc","Searing Blow"],"picked":"Shrug It Off","floor":27},{"not_picked":["Demon Form","Thunderclap","Flex"],"picked":"SKIP","floor":29}],"player_experience":152895,"relics_obtained":[{"floor":9,"key":"Potion Belt"},{"floor":11,"key":"Odd Mushroom"},{"floor":13,"key":"Bottled Tornado"},{"floor":24,"key":"Regal Pillow"},{"floor":26,"key":"Ancient Tea Set"}],"event_choices":[{"event_name":"Scrap Ooze","player_choice":"success","floor":5,"damage_taken":7},{"event_name":"Mushrooms","player_choice":"Fought Mushrooms","floor":11,"damage_taken":0},{"event_name":"Upgrade Shrine","player_choice":"Upgraded","floor":20,"damage_taken":0},{"event_name":"Beggar","player_choice":"Gave Gold","floor":28,"damage_taken":0}],"is_beta":false,"boss_relics":[{"not_picked":["Astrolabe","White Beast Statue"],"picked":"Orrery"}],"items_purged_floors":[4,22],"is_endless":false,"potions_floor_spawned":[3,12,13,18,24],"killed_by":"Cultist and Chosen","ascension_level":1}