{"gold_per_floor":[119,138,149,160,178,191,191,34,34,53,53,88,101,51,51,51],"floor_reached":16,"playtime":1037,"items_purged":[],"score":106,"play_id":"2f21ad0e-1fff-4d64-92e1-caf986381a9c","local_time":"20180708001125","is_ascension_mode":false,"campfire_choices":[{"data":"Body Slam","floor":7,"key":"SMITH"},{"data":"Shrug It Off","floor":11,"key":"SMITH"},{"floor":15,"key":"REST"}],"neow_cost":"NONE","seed_source_timestamp":96481753016110,"circlet_count":0,"master_deck":["Strike_R","Strike_R","Strike_R","Strike_R","Strike_R","Defend_R","Defend_R","Defend_R","Bash","Body Slam+1","Cleave","Headbutt","Shrug It Off","Shrug It Off+1","Pommel Strike","Metallicize"],"relics":["Burning Blood","Bag of Preparation","The Courier","Mummified Hand"],"potions_floor_usage":[6,12,16],"damage_taken":[{"damage":8,"enemies":"Cultist","floor":1,"turns":5},{"damage":0,"enemies":"Small Slimes","floor":2,"turns":3},{"damage":6,"enemies":"Jaw Worm","floor":3,"turns":4},{"damage":27,"enemies":"Exordium Thugs","floor":4,"turns":4},{"damage":9,"enemies":"Exordium Wildlife","floor":5,"turns":4},{"damage":4,"enemies":"3 Louse","floor":6,"turns":3},{"damage":1,"enemies":"2 Fungi Beasts","floor":10,"turns":3},{"damage":44,"enemies":"Gremlin Nob","floor":12,"turns":5},{"damage":21,"enemies":"Gremlin Gang","floor":13,"turns":6},{"damage":51,"enemies":"The Guardian","floor":16,"turns":12}],"seed_played":"1841916527914116535","potions_obtained":[{"floor":4,"key":"Explosive Potion"},{"floor":6,"key":"Swift Potion"},{"floor":10,"key":"Dexterity Potion"}],"is_trial":false,"path_per_floor":["M","M","M","M","M","M","R","$","T","M","R","E","M","?","R"],"character_chosen":"IRONCLAD","items_purchased":["Bag of Preparation"],"campfire_rested":1,"item_purchase_floors":[8],"current_hp_per_floor":[86,88,88,67,64,66,66,66,66,71,71,33,18,18,44,0],"gold":51,"neow_bonus":"TEN_PERCENT_HP_BONUS","is_prod":false,"is_daily":false,"chose_seed":false,"campfire_upgraded":2,"win_rate":0.0,"timestamp":1530976285,"path_taken":["M","M","M","M","M","M","R","$","T","M","R","E","?","?","R","BOSS"],"build_version":"2018-07-05","purchased_purges":0,"victory":false,"max_hp_per_floor":[88,88,88,88,88,88,88,88,88,88,88,88,88,88,88,88],"card_choices":[{"not_picked":["Iron Wave","Burning Pact"],"picked":"Body Slam","floor":1},{"not_picked":["Corruption","Flex","Infernal Blade"],"picked":"SKIP","floor":2},{"not_picked":["Clash","Sever Soul"],"picked":"Cleave","floor":3},{"not_picked":["Combust","Thunderclap"],"picked":"Headbutt","floor":4},{"not_picked":["True Grit","Entrench"],"picked":"Shrug It Off","floor":5},{"not_picked":["Inflame","Fiend Fire","Iron Wave"],"picked":"SKIP","floor":6},{"not_picked":["Rage","Anger"],"picked":"Shrug It Off","floor":10},{"not_picked":["Flex","Thunderclap"],"picked":"Pommel Strike","floor":12},{"not_picked":["Clash","Body Slam"],"picked":"Metallicize","floor":13}],"player_experience":61023,"relics_obtained":[{"floor":9,"key":"The Courier"},{"floor":12,"key":"Mummified Hand"}],"event_choices":[{"event_name":"The Cleric","player_choice":"Card Removal","floor":14,"damage_taken":0}],"boss_relics":[],"items_purged_floors":[],"is_endless":false,"potions_floor_spawned":[4,6,10],"killed_by":"The Guardian","ascension_level":0}