{"gold_per_floor":[111,122,122,132,145,145,158,184,184,64,64,95,110,126,126,227,227],"floor_reached":17,"playtime":890,"items_purged":["Strike_G"],"score":191,"play_id":"8ef14fc8-aac5-4212-a808-fff84cfef80d","local_time":"20180913140755","is_ascension_mode":true,"campfire_choices":[{"data":"Neutralize","floor":6,"key":"SMITH"},{"data":"Noxious Fumes","floor":11,"key":"SMITH"},{"data":"Survivor","floor":15,"key":"SMITH"}],"neow_cost":"NONE","seed_source_timestamp":2141311621969341,"circlet_count":0,"master_deck":["Defend_G","Defend_G","Defend_G","Defend_G","Defend_G","Strike_G","Strike_G","Strike_G","Survivor+1","Neutralize+1","Backstab","Noxious Fumes+1","Cloak And Dagger","Quick Slash","Well Laid Plans","Poisoned Stab","Backstab","Bane","Wraith Form v2"],"relics":["Ring of the Snake","NeowsBlessing","Odd Mushroom","Paper Crane","Bottled Lightning","Runic Pyramid"],"potions_floor_usage":[12],"damage_taken":[{"damage":0,"enemies":"Cultist","floor":1,"turns":1},{"damage":0,"enemies":"2 Louse","floor":2,"turns":1},{"damage":0,"enemies":"Small Slimes","floor":4,"turns":1},{"damage":3,"enemies":"Red Slaver","floor":5,"turns":4},{"damage":3,"enemies":"Looter","floor":7,"turns":3},{"damage":23,"enemies":"The Mushroom Lair","floor":8,"turns":6},{"damage":6,"enemies":"3 Sentries","floor":12,"turns":7},{"damage":1,"enemies":"Exordium Thugs","floor":13,"turns":4},{"damage":0,"enemies":"Red Slaver","floor":14,"turns":3},{"damage":21,"enemies":"The Guardian","floor":16,"turns":10}],"seed_played":"7101185385737156702","potions_obtained":[{"floor":1,"key":"EssenceOfSteel"},{"floor":2,"key":"FearPotion"},{"floor":8,"key":"Dexterity Potion"},{"floor":13,"key":"Poison Potion"},{"floor":14,"key":"Weak Potion"}],"is_trial":false,"path_per_floor":["M","M","?","M","M","R","M","?","T","$","R","E","M","M","R","B"],"character_chosen":"THE_SILENT","items_purchased":["Poisoned Stab"],"campfire_rested":0,"item_purchase_floors":[10],"current_hp_per_floor":[70,70,63,63,60,60,57,34,34,34,34,28,27,27,27,6,6],"gold":227,"neow_bonus":"THREE_ENEMY_KILL","is_prod":false,"is_daily":false,"chose_seed":false,"campfire_upgraded":3,"win_rate":0,"timestamp":1536815275,"path_taken":["M","?","?","?","M","R","M","?","T","?","R","E","M","M","R","BOSS"],"build_version":"2018-09-06","purchased_purges":1,"victory":false,"max_hp_per_floor":[70,70,70,70,70,70,70,70,70,70,70,70,70,70,70,70,70],"card_choices":[{"not_picked":["Tactician","Concentrate"],"picked":"Backstab","floor":1},{"not_picked":["Blade Dance","Finisher"],"picked":"Noxious Fumes","floor":2},{"not_picked":["Dash","Dagger Throw"],"picked":"Cloak And Dagger","floor":4},{"not_picked":["Underhanded Strike","Finisher"],"picked":"Quick Slash","floor":5},{"not_picked":["Setup","Acrobatics","Outmaneuver"],"picked":"SKIP","floor":7},{"not_picked":["Quick Slash","Underhanded Strike"],"picked":"Well Laid Plans","floor":8},{"not_picked":["Calculated Gamble","Expertise"],"picked":"Backstab","floor":12},{"not_picked":["Dagger Spray","Dash"],"picked":"Bane","floor":13},{"not_picked":["Dagger Spray","Sucker Punch","Skewer"],"picked":"SKIP","floor":14},{"not_picked":["Burst","Tools of the Trade"],"picked":"Wraith Form v2","floor":16}],"player_experience":263000,"relics_obtained":[{"floor":8,"key":"Odd Mushroom"},{"floor":9,"key":"Paper Crane"},{"floor":12,"key":"Bottled Lightning"}],"event_choices":[{"event_name":"Golden Wing","player_choice":"Card Removal","floor":3,"damage_taken":0},{"event_name":"Mushrooms","player_choice":"Fought Mushrooms","floor":8,"damage_taken":0}],"is_beta":false,"boss_relics":[{"not_picked":["Eternal Feather","Runic Dome"],"picked":"Runic Pyramid"}],"items_purged_floors":[10],"is_endless":false,"potions_floor_spawned":[1,2,8,13,14],"ascension_level":4}