{"gold_per_floor":[109,121,121,132,132,132,132,149,149,165,185,185,204,72,72,167,167,185,185,110,129,129,129,163,14,14,14,45,64,64,81,81,179,179,198,209,209,221,233,233],"floor_reached":40,"playtime":1223,"items_purged":["Strike_B"],"score":445,"play_id":"c40337de-007f-47d9-8eb5-916231a2af84","local_time":"20181208130857","is_ascension_mode":false,"campfire_choices":[{"data":"Zap","floor":6,"key":"SMITH"},{"data":"Fission","floor":12,"key":"SMITH"},{"data":"Ball Lightning","floor":15,"key":"SMITH"},{"data":"Lockon","floor":23,"key":"SMITH"},{"data":"Storm","floor":30,"key":"SMITH"},{"floor":32,"key":"REST"}],"neow_cost":"NONE","seed_source_timestamp":2021719027925520,"circlet_count":0,"master_deck":["Strike_B+1","Defend_B+1","Defend_B+1","Defend_B+1","Defend_B+1","Zap+1","Dualcast","Sweeping Beam","BootSequence","FTL","Buffer","Leap","Melter","Fission+1","FTL","Ball Lightning+1","Tempest","Electrodynamics","Conserve Battery","Steam","Consume","Lockon+1","Conserve Battery","Core Surge","Storm+1","Barrage","White Noise","Thunder Strike","Ball Lightning+1","Capacitor","Decay"],"relics":["Cracked Core","Art of War","Orrery","DataDisk","Pantograph","Mango","Nuclear Battery"],"potions_floor_usage":[16,16,16,16,24,24,33,33,39,39],"damage_taken":[{"damage":3,"enemies":"Small Slimes","floor":1,"turns":4},{"damage":4,"enemies":"Cultist","floor":2,"turns":4},{"damage":0,"enemies":"2 Louse","floor":4,"turns":2},{"damage":0,"enemies":"Red Slaver","floor":8,"turns":3},{"damage":0,"enemies":"Looter","floor":10,"turns":3},{"damage":3,"enemies":"Blue Slaver","floor":11,"turns":3},{"damage":0,"enemies":"Large Slime","floor":13,"turns":5},{"damage":25,"enemies":"The Guardian","floor":16,"turns":7},{"damage":15,"enemies":"2 Thieves","floor":18,"turns":3},{"damage":0,"enemies":"Spheric Guardian","floor":21,"turns":2},{"damage":25,"enemies":"Book of Stabbing","floor":24,"turns":5},{"damage":15,"enemies":"Slavers","floor":28,"turns":2},{"damage":0,"enemies":"3 Cultists","floor":29,"turns":3},{"damage":0,"enemies":"Snecko","floor":31,"turns":4},{"damage":21,"enemies":"Collector","floor":33,"turns":6},{"damage":0,"enemies":"Orb Walker","floor":35,"turns":2},{"damage":0,"enemies":"3 Shapes","floor":36,"turns":4},{"damage":38,"enemies":"Maw","floor":38,"turns":8},{"damage":32,"enemies":"Writhing Mass","floor":39,"turns":5},{"damage":61,"enemies":"Reptomancer","floor":40,"turns":2}],"seed_played":"855997176976631178","potions_obtained":[{"floor":1,"key":"EntropicBrew"},{"floor":2,"key":"Strength Potion"},{"floor":11,"key":"FearPotion"},{"floor":24,"key":"SteroidPotion"},{"floor":28,"key":"Fire Potion"},{"floor":31,"key":"Poison Potion"},{"floor":36,"key":"LiquidBronze"},{"floor":38,"key":"Regen Potion"}],"is_trial":false,"path_per_floor":["M","M","?","M","?","R","?","M","T","M","M","R","M","$","R","B",null,"M","?","?","M","?","R","E","$","T","?","E","M","R","M","R","B",null,"M","M","?","M","M","E"],"character_chosen":"DEFECT","items_purchased":["Ball Lightning","Tempest","Storm"],"campfire_rested":1,"item_purchase_floors":[14,14,25],"current_hp_per_floor":[72,68,68,68,68,68,68,68,68,68,65,65,65,65,65,40,75,60,46,46,46,72,72,47,47,47,47,46,46,46,46,74,73,94,94,94,94,56,38,0],"gold":233,"neow_bonus":"RANDOM_COMMON_RELIC","is_prod":false,"is_daily":false,"chose_seed":false,"campfire_upgraded":5,"win_rate":0,"timestamp":1544242137,"path_taken":["M","M","?","?","?","R","?","M","T","?","M","R","M","$","R","BOSS","M","?","?","M","?","R","E","$","T","?","E","M","R","M","R","BOSS","M","M","?","?","M","E"],"build_version":"2018-12-06","purchased_purges":1,"victory":false,"max_hp_per_floor":[75,75,75,75,75,75,75,75,75,75,75,75,75,75,75,75,75,75,80,80,80,80,80,80,80,80,80,94,94,94,94,94,94,94,94,94,94,94,94,94],"card_choices":[{"not_picked":["Force Field","Stack"],"picked":"Sweeping Beam","floor":1},{"not_picked":["Leap","Turbo"],"picked":"BootSequence","floor":2},{"not_picked":["Turbo","BootSequence"],"picked":"FTL","floor":4},{"not_picked":["Go for the Eyes","Loop"],"picked":"Melter","floor":8},{"not_picked":["Cold Snap","Stack"],"picked":"Fission","floor":10},{"not_picked":["Streamline","Beam Cell","Fusion"],"picked":"SKIP","floor":11},{"not_picked":["Static Discharge","Hologram"],"picked":"FTL","floor":13},{"not_picked":["Meteor Strike","Amplify"],"picked":"Electrodynamics","floor":16},{"not_picked":["Barrage","Turbo"],"picked":"Conserve Battery","floor":17},{"not_picked":["Cold Snap","Rip and Tear"],"picked":"Steam","floor":17},{"not_picked":["Meteor Strike","Coolheaded"],"picked":"Consume","floor":17},{"not_picked":["Stack","Compile Driver"],"picked":"Lockon","floor":17},{"not_picked":["FTL+1","Lockon","Rebound+1"],"picked":"SKIP","floor":18},{"not_picked":["Fusion","Go for the Eyes"],"picked":"Conserve Battery","floor":21},{"not_picked":["Go for the Eyes","Scrape"],"picked":"Core Surge","floor":24},{"not_picked":["Turbo","Redo","Beam Cell+1"],"picked":"SKIP","floor":28},{"not_picked":["FTL","Stack"],"picked":"Barrage","floor":29},{"not_picked":["Gash+1","Recycle"],"picked":"White Noise","floor":31},{"not_picked":["Electrodynamics","Meteor Strike"],"picked":"Thunder Strike","floor":33},{"not_picked":["Rip and Tear+1","Rebound"],"picked":"Ball Lightning+1","floor":35},{"not_picked":["Leap+1","Go for the Eyes+1"],"picked":"Capacitor","floor":36},{"not_picked":["Cold Snap","Compile Driver","Gash"],"picked":"SKIP","floor":38},{"not_picked":["Hologram+1","Rebound+1","Steam"],"picked":"SKIP","floor":39}],"player_experience":527741,"relics_obtained":[{"floor":24,"key":"DataDisk"},{"floor":26,"key":"Pantograph"},{"floor":28,"key":"Mango"}],"event_choices":[{"damage_healed":0,"gold_gain":0,"player_choice":"Ignored","damage_taken":0,"max_hp_gain":0,"max_hp_loss":0,"event_name":"NoteForYourself","floor":3,"gold_loss":0},{"cards_removed":["Strike_B"],"damage_healed":0,"gold_gain":0,"player_choice":"Forget","damage_taken":0,"max_hp_gain":0,"max_hp_loss":0,"event_name":"Living Wall","floor":5,"gold_loss":0},{"damage_healed":0,"gold_gain":0,"player_choice":"2 cards matched","damage_taken":0,"max_hp_gain":0,"max_hp_loss":0,"event_name":"Match and Keep!","floor":7,"gold_loss":0,"cards_obtained":["Buffer","Leap"]},{"damage_healed":0,"gold_gain":0,"player_choice":"Shed Blood","damage_taken":19,"max_hp_gain":5,"max_hp_loss":0,"event_name":"Forgotten Altar","floor":19,"gold_loss":0},{"cards_removed":["Strike_B"],"damage_healed":0,"gold_gain":0,"player_choice":"Gave Gold","damage_taken":0,"max_hp_gain":0,"max_hp_loss":0,"event_name":"Beggar","floor":20,"gold_loss":75},{"damage_healed":26,"gold_gain":0,"player_choice":"Heal","damage_taken":0,"max_hp_gain":0,"max_hp_loss":0,"event_name":"The Library","floor":22,"gold_loss":0},{"damage_healed":0,"gold_gain":0,"player_choice":"Simplicity","damage_taken":0,"max_hp_gain":0,"max_hp_loss":0,"event_name":"Back to Basics","floor":27,"gold_loss":0,"cards_upgraded":["Strike_B","Defend_B","Defend_B","Defend_B","Defend_B"]},{"damage_healed":0,"gold_gain":0,"player_choice":"Cursed","damage_taken":0,"max_hp_gain":0,"max_hp_loss":0,"event_name":"Wheel of Change","floor":37,"gold_loss":0,"cards_obtained":["Decay"]}],"is_beta":false,"boss_relics":[{"not_picked":["Eternal Feather","Velvet Choker"],"picked":"Orrery"},{"not_picked":["Philosopher\u0027s Stone","Fusion Hammer"],"picked":"Nuclear Battery"}],"items_purged_floors":[25],"is_endless":false,"potions_floor_spawned":[1,2,11,24,28,31,36,38],"killed_by":"Reptomancer","ascension_level":0}