{"gold_per_floor":[114,129,129,129,79,79,97,97,97,111,151,165,184,184,184,310,310,325,341,356,90,90,90,121,121,178,178,202,202],"floor_reached":29,"playtime":676,"items_purged":[],"score":306,"play_id":"03b6c23a-82a3-43e3-8c33-63ff5f099889","local_time":"20190510132935","is_ascension_mode":true,"campfire_choices":[{"floor":6,"key":"REST"},{"data":"Loop","floor":8,"key":"SMITH"},{"floor":15,"key":"REST"},{"floor":23,"key":"REST"},{"floor":27,"key":"REST"}],"neow_cost":"NONE","seed_source_timestamp":2139658877673109,"circlet_count":0,"master_deck":["Strike_B","Strike_B","Defend_B","Defend_B","Defend_B","Defend_B","Zap","Dualcast","Loop+1","Sweeping Beam","Ball Lightning","Doom and Gloom","Hologram","Coolheaded","Redo","Compile Driver","Electrodynamics","Consume+1","Fusion","Defragment","Defragment+1","Decay","Stack+1"],"relics":["Cracked Core","Golden Idol","Symbiotic Virus","Dead Branch","Fusion Hammer","Runic Capacitor","MutagenicStrength","Pen Nib","Tiny Chest"],"potions_floor_usage":[18,24,24,24],"damage_taken":[{"damage":8,"enemies":"2 Louse","floor":1,"turns":2},{"damage":5,"enemies":"Small Slimes","floor":2,"turns":4},{"damage":0,"enemies":"Cultist","floor":7,"turns":2},{"damage":11,"enemies":"Looter","floor":10,"turns":4},{"damage":16,"enemies":"Gremlin Nob","floor":11,"turns":3},{"damage":25,"enemies":"Exordium Thugs","floor":12,"turns":4},{"damage":0,"enemies":"Large Slime","floor":13,"turns":2},{"damage":16,"enemies":"The Guardian","floor":16,"turns":7},{"damage":1,"enemies":"3 Byrds","floor":18,"turns":2},{"damage":29,"enemies":"2 Thieves","floor":19,"turns":4},{"damage":2,"enemies":"Snecko","floor":20,"turns":3},{"damage":63,"enemies":"Slavers","floor":24,"turns":4},{"damage":12,"enemies":"Cultist and Chosen","floor":28,"turns":3},{"damage":20,"enemies":"Snake Plant","floor":29,"turns":2}],"seed_played":"7288296002657993256","potions_obtained":[{"floor":1,"key":"Fruit Juice"},{"floor":10,"key":"Energy Potion"},{"floor":13,"key":"Dexterity Potion"},{"floor":18,"key":"Fire Potion"}],"is_trial":false,"path_per_floor":["M","M","?","?","?","R","M","R","T","M","E","M","M","?","R","B",null,"M","M","M","$","?","R","E","?","T","R","M","M"],"character_chosen":"DEFECT","items_purchased":["Defragment","Runic Capacitor"],"campfire_rested":4,"item_purchase_floors":[21,21],"current_hp_per_floor":[67,62,67,47,47,71,71,71,71,60,44,19,19,19,43,27,67,71,42,40,40,40,65,2,2,2,27,15,0],"gold":202,"neow_bonus":"THREE_CARDS","is_prod":false,"is_daily":false,"chose_seed":false,"campfire_upgraded":1,"win_rate":0,"timestamp":1557451775,"path_taken":["M","M","?","?","?","R","M","R","T","M","E","M","M","?","R","BOSS","M","?","M","$","?","R","E","?","T","R","?","M"],"build_version":"2019-01-23","purchased_purges":0,"victory":false,"max_hp_per_floor":[75,75,80,80,80,80,80,80,80,80,80,80,80,80,80,80,80,85,85,85,85,85,85,85,85,85,85,85,85],"card_choices":[{"not_picked":["Steam","Scrape"],"picked":"Loop","floor":0},{"not_picked":["BootSequence","Redo"],"picked":"Sweeping Beam","floor":1},{"not_picked":["Sweeping Beam","Compile Driver"],"picked":"Ball Lightning","floor":2},{"not_picked":["Cold Snap","Rebound"],"picked":"Doom and Gloom","floor":7},{"not_picked":["Barrage","Blizzard"],"picked":"Hologram","floor":10},{"not_picked":["Rebound","Undo"],"picked":"Coolheaded","floor":11},{"not_picked":["Recycle","Rebound"],"picked":"Redo","floor":12},{"not_picked":["Go for the Eyes","Stack"],"picked":"Compile Driver","floor":13},{"not_picked":["Thunder Strike","Meteor Strike"],"picked":"Electrodynamics","floor":16},{"not_picked":["Force Field+1","Sweeping Beam"],"picked":"Consume+1","floor":18},{"not_picked":["Cold Snap","Stack"],"picked":"Fusion","floor":19},{"not_picked":["Barrage","Beam Cell","Rebound"],"picked":"SKIP","floor":20},{"not_picked":["Buffer","Hyperbeam"],"picked":"Defragment+1","floor":24},{"not_picked":["Rip and Tear","Ball Lightning"],"picked":"Stack+1","floor":28}],"player_experience":221194,"relics_obtained":[{"floor":9,"key":"Symbiotic Virus"},{"floor":11,"key":"Dead Branch"},{"floor":24,"key":"Pen Nib"},{"floor":26,"key":"Tiny Chest"}],"event_choices":[{"damage_healed":0,"gold_gain":0,"player_choice":"Donut","damage_taken":0,"max_hp_gain":5,"max_hp_loss":0,"event_name":"Big Fish","floor":3,"gold_loss":0},{"damage_healed":0,"gold_gain":0,"player_choice":"Take Damage","damage_taken":20,"relics_obtained":["Golden Idol"],"max_hp_gain":0,"max_hp_loss":0,"event_name":"Golden Idol","floor":4,"gold_loss":0},{"cards_removed":["Strike_B"],"damage_healed":0,"gold_gain":0,"player_choice":"Card Removal","damage_taken":0,"max_hp_gain":0,"max_hp_loss":0,"event_name":"The Cleric","floor":5,"gold_loss":50},{"cards_removed":["Strike_B"],"damage_healed":0,"gold_gain":0,"player_choice":"Purged","damage_taken":0,"max_hp_gain":0,"max_hp_loss":0,"event_name":"Purifier","floor":14,"gold_loss":0},{"damage_healed":0,"gold_gain":0,"player_choice":"Inject Mutagens","damage_taken":0,"relics_obtained":["MutagenicStrength"],"max_hp_gain":0,"max_hp_loss":0,"event_name":"Drug Dealer","floor":22,"gold_loss":0},{"damage_healed":0,"gold_gain":0,"player_choice":"Cursed","damage_taken":0,"max_hp_gain":0,"max_hp_loss":0,"event_name":"Wheel of Change","floor":25,"gold_loss":0,"cards_obtained":["Decay"]}],"is_beta":false,"boss_relics":[{"not_picked":["Busted Crown","Runic Pyramid"],"picked":"Fusion Hammer"}],"items_purged_floors":[],"is_endless":false,"potions_floor_spawned":[1,10,13,16,18],"killed_by":"Snake Plant","ascension_level":5}