{"gold_per_floor":[111,77,77,41,55,68,68,128,128,128,154,174,190,221,221,221],"floor_reached":16,"playtime":566,"items_purged":[],"score":132,"play_id":"6ac13400-b156-44d3-aed2-4dde884e20e0","local_time":"20190506202039","is_ascension_mode":true,"campfire_choices":[{"data":"Zap","floor":7,"key":"SMITH"},{"data":"Glacier","floor":10,"key":"SMITH"},{"data":"Streamline","floor":15,"key":"SMITH"}],"neow_cost":"NONE","seed_source_timestamp":1818823840280609,"circlet_count":0,"master_deck":["Strike_B","Strike_B","Strike_B","Strike_B","Defend_B","Defend_B","Defend_B+1","Defend_B","Zap+1","Dualcast","Storm","Heatsinks+1","Glacier+1","Streamline+1","Leap","Gash+1","Leap","Sweeping Beam+1","Conserve Battery"],"relics":["Coffee Dripper","Molten Egg 2","Bag of Preparation","Bottled Tornado"],"potions_floor_usage":[13,14,16],"damage_taken":[{"damage":0,"enemies":"Cultist","floor":1,"turns":4},{"damage":1,"enemies":"Small Slimes","floor":5,"turns":4},{"damage":4,"enemies":"Jaw Worm","floor":6,"turns":3},{"damage":20,"enemies":"Lagavulin","floor":11,"turns":6},{"damage":10,"enemies":"Gremlin Gang","floor":12,"turns":5},{"damage":0,"enemies":"3 Louse","floor":13,"turns":2},{"damage":7,"enemies":"3 Sentries","floor":14,"turns":7},{"damage":19,"enemies":"Hexaghost","floor":16,"turns":13}],"seed_played":"9188792322987870907","potions_obtained":[{"floor":1,"key":"Explosive Potion"},{"floor":5,"key":"Weak Potion"},{"floor":6,"key":"Fire Potion"}],"is_trial":false,"path_per_floor":["M","$","?","$","M","M","R","?","T","R","E","M","M","E","R","B"],"character_chosen":"DEFECT","items_purchased":["Heatsinks","Glacier"],"campfire_rested":0,"item_purchase_floors":[2,4],"current_hp_per_floor":[75,75,60,60,59,55,55,55,55,55,35,25,25,18,18,0],"gold":221,"neow_bonus":"BOSS_RELIC","is_prod":false,"is_daily":false,"chose_seed":false,"campfire_upgraded":3,"win_rate":0,"timestamp":1557130839,"path_taken":["M","?","?","$","M","M","R","?","T","R","E","M","M","E","R","BOSS"],"build_version":"2019-01-23","purchased_purges":0,"victory":false,"max_hp_per_floor":[75,75,75,75,75,75,75,75,75,75,75,75,75,75,75,75],"card_choices":[{"not_picked":["Auto Shields","Turbo"],"picked":"Storm","floor":1},{"not_picked":["Gash","Melter"],"picked":"Streamline","floor":5},{"not_picked":["Hologram","Consume"],"picked":"Leap","floor":6},{"not_picked":["Rainbow","Redo"],"picked":"Gash+1","floor":11},{"not_picked":["Stack","Turbo"],"picked":"Leap","floor":12},{"not_picked":["Steam Power","Stack"],"picked":"Sweeping Beam+1","floor":13},{"not_picked":["Meteor Strike+1","Undo"],"picked":"Conserve Battery","floor":14}],"player_experience":195488,"relics_obtained":[{"floor":9,"key":"Molten Egg 2"},{"floor":11,"key":"Bag of Preparation"},{"floor":14,"key":"Bottled Tornado"}],"event_choices":[{"damage_healed":0,"gold_gain":0,"player_choice":"Entered Light","damage_taken":15,"max_hp_gain":0,"max_hp_loss":0,"event_name":"Shining Light","floor":3,"gold_loss":0,"cards_upgraded":["Heatsinks","Defend_B"]},{"damage_healed":0,"gold_gain":60,"player_choice":"Gained Gold","damage_taken":0,"max_hp_gain":0,"max_hp_loss":0,"event_name":"Golden Wing","floor":8,"gold_loss":0}],"is_beta":false,"boss_relics":[],"items_purged_floors":[],"is_endless":false,"potions_floor_spawned":[1,5,6,11],"killed_by":"Hexaghost","ascension_level":4}