{"gold_per_floor":[112,129,129,304,321,332,332,110,110,110,128,93,93,128,128,232,232,251,56,71,71,89,89,89],"floor_reached":24,"playtime":1049,"items_purged":["Strike_B","Doubt"],"score":225,"play_id":"57d58a0e-3b8e-41ee-9419-d07266142ebd","local_time":"20190502115741","is_ascension_mode":true,"campfire_choices":[{"floor":7,"key":"REST"},{"data":"Capacitor","floor":10,"key":"SMITH"},{"floor":13,"key":"REST"},{"data":"Go for the Eyes","floor":15,"key":"SMITH"},{"floor":23,"key":"REST"}],"neow_cost":"NONE","seed_source_timestamp":1442565339725903,"circlet_count":0,"master_deck":["Strike_B","Strike_B+1","Strike_B+1","Defend_B","Defend_B","Defend_B","Defend_B","Zap","Dualcast","Go for the Eyes+1","Streamline","Capacitor+1","Ball Lightning","Sweeping Beam","Ball Lightning","Leap","Skim","Conserve Battery","Turbo","Amplify","Chaos","Bandage Up","Leap+1","Glacier+1"],"relics":["Oddly Smooth Stone","Incense Burner","Cursed Key","Nloth\u0027s Gift"],"potions_floor_usage":[14,16,24],"damage_taken":[{"damage":3,"enemies":"2 Louse","floor":1,"turns":3},{"damage":5,"enemies":"Small Slimes","floor":2,"turns":3},{"damage":4,"enemies":"Jaw Worm","floor":5,"turns":4},{"damage":11,"enemies":"Looter","floor":6,"turns":2},{"damage":30,"enemies":"Gremlin Gang","floor":11,"turns":4},{"damage":27,"enemies":"Lagavulin","floor":14,"turns":6},{"damage":36,"enemies":"Hexaghost","floor":16,"turns":11},{"damage":26,"enemies":"Shell Parasite","floor":18,"turns":7},{"damage":16,"enemies":"Chosen","floor":20,"turns":5},{"damage":31,"enemies":"Sentry and Sphere","floor":22,"turns":7},{"damage":49,"enemies":"Gremlin Leader","floor":24,"turns":7}],"seed_played":"7692681151149874331","potions_obtained":[{"floor":5,"key":"Fruit Juice"},{"floor":6,"key":"Block Potion"},{"floor":11,"key":"Weak Potion"},{"floor":14,"key":"Dexterity Potion"}],"is_trial":false,"path_per_floor":["M","M","?","?","M","M","R","$","T","R","M","?","R","E","R","B",null,"M","$","M","?","M","R","E"],"character_chosen":"DEFECT","items_purchased":["Oddly Smooth Stone","Bandage Up"],"campfire_rested":3,"item_purchase_floors":[8,19],"current_hp_per_floor":[72,67,52,52,48,37,59,59,59,59,29,47,69,47,47,11,80,54,54,42,42,15,39,0],"gold":89,"neow_bonus":"BOSS_RELIC","is_prod":false,"is_daily":false,"chose_seed":false,"campfire_upgraded":2,"win_rate":0,"timestamp":1556755061,"path_taken":["M","M","?","?","M","M","R","$","T","R","?","?","R","E","R","BOSS","M","$","M","?","?","R","E"],"build_version":"2019-01-23","purchased_purges":2,"victory":false,"max_hp_per_floor":[75,75,75,75,75,75,75,75,75,75,75,75,75,80,80,80,80,80,80,80,80,80,80,80],"card_choices":[{"not_picked":["Blizzard","Ball Lightning"],"picked":"Go for the Eyes","floor":0},{"not_picked":["Coolheaded","Gash"],"picked":"Streamline","floor":0},{"not_picked":["Double Energy","Turbo"],"picked":"Capacitor","floor":0},{"not_picked":["White Noise","Coolheaded"],"picked":"Ball Lightning","floor":0},{"not_picked":["Rip and Tear","Barrage"],"picked":"Sweeping Beam","floor":0},{"not_picked":["Gash","Force Field"],"picked":"Ball Lightning","floor":1},{"not_picked":["Biased Cognition","Scrape"],"picked":"Leap","floor":2},{"not_picked":["Hologram","Leap"],"picked":"Skim","floor":5},{"not_picked":["Gash","Reinforced Body"],"picked":"Conserve Battery","floor":6},{"not_picked":["Sweeping Beam","Streamline"],"picked":"Turbo","floor":11},{"not_picked":["Reinforced Body","Turbo","Auto Shields"],"picked":"SKIP","floor":14},{"not_picked":["Biased Cognition","Reboot"],"picked":"Amplify","floor":16},{"not_picked":["Aggregate","Scrape"],"picked":"Chaos","floor":18},{"not_picked":["Coolheaded","Rebound"],"picked":"Leap+1","floor":20},{"not_picked":["Redo","Rebound"],"picked":"Glacier+1","floor":22}],"player_experience":148650,"relics_obtained":[{"floor":14,"key":"Incense Burner"}],"event_choices":[{"damage_healed":0,"gold_gain":0,"player_choice":"Entered Light","damage_taken":15,"max_hp_gain":0,"max_hp_loss":0,"event_name":"Shining Light","floor":3,"gold_loss":0,"cards_upgraded":["Strike_B","Strike_B"]},{"damage_healed":0,"gold_gain":175,"player_choice":"AGREE","damage_taken":0,"max_hp_gain":0,"max_hp_loss":0,"event_name":"Liars Game","floor":4,"gold_loss":0,"cards_obtained":["Doubt"]},{"damage_healed":18,"gold_gain":0,"player_choice":"Healed","damage_taken":0,"max_hp_gain":0,"max_hp_loss":0,"event_name":"The Cleric","floor":12,"gold_loss":35},{"damage_healed":0,"gold_gain":0,"player_choice":"Traded Relic","damage_taken":0,"relics_obtained":["Nloth\u0027s Gift"],"max_hp_gain":0,"max_hp_loss":0,"event_name":"N\u0027loth","floor":21,"relics_lost":["Orrery"],"gold_loss":0}],"is_beta":false,"boss_relics":[{"not_picked":["Black Star","Runic Pyramid"],"picked":"Cursed Key"}],"items_purged_floors":[8,19],"is_endless":false,"potions_floor_spawned":[5,6,11,14],"killed_by":"Gremlin Leader","ascension_level":3}