{"gold_per_floor":[217,217,228,129,139,166,166,166,219,294,349,368,368,380,380,380],"floor_reached":16,"playtime":644,"items_purged":[],"score":115,"play_id":"c3bd749a-47ec-44fa-93a9-aa500ed4c573","local_time":"20190428234500","is_ascension_mode":true,"campfire_choices":[{"floor":7,"key":"REST"},{"floor":13,"key":"REST"},{"data":"Footwork","floor":15,"key":"SMITH"}],"neow_cost":"NONE","seed_source_timestamp":1139818620191110,"circlet_count":0,"master_deck":["Defend_G","Defend_G","Defend_G","Defend_G","Defend_G","Strike_G","Strike_G","Strike_G","Strike_G","Strike_G","Survivor","Neutralize+1","Cloak And Dagger","Dagger Spray","Footwork+1","Deflect","Deflect","Malaise","Prepared","Dodge and Roll"],"relics":["Ring of the Snake","Incense Burner","Happy Flower","Smiling Mask"],"potions_floor_usage":[16,16],"damage_taken":[{"damage":14,"enemies":"Jaw Worm","floor":1,"turns":7},{"damage":0,"enemies":"2 Louse","floor":3,"turns":2},{"damage":0,"enemies":"Cultist","floor":5,"turns":5},{"damage":35,"enemies":"Lagavulin","floor":6,"turns":14},{"damage":6,"enemies":"Red Slaver","floor":12,"turns":7},{"damage":3,"enemies":"Large Slime","floor":14,"turns":8},{"damage":60,"enemies":"Hexaghost","floor":16,"turns":23}],"seed_played":"6051989151658522153","potions_obtained":[{"floor":1,"key":"Regen Potion"},{"floor":3,"key":"Swift Potion"}],"is_trial":false,"path_per_floor":["M","?","M","$","M","E","R","T","T","?","T","M","R","M","R","B"],"character_chosen":"THE_SILENT","items_purchased":["Footwork","Deflect"],"campfire_rested":2,"item_purchase_floors":[4,4],"current_hp_per_floor":[56,56,56,56,56,21,42,42,42,31,31,25,46,43,43,0],"gold":380,"neow_bonus":"HUNDRED_GOLD","is_prod":false,"is_daily":false,"chose_seed":false,"campfire_upgraded":1,"win_rate":0,"timestamp":1556451900,"path_taken":["M","?","M","$","M","E","R","?","T","?","?","M","R","?","R","BOSS"],"build_version":"2019-01-23","purchased_purges":0,"victory":false,"max_hp_per_floor":[70,70,70,70,70,70,70,70,70,70,70,70,70,70,70,70],"card_choices":[{"not_picked":["Backstab","Blade Dance"],"picked":"Cloak And Dagger","floor":1},{"not_picked":["Endless Agony","Cloak And Dagger"],"picked":"Dagger Spray","floor":3},{"not_picked":["Dagger Spray","Choke"],"picked":"Deflect","floor":5},{"not_picked":["Sucker Punch","Cloak And Dagger"],"picked":"Malaise","floor":6},{"not_picked":["Cloak And Dagger","Sucker Punch"],"picked":"Prepared","floor":12},{"not_picked":["Masterful Stab","Accuracy"],"picked":"Dodge and Roll","floor":14}],"player_experience":119002,"relics_obtained":[{"floor":6,"key":"Incense Burner"},{"floor":9,"key":"Happy Flower"},{"floor":11,"key":"Smiling Mask"}],"event_choices":[{"damage_healed":0,"gold_gain":0,"player_choice":"Grow","damage_taken":0,"max_hp_gain":0,"max_hp_loss":0,"event_name":"Living Wall","floor":2,"gold_loss":0,"cards_upgraded":["Neutralize"]},{"damage_healed":0,"gold_gain":75,"player_choice":"Gather Gold","damage_taken":11,"max_hp_gain":0,"max_hp_loss":0,"event_name":"World of Goop","floor":10,"gold_loss":0}],"is_beta":false,"boss_relics":[],"items_purged_floors":[],"is_endless":false,"potions_floor_spawned":[1,3],"killed_by":"Hexaghost","ascension_level":3}