{"gold_per_floor":[163,173,173,138,148,148,80,111,111,31,42,42,62,62,62,163,163,174,17,17,30,30,30,59,59,113,126,137,147,167,69,69,69],"floor_reached":33,"playtime":965,"items_purged":[],"score":385,"play_id":"bec73ff6-f31f-423b-9118-1ba90e3d9b87","local_time":"20190506213050","is_ascension_mode":true,"campfire_choices":[{"data":"Dagger Spray","floor":6,"key":"SMITH"},{"data":"Noxious Fumes","floor":12,"key":"SMITH"},{"data":"Neutralize","floor":15,"key":"SMITH"},{"floor":23,"key":"REST"},{"floor":25,"key":"REST"},{"floor":32,"key":"REST"}],"neow_cost":"NONE","seed_source_timestamp":1822636194464790,"circlet_count":0,"master_deck":["Defend_G","Defend_G","Defend_G","Defend_G","Defend_G","Strike_G","Strike_G+1","Strike_G","Strike_G","Survivor","Neutralize+1","Caltrops","Dagger Spray+1","Backflip","Heel Hook","Dagger Spray","Noxious Fumes+1","Crippling Poison","Caltrops","Blur","Acrobatics","Venomology","Bouncing Flask","Backstab+1","Corpse Explosion","Backstab+1","Prepared+1","Leg Sweep","Slice+1","Bandage Up"],"relics":["Tiny House","Shuriken","Molten Egg 2","Lizard Tail","Strawberry","StoneCalendar"],"potions_floor_usage":[8,8,16,24,30,33],"damage_taken":[{"damage":7,"enemies":"Jaw Worm","floor":1,"turns":4},{"damage":5,"enemies":"Small Slimes","floor":2,"turns":4},{"damage":0,"enemies":"Cultist","floor":5,"turns":3},{"damage":24,"enemies":"Gremlin Nob","floor":8,"turns":4},{"damage":9,"enemies":"Exordium Wildlife","floor":11,"turns":2},{"damage":10,"enemies":"Gremlin Gang","floor":13,"turns":4},{"damage":13,"enemies":"The Guardian","floor":16,"turns":10},{"damage":11,"enemies":"Chosen","floor":18,"turns":7},{"damage":2,"enemies":"3 Byrds","floor":21,"turns":4},{"damage":86,"enemies":"Gremlin Leader","floor":24,"turns":9},{"damage":6,"enemies":"Snake Plant","floor":27,"turns":4},{"damage":17,"enemies":"Cultist and Chosen","floor":28,"turns":5},{"damage":10,"enemies":"3 Cultists","floor":29,"turns":3},{"damage":20,"enemies":"Snecko","floor":30,"turns":6},{"damage":66,"enemies":"Collector","floor":33,"turns":6}],"seed_played":"-8840015705970554540","potions_obtained":[{"floor":0,"key":"Poison Potion"},{"floor":1,"key":"Poison Potion"},{"floor":13,"key":"FearPotion"},{"floor":21,"key":"SpeedPotion"},{"floor":22,"key":"FairyPotion"},{"floor":24,"key":"Poison Potion"},{"floor":27,"key":"Block Potion"}],"is_trial":false,"path_per_floor":["M","M","?","?","M","R","$","E","T","$","M","R","M","$","R","B",null,"M","$","?","M","?","R","E","R","T","M","M","M","M","$","R","B"],"character_chosen":"THE_SILENT","items_purchased":["Noxious Fumes","Caltrops","Strawberry","Bandage Up"],"campfire_rested":3,"item_purchase_floors":[7,10,19,31],"current_hp_per_floor":[61,56,56,74,74,74,74,50,50,50,41,41,31,31,31,18,61,50,57,41,39,39,65,33,59,59,53,36,26,6,6,32,0],"gold":69,"neow_bonus":"BOSS_RELIC","is_prod":false,"is_daily":false,"chose_seed":false,"campfire_upgraded":3,"win_rate":0,"timestamp":1557135050,"path_taken":["M","M","?","?","M","R","$","E","T","$","M","R","M","$","R","BOSS","M","$","?","M","?","R","E","R","T","M","M","?","M","$","R","BOSS"],"build_version":"2019-01-23","purchased_purges":0,"victory":false,"max_hp_per_floor":[75,75,75,75,75,75,75,75,75,75,75,75,75,75,75,75,75,75,82,87,87,87,87,87,87,87,87,87,87,87,87,87,87],"card_choices":[{"not_picked":["Skewer","Outmaneuver"],"picked":"Caltrops","floor":0},{"not_picked":["Dodge and Roll","Dagger Throw"],"picked":"Dagger Spray","floor":1},{"not_picked":["Poisoned Stab","Flying Knee"],"picked":"Backflip","floor":2},{"not_picked":["Grand Finale","Outmaneuver"],"picked":"Dagger Spray","floor":5},{"not_picked":["Riddle With Holes","Expertise"],"picked":"Crippling Poison","floor":8},{"not_picked":["Dagger Throw+1","Heel Hook+1"],"picked":"Blur","floor":11},{"not_picked":["Dagger Spray+1","Predator+1"],"picked":"Acrobatics","floor":13},{"not_picked":["Unload+1","Glass Knife+1"],"picked":"Venomology","floor":16},{"not_picked":["PiercingWail","Calculated Gamble"],"picked":"Bouncing Flask","floor":18},{"not_picked":["Flying Knee+1","Concentrate"],"picked":"Backstab+1","floor":21},{"not_picked":["Choke+1","Blur"],"picked":"Corpse Explosion","floor":24},{"not_picked":["Cloak And Dagger","Blade Dance"],"picked":"Backstab+1","floor":27},{"not_picked":["Finisher+1","Eviscerate+1"],"picked":"Prepared+1","floor":28},{"not_picked":["Terror+1","Prepared"],"picked":"Leg Sweep","floor":29},{"not_picked":["Choke+1","Finisher+1"],"picked":"Slice+1","floor":30}],"player_experience":199038,"relics_obtained":[{"floor":8,"key":"Shuriken"},{"floor":9,"key":"Molten Egg 2"},{"floor":24,"key":"StoneCalendar"}],"event_choices":[{"damage_healed":0,"gold_gain":0,"cards_transformed":["Strike_G"],"player_choice":"Change","damage_taken":0,"max_hp_gain":0,"max_hp_loss":0,"event_name":"Living Wall","floor":3,"gold_loss":0,"cards_obtained":["Heel Hook"]},{"damage_healed":18,"gold_gain":0,"player_choice":"Healed","damage_taken":0,"max_hp_gain":0,"max_hp_loss":0,"event_name":"The Cleric","floor":4,"gold_loss":35},{"damage_healed":0,"gold_gain":0,"player_choice":"Shed Blood","damage_taken":21,"max_hp_gain":5,"max_hp_loss":0,"event_name":"Forgotten Altar","floor":20,"gold_loss":0},{"damage_healed":0,"gold_gain":0,"player_choice":"Got Potions","damage_taken":0,"max_hp_gain":0,"max_hp_loss":0,"event_name":"Lab","floor":22,"gold_loss":0}],"is_beta":false,"boss_relics":[{"not_picked":["WristBlade","Busted Crown"],"picked":"Lizard Tail"}],"items_purged_floors":[],"is_endless":false,"potions_floor_spawned":[1,13,21,24,27,29],"killed_by":"Collector","ascension_level":7}