{"gold_per_floor":[113,132,132,132,151,151,182,201,228,228,150,207,218,66,66,166,166,178,178,194,207,219,219,219,238,238,0,0,18,18],"floor_reached":30,"playtime":930,"items_purged":[],"score":360,"play_id":"2cf4c0d5-5eff-48c2-b39f-304ad14181a8","local_time":"20190514164308","is_ascension_mode":true,"campfire_choices":[{"floor":6,"key":"REST"},{"floor":10,"key":"REST"},{"data":"Poisoned Stab","floor":15,"key":"SMITH"},{"floor":23,"key":"REST"},{"floor":28,"key":"REST"}],"neow_cost":"NONE","seed_source_timestamp":2496620508924281,"circlet_count":0,"master_deck":["AscendersBane","Defend_G","Defend_G","Defend_G","Defend_G","Defend_G","Strike_G","Strike_G","Strike_G+1","Strike_G","Survivor","Neutralize+1","PiercingWail+1","Poisoned Stab+1","Dagger Spray","All Out Attack","Leg Sweep","Caltrops","Dagger Spray","Adrenaline","Corpse Explosion","Flying Knee","Dodge and Roll","Cloak And Dagger","Dodge and Roll","Backflip+1","Flying Knee+1","Sucker Punch","Infinite Blades","Poisoned Stab","A Thousand Cuts"],"relics":["Ring of the Snake","Oddly Smooth Stone","Omamori","Orrery","Kunai"],"potions_floor_usage":[16,16,29,29],"damage_taken":[{"damage":5,"enemies":"2 Louse","floor":1,"turns":3},{"damage":4,"enemies":"Small Slimes","floor":2,"turns":4},{"damage":1,"enemies":"Cultist","floor":5,"turns":5},{"damage":45,"enemies":"Lagavulin","floor":7,"turns":8},{"damage":0,"enemies":"3 Louse","floor":8,"turns":3},{"damage":0,"enemies":"Large Slime","floor":13,"turns":4},{"damage":26,"enemies":"Hexaghost","floor":16,"turns":13},{"damage":25,"enemies":"Chosen","floor":18,"turns":8},{"damage":20,"enemies":"2 Thieves","floor":20,"turns":3},{"damage":24,"enemies":"Snake Plant","floor":21,"turns":5},{"damage":27,"enemies":"Chosen and Byrds","floor":22,"turns":7},{"damage":22,"enemies":"Cultist and Chosen","floor":25,"turns":8},{"damage":10,"enemies":"Sentry and Sphere","floor":29,"turns":4},{"damage":28,"enemies":"3 Cultists","floor":30,"turns":3}],"seed_played":"3958725704479149851","potions_obtained":[{"floor":2,"key":"GamblersBrew"},{"floor":7,"key":"SpeedPotion"},{"floor":16,"key":"Block Potion"},{"floor":20,"key":"Poison Potion"}],"is_trial":false,"path_per_floor":["M","M","?","?","M","R","E","M","T","R","$","?","M","$","R","B",null,"M","?","M","M","M","R","T","M","T","?","R","M","M"],"character_chosen":"THE_SILENT","items_purchased":["Caltrops","Adrenaline"],"campfire_rested":4,"item_purchase_floors":[11,14],"current_hp_per_floor":[58,54,40,40,39,60,15,15,15,36,36,36,36,36,36,10,55,30,80,60,36,9,33,33,11,11,11,35,25,0],"gold":18,"neow_bonus":"UPGRADE_CARD","is_prod":false,"is_daily":false,"chose_seed":false,"campfire_upgraded":1,"win_rate":0,"timestamp":1557808988,"path_taken":["M","M","?","?","?","R","E","M","T","R","$","?","M","$","R","BOSS","M","?","?","M","M","R","?","M","T","?","R","M","M"],"build_version":"2019-01-23","purchased_purges":0,"victory":false,"max_hp_per_floor":[70,70,70,70,70,70,70,70,70,70,70,70,70,70,70,70,70,70,80,80,80,80,80,80,80,80,80,80,80,80],"card_choices":[{"not_picked":["Quick Slash","Sucker Punch"],"picked":"PiercingWail","floor":1},{"not_picked":["Dagger Spray","Quick Slash"],"picked":"Poisoned Stab","floor":2},{"not_picked":["Dagger Throw","Bane"],"picked":"Dagger Spray","floor":5},{"not_picked":["Sucker Punch","Skewer"],"picked":"All Out Attack","floor":7},{"not_picked":["Terror","Poisoned Stab"],"picked":"Leg Sweep","floor":8},{"not_picked":["Outmaneuver","Deflect"],"picked":"Dagger Spray","floor":13},{"not_picked":["Phantasmal Killer","Wraith Form v2"],"picked":"Corpse Explosion","floor":16},{"not_picked":["Blade Dance","Skewer"],"picked":"Flying Knee","floor":17},{"not_picked":["Underhanded Strike","Prepared"],"picked":"Dodge and Roll","floor":17},{"not_picked":["Outmaneuver","Backstab"],"picked":"Cloak And Dagger","floor":17},{"not_picked":["Infinite Blades","Finisher"],"picked":"Dodge and Roll","floor":17},{"not_picked":["Acrobatics","Flying Knee"],"picked":"Burst","floor":17},{"not_picked":["PiercingWail","Dodge and Roll+1"],"picked":"Backflip+1","floor":18},{"not_picked":["Outmaneuver","Blade Dance"],"picked":"Flying Knee+1","floor":20},{"not_picked":["Acrobatics","Deflect"],"picked":"Sucker Punch","floor":21},{"not_picked":["Deflect+1","Bane"],"picked":"Infinite Blades","floor":22},{"not_picked":["Endless Agony","Concentrate"],"picked":"Poisoned Stab","floor":25},{"not_picked":["Sucker Punch","Deflect"],"picked":"A Thousand Cuts","floor":29}],"player_experience":248488,"relics_obtained":[{"floor":7,"key":"Oddly Smooth Stone"},{"floor":9,"key":"Omamori"},{"floor":24,"key":"Kunai"}],"event_choices":[{"damage_healed":0,"gold_gain":0,"player_choice":"Entered Light","damage_taken":14,"max_hp_gain":0,"max_hp_loss":0,"event_name":"Shining Light","floor":3,"gold_loss":0,"cards_upgraded":["Strike_G","PiercingWail"]},{"cards_removed":["Strike_G"],"damage_healed":0,"gold_gain":0,"player_choice":"Purged","damage_taken":0,"max_hp_gain":0,"max_hp_loss":0,"event_name":"Purifier","floor":4,"gold_loss":0},{"damage_healed":0,"gold_gain":57,"player_choice":"Gained Gold","damage_taken":0,"max_hp_gain":0,"max_hp_loss":0,"event_name":"Golden Wing","floor":12,"gold_loss":0},{"cards_removed":["Burst"],"damage_healed":40,"gold_gain":0,"player_choice":"Offered Rare","damage_taken":0,"max_hp_gain":10,"max_hp_loss":0,"event_name":"Bonfire Elementals","floor":19,"gold_loss":0},{"damage_healed":0,"gold_gain":0,"player_choice":"Paid Fearfully","damage_taken":0,"max_hp_gain":0,"max_hp_loss":0,"event_name":"Masked Bandits","floor":27,"gold_loss":238}],"is_beta":false,"boss_relics":[{"not_picked":["Snecko Eye","Empty Cage"],"picked":"Orrery"}],"items_purged_floors":[],"is_endless":false,"potions_floor_spawned":[2,7,16,20,21,25],"killed_by":"3 Cultists","ascension_level":11}