{"gold_per_floor":[112,39,51,66,84,84,111,111,189,189,217,217,292,316,316,437,500,518,145,145,0,25,25,49,49,100,100],"floor_reached":27,"playtime":1023,"items_purged":["Zap"],"score":211,"play_id":"6ddf1413-9f30-4736-b817-57c020ede9bc","local_time":"20190424093536","is_ascension_mode":false,"campfire_choices":[{"data":"Defragment","floor":6,"key":"SMITH"},{"data":"Streamline","floor":8,"key":"SMITH"},{"floor":10,"key":"RECALL"},{"floor":15,"key":"REST"},{"data":"Capacitor","floor":23,"key":"SMITH"},{"floor":25,"key":"REST"}],"neow_cost":"NONE","seed_source_timestamp":742873287555552,"circlet_count":0,"master_deck":["Strike_B","Strike_B+1","Strike_B","Strike_B","Defend_B","Defend_B","Defend_B","Defend_B","Dualcast","All For One","Turbo","Defragment+1","Streamline+1","Go for the Eyes","Gash","Coolheaded+1","Cold Snap","Consume+1","Reboot","Gash","FTL","Defragment","Capacitor+1","White Noise","Chill"],"relics":["Cracked Core","Thread and Needle","Odd Mushroom","Golden Idol","Tiny House","Potion Belt","War Paint","Pen Nib"],"potions_floor_usage":[16,16,27,27,27],"damage_taken":[{"damage":1,"enemies":"Cultist","floor":1,"turns":3},{"damage":5,"enemies":"Small Slimes","floor":3,"turns":3},{"damage":2,"enemies":"2 Louse","floor":4,"turns":2},{"damage":6,"enemies":"Large Slime","floor":5,"turns":4},{"damage":8,"enemies":"Gremlin Nob","floor":7,"turns":3},{"damage":0,"enemies":"The Mushroom Lair","floor":11,"turns":4},{"damage":0,"enemies":"Exordium Wildlife","floor":14,"turns":4},{"damage":26,"enemies":"Slime Boss","floor":16,"turns":8},{"damage":0,"enemies":"Chosen","floor":18,"turns":3},{"damage":15,"enemies":"2 Thieves","floor":22,"turns":4},{"damage":6,"enemies":"Snake Plant","floor":24,"turns":6},{"damage":96,"enemies":"Gremlin Leader","floor":27,"turns":10}],"seed_played":"9212281552615332941","potions_obtained":[{"floor":3,"key":"FearPotion"},{"floor":5,"key":"Fire Potion"},{"floor":7,"key":"Explosive Potion"},{"floor":16,"key":"Weak Potion"},{"floor":17,"key":"Poison Potion"},{"floor":24,"key":"Dexterity Potion"}],"is_trial":false,"path_per_floor":["M","$","M","M","M","R","E","R","T","R","?","?","?","M","R","B",null,"M","$","?","$","M","R","M","R","T","E"],"character_chosen":"DEFECT","items_purchased":["Defragment","Defragment","Potion Belt","War Paint","Capacitor"],"campfire_rested":2,"item_purchase_floors":[2,19,19,19,21],"current_hp_per_floor":[74,74,69,67,61,61,53,53,53,53,53,35,24,24,46,20,80,80,80,80,80,65,65,59,80,80,0],"gold":100,"neow_bonus":"ONE_RANDOM_RARE_CARD","is_prod":false,"is_daily":false,"chose_seed":false,"campfire_upgraded":3,"win_rate":0,"timestamp":1556055336,"path_taken":["M","$","?","M","M","R","E","R","T","R","?","?","?","M","R","BOSS","M","$","?","$","M","R","M","R","T","E"],"build_version":"2019-01-23","purchased_purges":1,"victory":false,"max_hp_per_floor":[75,75,75,75,75,75,75,75,75,75,75,75,75,75,75,75,80,80,80,80,80,80,80,80,80,80,80],"card_choices":[{"not_picked":["Compile Driver","Sunder"],"picked":"Turbo","floor":1},{"not_picked":["Conserve Battery","Aggregate"],"picked":"Streamline","floor":3},{"not_picked":["Force Field","Sweeping Beam"],"picked":"Go for the Eyes","floor":4},{"not_picked":["Electrodynamics","Aggregate"],"picked":"Gash","floor":5},{"not_picked":["Go for the Eyes","Sweeping Beam"],"picked":"Coolheaded","floor":7},{"not_picked":["Sunder","Compile Driver"],"picked":"Cold Snap","floor":11},{"not_picked":["Hello World","Undo"],"picked":"Consume","floor":14},{"not_picked":["Multi-Cast","Fission"],"picked":"Reboot","floor":16},{"not_picked":["Conserve Battery","Hello World"],"picked":"Gash","floor":17},{"not_picked":["Heatsinks+1","Hologram"],"picked":"FTL","floor":18},{"not_picked":["Ball Lightning","Redo+1"],"picked":"White Noise","floor":22},{"not_picked":["Ball Lightning","Streamline"],"picked":"Chill","floor":24}],"player_experience":60614,"relics_obtained":[{"floor":7,"key":"Thread and Needle"},{"floor":11,"key":"Odd Mushroom"},{"floor":26,"key":"Pen Nib"}],"event_choices":[{"damage_healed":0,"gold_gain":0,"player_choice":"Fought Mushrooms","damage_taken":0,"max_hp_gain":0,"max_hp_loss":0,"event_name":"Mushrooms","floor":11,"gold_loss":0},{"damage_healed":0,"gold_gain":0,"player_choice":"Take Damage","damage_taken":18,"relics_obtained":["Golden Idol"],"max_hp_gain":0,"max_hp_loss":0,"event_name":"Golden Idol","floor":12,"gold_loss":0},{"damage_healed":0,"gold_gain":75,"player_choice":"Gather Gold","damage_taken":11,"max_hp_gain":0,"max_hp_loss":0,"event_name":"World of Goop","floor":13,"gold_loss":0},{"damage_healed":0,"gold_gain":0,"player_choice":"Ignored","damage_taken":0,"max_hp_gain":0,"max_hp_loss":0,"event_name":"Beggar","floor":20,"gold_loss":0}],"is_beta":false,"boss_relics":[{"not_picked":["Runic Dome","Ectoplasm"],"picked":"Tiny House"}],"items_purged_floors":[21],"is_endless":false,"potions_floor_spawned":[3,5,7,16,24],"killed_by":"Gremlin Leader","ascension_level":0}