{"gold_per_floor":[119,194,213,213,44,44,62,17,85,85,35,45,58,58,58,58],"floor_reached":16,"playtime":1099,"items_purged":["Strike_G"],"score":90,"play_id":"7a62e4a8-cb96-4bbd-a4f4-f9f67bfbdeb2","local_time":"20180706152545","is_ascension_mode":false,"campfire_choices":[{"floor":6,"key":"REST"},{"floor":15,"key":"REST"}],"neow_cost":"NONE","seed_source_timestamp":158157027048877,"circlet_count":0,"master_deck":["Defend_G","Defend_G","Defend_G","Defend_G","Defend_G","Strike_G","Strike_G","Strike_G","Survivor","Neutralize","Escape Plan","Bane","Poisoned Stab","Bane","Crippling Poison","PiercingWail","Backflip","Cloak And Dagger"],"relics":["Ring of the Snake","Girya","Snake Skull","Smiling Mask","Dream Catcher"],"potions_floor_usage":[13],"damage_taken":[{"damage":0,"enemies":"2 Louse","floor":1,"turns":5},{"damage":0,"enemies":"Cultist","floor":3,"turns":5},{"damage":0,"enemies":"Small Slimes","floor":7,"turns":3},{"damage":1,"enemies":"2 Fungi Beasts","floor":12,"turns":2},{"damage":11,"enemies":"Gremlin Gang","floor":13,"turns":5},{"damage":73,"enemies":"Slime Boss","floor":16,"turns":13}],"seed_played":"-4863221475806081621","potions_obtained":[{"floor":3,"key":"Dexterity Potion"}],"is_trial":false,"path_per_floor":["M","?","M","?","$","R","M","$","T","?","$","M","M","T","R"],"character_chosen":"THE_SILENT","items_purchased":["Snake Skull","Bane","PiercingWail"],"campfire_rested":2,"item_purchase_floors":[5,5,8],"current_hp_per_floor":[70,59,59,41,41,62,62,62,62,55,55,54,43,43,64,0],"gold":58,"neow_bonus":"THREE_CARDS","is_prod":false,"is_daily":false,"chose_seed":false,"campfire_upgraded":0,"win_rate":0.0,"timestamp":1530858345,"path_taken":["M","?","M","?","$","R","M","?","T","?","$","?","M","?","R","BOSS"],"build_version":"2018-07-05","purchased_purges":1,"victory":false,"max_hp_per_floor":[70,70,70,70,70,70,70,70,70,70,70,70,70,70,70,70],"card_choices":[{"not_picked":["Deflect","Malaise"],"picked":"Escape Plan","floor":0},{"not_picked":["Reflex","Dash"],"picked":"Bane","floor":1},{"not_picked":["Acrobatics","Backflip"],"picked":"Poisoned Stab","floor":3},{"not_picked":["Finisher","Dodge and Roll"],"picked":"Crippling Poison","floor":7},{"not_picked":["Cloak And Dagger","Reflex"],"picked":"Backflip","floor":12},{"not_picked":["Envenom","Leg Sweep","Sucker Punch"],"picked":"SKIP","floor":13},{"not_picked":["Outmaneuver","PiercingWail"],"picked":"Cloak And Dagger","floor":15}],"player_experience":32833,"relics_obtained":[{"floor":9,"key":"Smiling Mask"},{"floor":14,"key":"Dream Catcher"}],"event_choices":[{"event_name":"World of Goop","player_choice":"Gather Gold","floor":2,"damage_taken":0},{"event_name":"Scrap Ooze","player_choice":"success","floor":4,"damage_taken":18},{"event_name":"Golden Wing","player_choice":"Card Removal","floor":10,"damage_taken":0}],"boss_relics":[],"items_purged_floors":[11],"is_endless":false,"potions_floor_spawned":[3],"killed_by":"Slime Boss","ascension_level":0}