{"gold_per_floor":[20,30,45,62,80,80,80,80,107,107,107,182,182,193,193,295,295,307,307],"floor_reached":19,"playtime":636,"items_purged":[],"score":159,"play_id":"369fac92-9104-481a-bf3a-b4ef128501a5","local_time":"20181209101807","is_ascension_mode":false,"campfire_choices":[{"data":"Zap","floor":6,"key":"SMITH"},{"data":"Dualcast","floor":8,"key":"SMITH"},{"data":"Defragment","floor":11,"key":"SMITH"},{"data":"Glacier","floor":13,"key":"SMITH"},{"data":"Creative AI","floor":15,"key":"SMITH"}],"neow_cost":"NO_GOLD","seed_source_timestamp":2098442489351382,"circlet_count":0,"master_deck":["Zap+1","Dualcast+1","Barrage","Glacier+1","Undo","Self Repair","Defragment+1","Creative AI+1","Biased Cognition","Undo","Glacier","Rip and Tear","Gash","Turbo","Go for the Eyes"],"relics":["Cracked Core","Bag of Marbles","Juzu Bracelet","Pandora\u0027s Box"],"potions_floor_usage":[18],"damage_taken":[{"damage":0,"enemies":"Cultist","floor":1,"turns":3},{"damage":0,"enemies":"2 Louse","floor":2,"turns":2},{"damage":3,"enemies":"Small Slimes","floor":3,"turns":4},{"damage":2,"enemies":"Exordium Wildlife","floor":4,"turns":7},{"damage":1,"enemies":"Looter","floor":5,"turns":3},{"damage":2,"enemies":"2 Fungi Beasts","floor":14,"turns":4},{"damage":24,"enemies":"The Guardian","floor":16,"turns":10},{"damage":0,"enemies":"2 Thieves","floor":18,"turns":4},{"damage":0,"enemies":"Colosseum Slavers","floor":19,"turns":1}],"seed_played":"219030299427465973","potions_obtained":[{"floor":2,"key":"Ancient Potion"},{"floor":3,"key":"GamblersBrew"},{"floor":14,"key":"AttackPotion"}],"is_trial":false,"path_per_floor":["M","M","M","M","M","R","?","R","T","?","R","?","R","M","R","B",null,"M","?"],"character_chosen":"DEFECT","items_purchased":[],"campfire_rested":0,"item_purchase_floors":[],"current_hp_per_floor":[75,75,72,70,75,75,75,75,75,75,75,64,64,69,69,52,75,75,75],"gold":307,"neow_bonus":"REMOVE_TWO","is_prod":false,"is_daily":false,"chose_seed":false,"campfire_upgraded":5,"win_rate":0,"timestamp":1544318287,"path_taken":["M","M","M","?","M","R","?","R","T","?","R","?","R","M","R","BOSS","M","?"],"build_version":"2018-12-06","purchased_purges":0,"victory":false,"max_hp_per_floor":[75,75,75,75,75,75,75,75,75,75,75,75,75,75,75,75,75,75,75],"card_choices":[{"not_picked":["Go for the Eyes","Glacier"],"picked":"Barrage","floor":1},{"not_picked":["Rip and Tear","Force Field"],"picked":"Glacier","floor":2},{"not_picked":["Rebound","Compile Driver"],"picked":"Undo","floor":3},{"not_picked":["Blizzard","Rebound"],"picked":"Self Repair","floor":4},{"not_picked":["Lockon","Cold Snap"],"picked":"Defragment","floor":5},{"not_picked":["Skim","Beam Cell"],"picked":"Creative AI","floor":14},{"not_picked":["Amplify","Meteor Strike"],"picked":"Biased Cognition","floor":16},{"not_picked":["Coolheaded","Gash+1"],"picked":"Go for the Eyes","floor":18}],"player_experience":536587,"relics_obtained":[{"floor":9,"key":"Bag of Marbles"}],"event_choices":[{"cards_removed":["Strike_B"],"damage_healed":0,"gold_gain":0,"player_choice":"Forget","damage_taken":0,"max_hp_gain":0,"max_hp_loss":0,"event_name":"Living Wall","floor":7,"gold_loss":0},{"damage_healed":0,"gold_gain":0,"player_choice":"Gave Potion","damage_taken":0,"relics_obtained":["Juzu Bracelet"],"max_hp_gain":0,"max_hp_loss":0,"event_name":"WeMeetAgain","floor":10,"gold_loss":0},{"damage_healed":0,"gold_gain":75,"player_choice":"Gather Gold","damage_taken":11,"max_hp_gain":0,"max_hp_loss":0,"event_name":"World of Goop","floor":12,"gold_loss":0},{"damage_healed":0,"gold_gain":0,"player_choice":"Fight","damage_taken":0,"max_hp_gain":0,"max_hp_loss":0,"event_name":"Colosseum","floor":19,"gold_loss":0}],"is_beta":false,"boss_relics":[{"not_picked":["Velvet Choker","Nuclear Battery"],"picked":"Pandora\u0027s Box"}],"items_purged_floors":[],"is_endless":false,"potions_floor_spawned":[2,3,14],"killed_by":"Colosseum Slavers","ascension_level":0}