{"gold_per_floor":[111,162,237,249,249,249,284,300,300,320,320,330,350,369,369,369],"floor_reached":16,"playtime":534,"items_purged":[],"score":120,"play_id":"09ab539d-84b8-4aaf-ae91-32167740fec8","local_time":"20190428235405","is_ascension_mode":true,"campfire_choices":[{"data":"Caltrops","floor":6,"key":"SMITH"},{"floor":11,"key":"REST"},{"floor":15,"key":"REST"}],"neow_cost":"NONE","seed_source_timestamp":1140473490309674,"circlet_count":0,"master_deck":["Defend_G","Defend_G","Defend_G","Defend_G","Defend_G","Strike_G+1","Strike_G","Strike_G","Strike_G","Survivor","Neutralize+1","All Out Attack","Caltrops+1","Dodge and Roll","Dagger Spray","Acrobatics","Footwork","Calculated Gamble","Terror","Crippling Poison","PiercingWail","Acrobatics","Well Laid Plans"],"relics":["Ring of the Snake","Prayer Wheel","Whetstone","Shovel"],"potions_floor_usage":[16,16],"damage_taken":[{"damage":0,"enemies":"2 Louse","floor":1,"turns":2},{"damage":0,"enemies":"Jaw Worm","floor":4,"turns":5},{"damage":30,"enemies":"Gremlin Nob","floor":7,"turns":5},{"damage":0,"enemies":"Cultist","floor":8,"turns":4},{"damage":8,"enemies":"Blue Slaver","floor":10,"turns":4},{"damage":14,"enemies":"Exordium Wildlife","floor":12,"turns":3},{"damage":3,"enemies":"Lots of Slimes","floor":13,"turns":2},{"damage":0,"enemies":"3 Louse","floor":14,"turns":2},{"damage":49,"enemies":"Slime Boss","floor":16,"turns":13}],"seed_played":"-5024143773170900461","potions_obtained":[{"floor":10,"key":"Weak Potion"},{"floor":13,"key":"PowerPotion"},{"floor":14,"key":"SmokeBomb"}],"is_trial":false,"path_per_floor":["M","?","?","M","T","R","E","M","T","M","R","M","M","M","R","B"],"character_chosen":"THE_SILENT","items_purchased":[],"campfire_rested":2,"item_purchase_floors":[],"current_hp_per_floor":[70,70,59,59,59,59,29,29,29,21,42,28,25,25,46,0],"gold":369,"neow_bonus":"TRANSFORM_CARD","is_prod":false,"is_daily":false,"chose_seed":false,"campfire_upgraded":1,"win_rate":0,"timestamp":1556452445,"path_taken":["M","?","?","M","?","R","E","M","T","M","R","?","M","M","R","BOSS"],"build_version":"2019-01-23","purchased_purges":0,"victory":false,"max_hp_per_floor":[70,70,70,70,70,70,70,70,70,70,70,70,70,70,70,70],"card_choices":[{"not_picked":["Deadly Poison","Acrobatics"],"picked":"Caltrops","floor":1},{"not_picked":["Dagger Throw","Quick Slash","Setup"],"picked":"SKIP","floor":4},{"not_picked":["Slice","Prepared"],"picked":"Dodge and Roll","floor":7},{"not_picked":["Envenom","All Out Attack"],"picked":"Dagger Spray","floor":8},{"not_picked":["Cloak And Dagger","Outmaneuver"],"picked":"Acrobatics","floor":8},{"not_picked":["Eviscerate","Dodge and Roll"],"picked":"Footwork","floor":10},{"not_picked":["Dash","Dagger Spray"],"picked":"Calculated Gamble","floor":10},{"not_picked":["Skewer","Cloak And Dagger"],"picked":"Terror","floor":12},{"not_picked":["Calculated Gamble","Leg Sweep"],"picked":"Crippling Poison","floor":12},{"not_picked":["Flying Knee","Concentrate"],"picked":"PiercingWail","floor":13},{"not_picked":["Dagger Throw","Dagger Spray"],"picked":"Acrobatics","floor":13},{"not_picked":["Caltrops","Catalyst"],"picked":"Well Laid Plans","floor":14},{"not_picked":["Dagger Throw","Well Laid Plans","Outmaneuver"],"picked":"SKIP","floor":14}],"player_experience":119646,"relics_obtained":[{"floor":5,"key":"Prayer Wheel"},{"floor":7,"key":"Whetstone"},{"floor":9,"key":"Shovel"}],"event_choices":[{"damage_healed":0,"gold_gain":51,"player_choice":"Gained Gold","damage_taken":0,"max_hp_gain":0,"max_hp_loss":0,"event_name":"Golden Wing","floor":2,"gold_loss":0},{"damage_healed":0,"gold_gain":75,"player_choice":"Gather Gold","damage_taken":11,"max_hp_gain":0,"max_hp_loss":0,"event_name":"World of Goop","floor":3,"gold_loss":0}],"is_beta":false,"boss_relics":[],"items_purged_floors":[],"is_endless":false,"potions_floor_spawned":[10,13,14],"killed_by":"Slime Boss","ascension_level":3}