{"gold_per_floor":[115,131,131,150,225,256,256,271,319,329,329,342,359,60,60,160,160,172,172,93,111,111,142,142,168,168,40,40,60,60,78,78,177,227,239,252,271,291,306,306,306,306,306,322,398,398,398,412,412,412,412,412,33,33],"floor_reached":54,"playtime":3538,"items_purged":["Strike_G","Crippling Poison+1"],"score":656,"play_id":"7478a144-fe29-4d21-8818-acaf1969cb6b","local_time":"20190429144431","is_ascension_mode":false,"campfire_choices":[{"floor":7,"key":"REST"},{"floor":11,"key":"REST"},{"floor":15,"key":"REST"},{"floor":24,"key":"REST"},{"floor":28,"key":"REST"},{"floor":30,"key":"REST"},{"floor":32,"key":"REST"},{"floor":40,"key":"REST"},{"floor":42,"key":"REST"},{"floor":46,"key":"REST"},{"floor":49,"key":"RECALL"},{"floor":52,"key":"REST"}],"neow_cost":"NONE","seed_source_timestamp":1190892189187852,"circlet_count":0,"master_deck":["Defend_G+1","Defend_G+1","Strike_G+1","Strike_G+1","Survivor+1","Neutralize+1","Deflect+1","Escape Plan+1","Well Laid Plans+1","Dodge and Roll+1","Bouncing Flask+1","Well Laid Plans+1","Caltrops+1","Venomology+1","Blade Dance+1","Dagger Spray+1","Venomology+1","Prepared+1","Noxious Fumes+1","Bouncing Flask+1","Footwork+1","Backflip+1","Flying Knee+1","Footwork+1","A Thousand Cuts+1","Dagger Spray+1","Calculated Gamble+1","Deflect+1","Noxious Fumes+1","After Image"],"relics":["Ring of the Snake","Pantograph","Oddly Smooth Stone","Orichalcum","Astrolabe","Boot","Dead Branch","Ninja Scroll","Tiny House","Blue Candle","Meat on the Bone","Mark of the Bloom","Frozen Eye"],"potions_floor_usage":[6,6,6,16,21,21,23,23,25,25,31,33,33,33,35,36,37,37,37,38,38,39,39,39,39,44,48,50,50,50,50,50,54],"damage_taken":[{"damage":3,"enemies":"2 Louse","floor":1,"turns":4},{"damage":3,"enemies":"Jaw Worm","floor":2,"turns":8},{"damage":2,"enemies":"Small Slimes","floor":4,"turns":6},{"damage":43,"enemies":"Lagavulin","floor":6,"turns":13},{"damage":5,"enemies":"Exordium Thugs","floor":8,"turns":10},{"damage":0,"enemies":"Exordium Wildlife","floor":10,"turns":4},{"damage":7,"enemies":"Lots of Slimes","floor":12,"turns":5},{"damage":2,"enemies":"2 Fungi Beasts","floor":13,"turns":4},{"damage":66,"enemies":"Slime Boss","floor":16,"turns":17},{"damage":14,"enemies":"3 Byrds","floor":18,"turns":5},{"damage":11,"enemies":"Chosen","floor":21,"turns":5},{"damage":26,"enemies":"Gremlin Leader","floor":23,"turns":8},{"damage":40,"enemies":"Book of Stabbing","floor":25,"turns":6},{"damage":17,"enemies":"Centurion and Healer","floor":29,"turns":6},{"damage":16,"enemies":"Snake Plant","floor":31,"turns":3},{"damage":47,"enemies":"Collector","floor":33,"turns":10},{"damage":12,"enemies":"3 Shapes","floor":35,"turns":4},{"damage":33,"enemies":"3 Darklings","floor":36,"turns":6},{"damage":0,"enemies":"Transient","floor":37,"turns":5},{"damage":2,"enemies":"Jaw Worm Horde","floor":38,"turns":5},{"damage":25,"enemies":"Maw","floor":39,"turns":9},{"damage":10,"enemies":"Transient","floor":44,"turns":5},{"damage":7,"enemies":"Sphere and 2 Shapes","floor":48,"turns":4},{"damage":26,"enemies":"Time Eater","floor":50,"turns":12},{"damage":30,"enemies":"Shield and Spear","floor":54,"turns":2}],"seed_played":"-3395050088516752221","potions_obtained":[{"floor":0,"key":"SteroidPotion"},{"floor":0,"key":"SteroidPotion"},{"floor":0,"key":"Regen Potion"},{"floor":10,"key":"Block Potion"},{"floor":16,"key":"Dexterity Potion"},{"floor":18,"key":"AttackPotion"},{"floor":21,"key":"Dexterity Potion"},{"floor":33,"key":"LiquidBronze"},{"floor":34,"key":"SkillPotion"},{"floor":36,"key":"Dexterity Potion"},{"floor":39,"key":"AttackPotion"}],"is_trial":false,"path_per_floor":["M","M","?","M","?","E","R","M","T","M","R","M","M","$","R","B",null,"M","?","$","M","T","E","R","E","T","$","R","M","R","M","R","B",null,"M","M","M","M","M","R","?","R","T","M","T","R","?","M","R","B",null,"R","$","E"],"character_chosen":"THE_SILENT","items_purchased":["Caltrops","Orichalcum","Noxious Fumes","Footwork","Backflip","After Image","Frozen Eye"],"campfire_rested":11,"item_purchase_floors":[14,14,20,27,27,53,53],"current_hp_per_floor":[67,64,57,55,44,6,27,22,22,22,43,36,34,34,55,4,70,56,56,56,45,45,19,40,15,15,15,36,19,40,24,45,23,75,63,30,30,28,3,25,25,47,47,37,37,59,59,52,52,26,26,26,26,0],"gold":33,"neow_bonus":"THREE_SMALL_POTIONS","is_prod":false,"is_daily":false,"chose_seed":false,"campfire_upgraded":0,"win_rate":0,"timestamp":1556505871,"path_taken":["M","M","?","M","?","E","R","M","T","M","R","M","M","$","R","BOSS","M","?","?","M","?","E","R","E","T","$","R","M","R","?","R","BOSS","M","M","M","M","M","R","?","R","T","M","?","R","?","M","R","BOSS","R","$","E"],"build_version":"2019-01-23","purchased_purges":2,"victory":false,"max_hp_per_floor":[70,70,70,70,70,70,70,70,70,70,70,70,70,70,70,70,70,70,70,70,70,70,70,70,70,70,70,70,70,70,70,70,70,75,75,75,75,75,75,75,75,75,75,75,75,75,75,75,75,75,75,75,75,75],"card_choices":[{"not_picked":["Distraction","Underhanded Strike"],"picked":"Deflect","floor":1},{"not_picked":["Cloak And Dagger","Deflect"],"picked":"Escape Plan","floor":2},{"not_picked":["Dodge and Roll","Flying Knee"],"picked":"Well Laid Plans","floor":4},{"not_picked":["Bane","Heel Hook"],"picked":"Dodge and Roll","floor":6},{"not_picked":["Eviscerate","Sucker Punch"],"picked":"Bouncing Flask","floor":8},{"not_picked":["Eviscerate","All Out Attack","Skewer"],"picked":"SKIP","floor":10},{"not_picked":["Doppelganger","Deflect"],"picked":"Well Laid Plans","floor":12},{"not_picked":["Blade Dance","Underhanded Strike","Bane"],"picked":"SKIP","floor":13},{"not_picked":["Doppelganger","Phantasmal Killer"],"picked":"Venomology","floor":16},{"not_picked":["Underhanded Strike+1","Outmaneuver+1"],"picked":"Prepared+1","floor":18},{"not_picked":["Cloak And Dagger","Prepared"],"picked":"Bouncing Flask","floor":21},{"not_picked":["Quick Slash","All Out Attack","Predator"],"picked":"SKIP","floor":23},{"not_picked":["Venomology","Reflex+1","Dagger Throw"],"picked":"SKIP","floor":25},{"not_picked":["Slice","Quick Slash"],"picked":"Flying Knee","floor":29},{"not_picked":["Concentrate+1","Dodge and Roll"],"picked":"Footwork","floor":31},{"not_picked":["Tools of the Trade","Burst"],"picked":"A Thousand Cuts","floor":33},{"not_picked":["Backstab","Corpse Explosion"],"picked":"Dagger Spray+1","floor":35},{"not_picked":["Slice+1","Bane+1","Outmaneuver"],"picked":"SKIP","floor":36},{"not_picked":["Deflect+1","Concentrate+1"],"picked":"Calculated Gamble","floor":37},{"not_picked":["Backflip+1","Blade Dance+1"],"picked":"Crippling Poison+1","floor":38},{"not_picked":["Prepared+1","Predator+1"],"picked":"Deflect","floor":39},{"not_picked":["Heel Hook+1","Quick Slash"],"picked":"Noxious Fumes+1","floor":44},{"not_picked":["Dagger Throw","Deadly Poison+1","Flying Knee"],"picked":"SKIP","floor":48}],"player_experience":129192,"relics_obtained":[{"floor":6,"key":"Pantograph"},{"floor":9,"key":"Oddly Smooth Stone"},{"floor":23,"key":"Boot"},{"floor":25,"key":"Dead Branch"},{"floor":26,"key":"Ninja Scroll"},{"floor":43,"key":"Blue Candle"},{"floor":45,"key":"Meat on the Bone"}],"event_choices":[{"cards_removed":["Defend_G"],"damage_healed":0,"gold_gain":0,"player_choice":"Card Removal","damage_taken":7,"max_hp_gain":0,"max_hp_loss":0,"event_name":"Golden Wing","floor":3,"gold_loss":0},{"damage_healed":0,"gold_gain":75,"player_choice":"Gather Gold","damage_taken":11,"max_hp_gain":0,"max_hp_loss":0,"event_name":"World of Goop","floor":5,"gold_loss":0},{"cards_removed":["Defend_G"],"damage_healed":0,"gold_gain":0,"player_choice":"Purged","damage_taken":0,"max_hp_gain":0,"max_hp_loss":0,"event_name":"Purifier","floor":19,"gold_loss":0},{"damage_healed":0,"gold_gain":0,"player_choice":"Ignored","damage_taken":0,"max_hp_gain":0,"max_hp_loss":0,"event_name":"Tomb of Lord Red Mask","floor":41,"gold_loss":0},{"damage_healed":0,"gold_gain":0,"player_choice":"Upgrade","damage_taken":0,"relics_obtained":["Mark of the Bloom"],"max_hp_gain":0,"max_hp_loss":0,"event_name":"MindBloom","floor":47,"gold_loss":0,"cards_upgraded":["Defend_G","Defend_G","Strike_G","Strike_G","Survivor","Neutralize","Deflect","Escape Plan","Well Laid Plans","Dodge and Roll","Bouncing Flask","Well Laid Plans","Caltrops","Noxious Fumes","Bouncing Flask","Footwork","Backflip","Flying Knee","Footwork","A Thousand Cuts","Calculated Gamble","Deflect"]}],"is_beta":false,"boss_relics":[{"not_picked":["Eternal Feather","Lizard Tail"],"picked":"Astrolabe"},{"not_picked":["WristBlade","HoveringKite"],"picked":"Tiny House"}],"items_purged_floors":[14,53],"is_endless":false,"potions_floor_spawned":[2,10,16,18,21,33,35,36,39,48],"killed_by":"Shield and Spear","ascension_level":0}