{"gold_per_floor":[110,126,126,126,126,152,168,184,184,204,204,221,287,304,304,304],"floor_reached":16,"playtime":658,"items_purged":[],"score":129,"play_id":"02efac6f-a46a-4964-9780-9fb34994f75a","local_time":"20190515012839","is_ascension_mode":false,"campfire_choices":[{"data":"Dodge and Roll","floor":11,"key":"SMITH"},{"data":"Footwork","floor":15,"key":"SMITH"}],"neow_cost":"NONE","seed_source_timestamp":2528425015062436,"circlet_count":0,"master_deck":["Defend_G","Defend_G","Defend_G+1","Defend_G","Defend_G","Strike_G","Strike_G","Strike_G","Strike_G","Strike_G","Survivor","Neutralize","Footwork+1","Dodge and Roll+1","Bullet Time+1","Prepared+1","Calculated Gamble+1","All Out Attack","Poisoned Stab","Footwork+1"],"relics":["Ring of the Snake","NeowsBlessing","Toxic Egg 2","Kunai"],"potions_floor_usage":[],"damage_taken":[{"damage":0,"enemies":"Cultist","floor":1,"turns":1},{"damage":0,"enemies":"Small Slimes","floor":2,"turns":1},{"damage":0,"enemies":"Lagavulin","floor":6,"turns":1},{"damage":0,"enemies":"Jaw Worm","floor":7,"turns":6},{"damage":5,"enemies":"2 Fungi Beasts","floor":8,"turns":5},{"damage":6,"enemies":"Exordium Wildlife","floor":10,"turns":12},{"damage":3,"enemies":"Blue Slaver","floor":12,"turns":5},{"damage":0,"enemies":"Large Slime","floor":14,"turns":6},{"damage":46,"enemies":"Hexaghost","floor":16,"turns":23}],"seed_played":"-5837085111393243882","potions_obtained":[{"floor":6,"key":"Explosive Potion"},{"floor":10,"key":"Dexterity Potion"},{"floor":12,"key":"Energy Potion"}],"is_trial":false,"path_per_floor":["M","M","T","$","?","E","M","M","T","M","R","M","?","M","R","B"],"character_chosen":"THE_SILENT","items_purchased":[],"campfire_rested":0,"item_purchase_floors":[],"current_hp_per_floor":[70,70,70,70,56,56,56,51,51,45,45,42,42,42,42,0],"gold":304,"neow_bonus":"THREE_ENEMY_KILL","is_prod":false,"is_daily":false,"chose_seed":false,"campfire_upgraded":2,"win_rate":0,"timestamp":1557840519,"path_taken":["M","?","?","$","?","E","M","?","T","M","R","M","?","M","R","BOSS"],"build_version":"2019-01-23","purchased_purges":0,"victory":false,"max_hp_per_floor":[70,70,70,70,70,70,70,70,70,70,70,70,70,70,70,70],"card_choices":[{"not_picked":["Flying Knee","Accuracy"],"picked":"Footwork","floor":1},{"not_picked":["Acrobatics","Bouncing Flask"],"picked":"Dodge and Roll","floor":2},{"not_picked":["Tactician","Slice"],"picked":"Bullet Time","floor":6},{"not_picked":["Underhanded Strike","Backstab"],"picked":"Prepared+1","floor":7},{"not_picked":["Blade Dance+1","Prepared+1"],"picked":"Calculated Gamble+1","floor":8},{"not_picked":["Underhanded Strike","Flying Knee"],"picked":"All Out Attack","floor":10},{"not_picked":["Endless Agony","Accuracy"],"picked":"Poisoned Stab","floor":12},{"not_picked":["Cloak And Dagger+1","Deadly Poison+1"],"picked":"Footwork","floor":14}],"player_experience":255528,"relics_obtained":[{"floor":6,"key":"Toxic Egg 2"},{"floor":9,"key":"Kunai"}],"event_choices":[{"damage_healed":0,"gold_gain":0,"player_choice":"Entered Light","damage_taken":14,"max_hp_gain":0,"max_hp_loss":0,"event_name":"Shining Light","floor":5,"gold_loss":0,"cards_upgraded":["Defend_G","Footwork"]},{"damage_healed":0,"gold_gain":66,"player_choice":"Gained Gold","damage_taken":0,"max_hp_gain":0,"max_hp_loss":0,"event_name":"Golden Wing","floor":13,"gold_loss":0}],"is_beta":false,"boss_relics":[],"items_purged_floors":[],"is_endless":false,"potions_floor_spawned":[6,10,12],"killed_by":"Hexaghost","ascension_level":0}