{"gold_per_floor":[111,3,178,178,178,207,207,232,283,283,316,326,341,371,371,470,470,488,488,514,65,53,53,66,66,93,93,93,119,130,140,140,140],"floor_reached":33,"playtime":1811,"items_purged":[],"score":383,"play_id":"3866e23a-23fc-4aad-86ad-ffeafb57f962","local_time":"20180711225743","is_ascension_mode":true,"campfire_choices":[{"data":"Zap","floor":7,"key":"SMITH"},{"data":"Ball Lightning","floor":10,"key":"SMITH"},{"data":"Creative AI","floor":15,"key":"SMITH"},{"floor":23,"key":"REST"},{"floor":25,"key":"REST"},{"floor":32,"key":"REST"}],"neow_cost":"NONE","seed_source_timestamp":77472248740788,"circlet_count":0,"master_deck":["Defend_B","Defend_B","Defend_B","Defend_B","Zap+1","Dualcast","Barrage","Ball Lightning+1","Leap","Self Repair","BootSequence","Double Energy","Cold Snap","Defragment","Creative AI+1","Conserve Battery","Loop","Loop","BootSequence","Ball Lightning","Biased Cognition","Go for the Eyes","Bite","Bite","Bite","Bite","Bite","Leap","Heatsinks+1","Ball Lightning","Turbo","Beam Cell","Steam+1"],"relics":["Cracked Core","NeowsBlessing","Anchor","Whetstone","Ancient Tea Set","Darkstone Periapt","Dream Catcher","Black Star","Red Mask","Happy Flower","Oddly Smooth Stone","Bag of Preparation","Du-Vu Doll","Prayer Wheel"],"potions_floor_usage":[18,20,30,31,33],"damage_taken":[{"damage":0,"enemies":"Small Slimes","floor":1,"turns":1},{"damage":0,"enemies":"Gremlin Nob","floor":6,"turns":1},{"damage":0,"enemies":"Lagavulin","floor":8,"turns":1},{"damage":6,"enemies":"Gremlin Nob","floor":11,"turns":3},{"damage":0,"enemies":"2 Louse","floor":12,"turns":1},{"damage":0,"enemies":"Cultist","floor":13,"turns":3},{"damage":11,"enemies":"Lagavulin","floor":14,"turns":6},{"damage":39,"enemies":"Slime Boss","floor":16,"turns":9},{"damage":10,"enemies":"Shell Parasite","floor":18,"turns":6},{"damage":57,"floor":20,"turns":7},{"damage":17,"enemies":"2 Thieves","floor":22,"turns":4},{"damage":4,"enemies":"Snake Plant","floor":24,"turns":5},{"damage":26,"enemies":"Book of Stabbing","floor":29,"turns":7},{"damage":23,"enemies":"Snecko","floor":30,"turns":4},{"damage":41,"enemies":"3 Cultists","floor":31,"turns":5},{"damage":55,"enemies":"Champ","floor":33,"turns":8}],"seed_played":"-2497271133347643654","potions_obtained":[{"floor":1,"key":"FearPotion"},{"floor":8,"key":"Block Potion"},{"floor":13,"key":"SteroidPotion"},{"floor":14,"key":"Regen Potion"},{"floor":22,"key":"Dexterity Potion"},{"floor":24,"key":"SkillPotion"},{"floor":30,"key":"FocusPotion"}],"is_trial":false,"path_per_floor":["M","$","?","?","?","E","R","E","T","R","E","M","M","E","R","B",null,"M","?","?","$","M","R","M","R","T","?","?","E","M","M","R"],"character_chosen":"DEFECT","items_purchased":["Ball Lightning","Leap","Loop","Happy Flower","BootSequence","Oddly Smooth Stone"],"campfire_rested":3,"item_purchase_floors":[2,2,21,21,21,21],"current_hp_per_floor":[75,75,75,80,80,80,80,80,80,80,74,74,80,76,76,37,80,77,77,36,36,26,50,46,70,70,56,56,45,37,11,27,0],"gold":140,"neow_bonus":"THREE_ENEMY_KILL","is_prod":false,"is_daily":false,"chose_seed":false,"campfire_upgraded":3,"win_rate":0,"timestamp":1531317463,"path_taken":["M","$","?","?","?","E","R","E","T","R","E","M","?","E","R","BOSS","M","?","?","$","M","R","M","R","T","?","?","E","M","?","R","BOSS"],"build_version":"2018-07-05","purchased_purges":0,"victory":false,"max_hp_per_floor":[75,75,75,80,80,80,80,80,80,80,80,80,80,80,80,80,80,80,80,80,80,80,80,80,80,80,56,56,56,56,56,56,56],"card_choices":[{"not_picked":["Hologram","Sunder"],"picked":"Barrage","floor":1},{"not_picked":["Gash","Cold Snap"],"picked":"Self Repair","floor":6},{"not_picked":["Rebound","Compile Driver"],"picked":"BootSequence","floor":8},{"not_picked":["Force Field","Glacier"],"picked":"Double Energy","floor":11},{"not_picked":["Barrage","Chill"],"picked":"Cold Snap","floor":12},{"not_picked":["Sweeping Beam","Storm"],"picked":"Defragment","floor":13},{"not_picked":["Consume","Recycle"],"picked":"Creative AI","floor":14},{"not_picked":["Blizzard","Auto Shields+1"],"picked":"Conserve Battery","floor":18},{"not_picked":["Streamline","Storm"],"picked":"Loop","floor":20},{"not_picked":["Coolheaded","Cold Snap"],"picked":"Ball Lightning","floor":22},{"not_picked":["Coolheaded+1","Darkness"],"picked":"Biased Cognition","floor":23},{"not_picked":["Streamline","Loop"],"picked":"Go for the Eyes","floor":24},{"not_picked":["Coolheaded","Sunder"],"picked":"Leap","floor":29},{"not_picked":["Gash","Conserve Battery+1"],"picked":"Heatsinks+1","floor":30},{"not_picked":["Redo","All For One"],"picked":"Ball Lightning","floor":30},{"not_picked":["Gash","Barrage"],"picked":"Turbo","floor":31},{"not_picked":["White Noise","Coolheaded"],"picked":"Beam Cell","floor":31},{"not_picked":["Rip and Tear+1","Beam Cell"],"picked":"Steam+1","floor":32}],"player_experience":134213,"relics_obtained":[{"floor":6,"key":"Anchor"},{"floor":8,"key":"Whetstone"},{"floor":9,"key":"Ancient Tea Set"},{"floor":11,"key":"Darkstone Periapt"},{"floor":14,"key":"Dream Catcher"},{"floor":20,"key":"Red Mask"},{"floor":26,"key":"Bag of Preparation"},{"floor":29,"key":"Du-Vu Doll"},{"floor":29,"key":"Prayer Wheel"}],"event_choices":[{"event_name":"Liars Game","player_choice":"agreed","floor":3,"damage_taken":0},{"event_name":"Big Fish","player_choice":"Donut","floor":4,"damage_taken":0},{"event_name":"Fountain of Cleansing","player_choice":"Removed Curse","floor":5,"damage_taken":0},{"event_name":"The Woman in Blue","player_choice":"Bought 0 Potions","floor":19,"damage_taken":0},{"event_name":"Masked Bandits","player_choice":"Fought over 488 gold","floor":20,"damage_taken":0},{"event_name":"Vampires","player_choice":"Became a vampire","floor":27,"damage_taken":0},{"event_name":"Accursed Blacksmith","player_choice":"Ignore","floor":28,"damage_taken":0}],"boss_relics":[{"not_picked":["Calling Bell","Astrolabe"],"picked":"Black Star"}],"items_purged_floors":[],"is_endless":false,"potions_floor_spawned":[1,8,13,14,22,24,30],"killed_by":"Champ","ascension_level":1}