{"gold_per_floor":[112,287,133,150,150,178,178,178,178,190,190,190,205,122,122,122],"floor_reached":16,"playtime":494,"items_purged":["Doubt"],"score":167,"play_id":"563ebd6a-2e7e-4d19-9fbc-bdb56c505036","local_time":"20190517222955","is_ascension_mode":true,"campfire_choices":[{"floor":7,"key":"REST"},{"floor":12,"key":"REST"},{"data":"Well Laid Plans","floor":15,"key":"SMITH"}],"neow_cost":"PERCENT_DAMAGE","seed_source_timestamp":2777068459488271,"circlet_count":0,"master_deck":["AscendersBane","Defend_G","Defend_G","Defend_G","Defend_G","Defend_G","Strike_G","Strike_G+1","Strike_G","Strike_G+1","Strike_G","Survivor","Neutralize","Glass Knife","Flying Knee","Well Laid Plans+1","Blur","Deflect","PiercingWail","Leg Sweep","Bandage Up"],"relics":["Ring of the Snake","Matryoshka","Strawberry","Bag of Preparation"],"potions_floor_usage":[],"damage_taken":[{"damage":0,"enemies":"2 Louse","floor":1,"turns":2},{"damage":3,"enemies":"Jaw Worm","floor":4,"turns":3},{"damage":17,"enemies":"3 Sentries","floor":6,"turns":10},{"damage":0,"enemies":"Small Slimes","floor":10,"turns":2},{"damage":0,"enemies":"3 Louse","floor":13,"turns":3},{"damage":59,"enemies":"Slime Boss","floor":16,"turns":14}],"seed_played":"8606336926375665739","potions_obtained":[{"floor":4,"key":"GamblersBrew"},{"floor":6,"key":"SteroidPotion"}],"is_trial":false,"path_per_floor":["M","?","$","M","?","E","R","?","T","M","?","R","M","$","R","B"],"character_chosen":"THE_SILENT","items_purchased":["Well Laid Plans","Bandage Up"],"campfire_rested":2,"item_purchase_floors":[3,14],"current_hp_per_floor":[44,44,44,41,28,11,30,30,37,37,30,51,51,51,51,0],"gold":122,"neow_bonus":"THREE_RARE_CARDS","is_prod":false,"is_daily":false,"chose_seed":false,"campfire_upgraded":1,"win_rate":0,"timestamp":1558088995,"path_taken":["M","?","$","M","?","E","R","?","T","?","?","R","?","$","R","BOSS"],"build_version":"2019-01-23","purchased_purges":1,"victory":false,"max_hp_per_floor":[66,66,66,66,66,66,66,66,73,73,73,73,73,73,73,73],"card_choices":[{"not_picked":["Tools of the Trade","Adrenaline"],"picked":"Glass Knife","floor":0},{"not_picked":["Dodge and Roll","Slice"],"picked":"Flying Knee","floor":1},{"not_picked":["Blade Dance","Flying Knee"],"picked":"Blur","floor":4},{"not_picked":["Flying Knee","Outmaneuver"],"picked":"Deflect","floor":6},{"not_picked":["Expertise","Poisoned Stab"],"picked":"PiercingWail","floor":10},{"not_picked":["Dagger Throw","Bane"],"picked":"Leg Sweep","floor":13}],"player_experience":289896,"relics_obtained":[{"floor":6,"key":"Matryoshka"},{"floor":9,"key":"Strawberry"},{"floor":9,"key":"Bag of Preparation"}],"event_choices":[{"damage_healed":0,"gold_gain":175,"player_choice":"AGREE","damage_taken":0,"max_hp_gain":0,"max_hp_loss":0,"event_name":"Liars Game","floor":2,"gold_loss":0,"cards_obtained":["Doubt"]},{"damage_healed":0,"gold_gain":0,"player_choice":"Entered Light","damage_taken":13,"max_hp_gain":0,"max_hp_loss":0,"event_name":"Shining Light","floor":5,"gold_loss":0,"cards_upgraded":["Strike_G","Strike_G"]},{"damage_healed":0,"gold_gain":0,"player_choice":"Bought 0 Potions","damage_taken":0,"max_hp_gain":0,"max_hp_loss":0,"event_name":"The Woman in Blue","floor":8,"gold_loss":0},{"damage_healed":0,"gold_gain":0,"player_choice":"Damaged","damage_taken":7,"max_hp_gain":0,"max_hp_loss":0,"event_name":"Wheel of Change","floor":11,"gold_loss":0}],"is_beta":false,"boss_relics":[],"items_purged_floors":[3],"is_endless":false,"potions_floor_spawned":[4,6],"killed_by":"Slime Boss","ascension_level":14}