{"gold_per_floor":[118,293,141,159,159,185,195,195,195,195,213,213,244,307,307,410,410,426,440,440,440,18,28,28],"floor_reached":24,"playtime":2007,"items_purged":["Doubt","Doubt"],"score":229,"play_id":"0257d9e4-5725-408f-8337-281ec9707e51","local_time":"20180906061412","is_ascension_mode":false,"campfire_choices":[{"data":"Sucker Punch","floor":8,"key":"SMITH"},{"data":"Neutralize","floor":10,"key":"SMITH"},{"floor":15,"key":"REST"}],"neow_cost":"NONE","seed_source_timestamp":6844761511304,"circlet_count":0,"master_deck":["Defend_G","Defend_G","Defend_G","Defend_G","Defend_G","Strike_G","Strike_G","Strike_G","Strike_G","Strike_G","Survivor","Neutralize+1","Finisher+1","Heel Hook","Sucker Punch+1","Heel Hook","Blur","Dagger Spray","Sucker Punch","Bullet Time","Writhe","Writhe","Infinite Blades+1","Flechettes+1","Writhe","Choke"],"relics":["Ring of the Snake","NeowsBlessing","CultistMask","Pear","Meat on the Bone","Dodecahedron","Unceasing Top","Calling Bell","Centennial Puzzle","Kunai","Torii","Orichalcum","Enchiridion","Ninja Scroll"],"potions_floor_usage":[11,13,13,16],"damage_taken":[{"damage":0,"enemies":"Small Slimes","floor":1,"turns":1},{"damage":0,"enemies":"2 Louse","floor":4,"turns":1},{"damage":0,"enemies":"3 Sentries","floor":6,"turns":1},{"damage":0,"enemies":"Cultist","floor":7,"turns":3},{"damage":0,"enemies":"Looter","floor":11,"turns":4},{"damage":9,"enemies":"Lagavulin","floor":13,"turns":5},{"damage":25,"enemies":"3 Sentries","floor":14,"turns":8},{"damage":25,"enemies":"Hexaghost","floor":16,"turns":11},{"damage":1,"enemies":"Shell Parasite","floor":18,"turns":3},{"damage":20,"enemies":"Spheric Guardian","floor":19,"turns":5},{"damage":13,"enemies":"Centurion and Healer","floor":23,"turns":12},{"damage":49,"enemies":"Gremlin Leader","floor":24,"turns":7}],"seed_played":"-9099231873527467386","potions_obtained":[{"floor":1,"key":"FearPotion"},{"floor":6,"key":"SteroidPotion"},{"floor":7,"key":"GhostInAJar"},{"floor":11,"key":"Fire Potion"},{"floor":23,"key":"Ancient Potion"}],"is_trial":false,"path_per_floor":["M","?","$","M","?","E","M","R","T","R","M","?","E","?","R","B",null,"M","M","?","?","$","M"],"character_chosen":"THE_SILENT","items_purchased":["Heel Hook","Ninja Scroll","Choke"],"campfire_rested":1,"item_purchase_floors":[3,22,22],"current_hp_per_floor":[70,70,70,70,70,80,80,80,80,80,80,80,71,46,70,45,80,79,59,59,43,43,42,0],"gold":28,"neow_bonus":"THREE_ENEMY_KILL","is_prod":false,"is_daily":false,"chose_seed":false,"campfire_upgraded":2,"win_rate":0.0,"timestamp":1536185652,"path_taken":["M","?","$","?","?","E","M","R","T","R","M","?","E","?","R","BOSS","M","M","?","?","$","M","E"],"build_version":"2018-08-02","purchased_purges":2,"victory":false,"max_hp_per_floor":[70,70,70,70,70,80,80,80,80,80,80,80,80,80,80,80,80,80,80,80,80,80,80,80],"card_choices":[{"not_picked":["Slice","Acrobatics"],"picked":"Finisher","floor":1},{"not_picked":["Deadly Poison","Escape Plan"],"picked":"Sucker Punch","floor":4},{"not_picked":["Predator","Bouncing Flask","Expertise"],"picked":"SKIP","floor":6},{"not_picked":["Deflect","Blade Dance"],"picked":"Heel Hook","floor":7},{"not_picked":["Underhanded Strike","Poisoned Stab"],"picked":"Blur","floor":11},{"not_picked":["Quick Slash","Acrobatics"],"picked":"Dagger Spray","floor":13},{"not_picked":["Deflect","Distraction"],"picked":"Sucker Punch","floor":14},{"not_picked":["Venomology","Envenom"],"picked":"Bullet Time","floor":16},{"not_picked":["Quick Slash","Dodge and Roll"],"picked":"Infinite Blades+1","floor":18},{"not_picked":["Poisoned Stab","Riddle With Holes"],"picked":"Flechettes+1","floor":19},{"not_picked":["Skewer","Deadly Poison","Bouncing Flask+1"],"picked":"SKIP","floor":23}],"player_experience":8976,"relics_obtained":[{"floor":6,"key":"Pear"},{"floor":9,"key":"Meat on the Bone"},{"floor":13,"key":"Dodecahedron"},{"floor":14,"key":"Unceasing Top"},{"floor":17,"key":"Centennial Puzzle"},{"floor":17,"key":"Kunai"},{"floor":17,"key":"Torii"},{"floor":21,"key":"Enchiridion"}],"event_choices":[{"event_name":"Liars Game","player_choice":"agreed","floor":2,"damage_taken":0},{"event_name":"FaceTrader","player_choice":"Trade","floor":5,"damage_taken":0},{"event_name":"Upgrade Shrine","player_choice":"Upgraded","floor":12,"damage_taken":0},{"event_name":"Dead Adventurer","player_choice":"Searched \u00272\u0027 times","floor":14,"damage_taken":0},{"event_name":"The Mausoleum","player_choice":"Yes","floor":20,"damage_taken":0},{"event_name":"Cursed Tome","player_choice":"Obtained Book","floor":21,"damage_taken":0}],"is_beta":false,"boss_relics":[{"not_picked":["White Beast Statue","Busted Crown"],"picked":"Calling Bell"}],"items_purged_floors":[3,22],"is_endless":false,"potions_floor_spawned":[1,6,7,11,23],"killed_by":"Gremlin Leader","ascension_level":0}