{"gold_per_floor":[117,127,146,146,48,48,80,94,94,94,108,12,22,35,35,133,133,73,73,73,73,73,73,73],"floor_reached":24,"playtime":2369,"items_purged":[],"score":230,"play_id":"d16d04b1-5ef2-479d-9d7e-fdfa79cb4ee3","local_time":"20190513213439","is_ascension_mode":true,"campfire_choices":[{"floor":6.0,"key":"REST"},{"floor":15.0,"key":"REST"},{"floor":23,"key":"REST"}],"neow_cost":"NONE","seed_source_timestamp":1021053652003520,"circlet_count":0,"master_deck":["Strike_B","Strike_B","Defend_B","Defend_B","Defend_B","Defend_B","Zap","Dualcast","Thunder Strike","Cold Snap","Coolheaded","Tempest","Gash","Ball Lightning","Sweeping Beam","Leap","Stack","Capacitor","Steam","Creative AI","Recycle","Leap","Hologram","Lockon","Turbo"],"special_seed":0,"relics":["Cracked Core","Ice Cream","Pocketwatch","Dead Branch","Omamori","Ectoplasm"],"potions_floor_usage":[22],"damage_taken":[{"damage":0.0,"enemies":"2 Louse","floor":1.0,"turns":2.0},{"damage":0.0,"enemies":"Cultist","floor":2.0,"turns":3.0},{"damage":6.0,"enemies":"Small Slimes","floor":3.0,"turns":3.0},{"damage":21.0,"enemies":"Gremlin Nob","floor":7.0,"turns":5.0},{"damage":16.0,"enemies":"3 Louse","floor":8.0,"turns":3.0},{"damage":6.0,"enemies":"Large Slime","floor":11.0,"turns":4.0},{"damage":0.0,"enemies":"Blue Slaver","floor":13.0,"turns":5.0},{"damage":0.0,"enemies":"2 Fungi Beasts","floor":14.0,"turns":4.0},{"damage":25,"enemies":"Slime Boss","floor":16,"turns":10},{"damage":12,"enemies":"2 Thieves","floor":18,"turns":4},{"damage":41,"enemies":"3 Byrds","floor":19,"turns":4},{"damage":21,"enemies":"Centurion and Healer","floor":22,"turns":9},{"damage":34,"enemies":"Book of Stabbing","floor":24,"turns":5}],"seed_played":"-5475164284672699096","potions_obtained":[{"floor":2.0,"key":"Weak Potion"},{"floor":7.0,"key":"GamblersBrew"},{"floor":8.0,"key":"GamblersBrew"},{"floor":16,"key":"FairyPotion"},{"floor":19,"key":"Fire Potion"}],"is_trial":false,"path_per_floor":["M","M","M","?","$","R","E","M","T","?","M","$","M","M","R","B",null,"M","M","?","?","M","R","E"],"character_chosen":"DEFECT","items_purchased":["EssenceOfSteel","Gash","Leap","Stack"],"campfire_rested":3,"item_purchase_floors":[5,5,12,12],"current_hp_per_floor":[75,75,69,27,27,49,28,12,12,12,6,6,6,6,28,3,75,63,22,22,22,1,23,0],"gold":73,"neow_bonus":"ONE_RANDOM_RARE_CARD","is_prod":false,"is_daily":false,"chose_seed":false,"campfire_upgraded":0,"win_rate":0,"timestamp":1557797679,"path_taken":["M","M","M","?","$","R","E","M","T","?","M","$","M","M","R","BOSS","M","?","?","?","M","R","E"],"build_version":"2019-01-23","purchased_purges":0,"victory":false,"max_hp_per_floor":[75,75,75,75,75,75,75,75,75,75,75,75,75,75,75,75,75,75,75,75,75,75,75,75],"card_choices":[{"not_picked":["Turbo","Compile Driver"],"picked":"Cold Snap","floor":1.0},{"not_picked":["Streamline","Force Field"],"picked":"Coolheaded","floor":2.0},{"not_picked":["Undo","White Noise"],"picked":"Tempest","floor":3.0},{"not_picked":["Tempest","Chaos","Rebound"],"picked":"SKIP","floor":7.0},{"not_picked":["Rip and Tear","Go for the Eyes"],"picked":"Ball Lightning","floor":8.0},{"not_picked":["Chaos","Rebound"],"picked":"Sweeping Beam","floor":11.0},{"not_picked":["Coolheaded","Ball Lightning"],"picked":"Capacitor","floor":13.0},{"not_picked":["Reprogram","Tempest"],"picked":"Steam","floor":14.0},{"not_picked":["Reboot","Hyperbeam"],"picked":"Creative AI","floor":16},{"not_picked":["Sunder","Skim"],"picked":"Recycle","floor":18},{"not_picked":["Sweeping Beam","Storm"],"picked":"Leap","floor":19},{"not_picked":["Doom and Gloom","Barrage"],"picked":"Turbo","floor":22}],"player_experience":241803,"relics_obtained":[{"floor":7.0,"key":"Pocketwatch"},{"floor":9.0,"key":"Dead Branch"}],"event_choices":[{"damage_healed":0.0,"max_hp_gain":0.0,"max_hp_loss":0.0,"gold_gain":0.0,"event_name":"Scrap Ooze","player_choice":"Success","floor":4.0,"gold_loss":0.0,"damage_taken":42.0,"relics_obtained":["Ice Cream"]},{"damage_healed":0.0,"max_hp_gain":0.0,"max_hp_loss":0.0,"gold_gain":0.0,"event_name":"WeMeetAgain","player_choice":"Gave Potion","floor":10.0,"gold_loss":0.0,"damage_taken":0.0,"relics_obtained":["Omamori"]},{"damage_healed":0,"gold_gain":0,"player_choice":"Ignored","damage_taken":0,"max_hp_gain":0,"max_hp_loss":0,"event_name":"Beggar","floor":20,"gold_loss":0},{"damage_healed":0,"gold_gain":0,"cards_transformed":["Strike_B","Strike_B"],"player_choice":"Became Test Subject","damage_taken":0,"max_hp_gain":0,"max_hp_loss":0,"event_name":"Drug Dealer","floor":21,"gold_loss":0,"cards_obtained":["Hologram","Lockon"]}],"is_beta":false,"boss_relics":[{"not_picked":["Runic Dome","Black Star"],"picked":"Ectoplasm"}],"items_purged_floors":[],"is_endless":false,"potions_floor_spawned":[2,7,8,16,19],"killed_by":"Book of Stabbing","ascension_level":3}