{"gold_per_floor":[117,134,146,98,98,132,152,152,152,6,31,31,51,61,61,159,159,169,154,154,79,89,118,118,135,135,163,262,280,280,299,299,394,394,408,408,18,18,38,38,69,69,92,92,92,192,92,92,92,92],"floor_reached":50,"playtime":2578,"items_purged":["Defend_B","Strike_B"],"score":533,"play_id":"21da0c97-c0d7-4a84-ae02-b753be7ac8b6","local_time":"20190419181501","is_ascension_mode":false,"campfire_choices":[{"data":"Zap","floor":8,"key":"SMITH"},{"data":"Seek","floor":12,"key":"SMITH"},{"data":"Defragment","floor":15,"key":"SMITH"},{"data":"Lockon","floor":24,"key":"SMITH"},{"floor":30,"key":"REST"},{"floor":32,"key":"REST"},{"data":"Rainbow","floor":40,"key":"SMITH"},{"floor":42,"key":"REST"},{"floor":45,"key":"DIG"},{"floor":49,"key":"DIG"}],"neow_cost":"NONE","seed_source_timestamp":340488810144074,"circlet_count":0,"master_deck":["Strike_B","Strike_B","Strike_B","Defend_B","Defend_B","Defend_B","Zap+1","Dualcast+1","Defragment+1","Lockon+1","Redo","Conserve Battery","Hologram","Seek+1","Stack","Rip and Tear","Amplify","Genetic Algorithm","Compile Driver","White Noise","Sweeping Beam+1","Glacier+1","Coolheaded+1","Ball Lightning","Static Discharge+1","Rainbow+1","Auto Shields+1","Static Discharge","Panacea","Master of Strategy","Secret Technique","Darkness","Cold Snap","Double Energy"],"relics":["FrozenCore","PreservedInsect","Pear","Meat on the Bone","Blood Vial","MutagenicStrength","Gremlin Horn","Torii","Omamori","Nuclear Battery","Gambling Chip","War Paint","Happy Flower","Shovel","Centennial Puzzle","StoneCalendar","Letter Opener","Sundial"],"potions_floor_usage":[],"damage_taken":[{"damage":7,"enemies":"2 Louse","floor":1,"turns":2},{"damage":1,"enemies":"Cultist","floor":2,"turns":4},{"damage":8,"enemies":"Jaw Worm","floor":3,"turns":3},{"damage":26,"enemies":"3 Sentries","floor":6,"turns":6},{"damage":22,"enemies":"Exordium Thugs","floor":7,"turns":5},{"damage":5,"enemies":"2 Fungi Beasts","floor":13,"turns":3},{"damage":11,"enemies":"Exordium Wildlife","floor":14,"turns":4},{"damage":23,"enemies":"Slime Boss","floor":16,"turns":9},{"damage":0,"enemies":"Spheric Guardian","floor":18,"turns":5},{"damage":24,"enemies":"2 Thieves","floor":19,"turns":4},{"damage":18,"enemies":"Cultist and Chosen","floor":22,"turns":8},{"damage":13,"enemies":"Book of Stabbing","floor":23,"turns":6},{"damage":15,"enemies":"Sentry and Sphere","floor":25,"turns":7},{"damage":49,"enemies":"Slavers","floor":27,"turns":6},{"damage":1,"enemies":"Chosen and Byrds","floor":29,"turns":7},{"damage":27,"enemies":"3 Cultists","floor":31,"turns":7},{"damage":30,"enemies":"Collector","floor":33,"turns":7},{"damage":21,"enemies":"3 Shapes","floor":35,"turns":5},{"damage":9,"enemies":"Orb Walker","floor":39,"turns":3},{"damage":53,"enemies":"Reptomancer","floor":41,"turns":6},{"damage":0,"enemies":"Mind Bloom Boss Battle","floor":46,"turns":8},{"damage":68,"enemies":"Time Eater","floor":50,"turns":6}],"seed_played":"6268349675924140459","potions_obtained":[{"floor":2,"key":"Dexterity Potion"},{"floor":7,"key":"FocusPotion"},{"floor":19,"key":"SteroidPotion"},{"floor":25,"key":"FocusPotion"}],"is_trial":false,"path_per_floor":["M","M","M","$","?","E","M","R","T","$","T","R","M","M","R","B",null,"M","M","?","$","M","E","R","M","T","E","?","M","R","M","R","B",null,"M","?","$","?","M","R","E","R","T","T","R","?","$","T","R","B"],"character_chosen":"DEFECT","items_purchased":["Redo","Seek","Static Discharge","Gambling Chip"],"campfire_rested":3,"item_purchase_floors":[4,10,37,37],"current_hp_per_floor":[68,67,59,59,85,69,47,47,47,47,47,47,56,59,59,50,95,95,71,71,71,55,56,56,55,55,20,20,33,61,48,76,48,95,74,74,74,64,57,57,18,46,46,46,46,48,48,48,48,0],"gold":92,"neow_bonus":"RANDOM_COMMON_RELIC","is_prod":false,"is_daily":false,"chose_seed":false,"campfire_upgraded":5,"win_rate":0.0,"timestamp":1555654501,"path_taken":["M","M","M","$","?","E","M","R","T","?","?","R","M","M","R","BOSS","M","M","?","$","M","E","R","M","T","E","?","M","R","M","R","BOSS","M","?","$","?","M","R","E","R","T","?","R","?","$","?","R","BOSS"],"build_version":"2019-01-23","purchased_purges":2,"victory":false,"max_hp_per_floor":[75,75,75,75,85,95,95,95,95,95,95,95,95,95,95,95,95,95,95,95,95,95,95,95,95,95,95,95,95,95,95,95,95,95,95,95,95,95,95,95,95,95,95,95,95,95,95,95,95,95],"card_choices":[{"not_picked":["Sweeping Beam","Stack"],"picked":"Defragment","floor":1},{"not_picked":["Go for the Eyes","Barrage"],"picked":"Lockon","floor":2},{"not_picked":["Coolheaded","Conserve Battery"],"picked":"Creative AI","floor":3},{"not_picked":["Ball Lightning","Beam Cell"],"picked":"Conserve Battery","floor":6},{"not_picked":["Blizzard","Tempest"],"picked":"Hologram","floor":7},{"not_picked":["Streamline","Compile Driver"],"picked":"Stack","floor":13},{"not_picked":["Beam Cell","Reboot"],"picked":"Rip and Tear","floor":14},{"not_picked":["Machine Learning","All For One"],"picked":"Amplify","floor":16},{"not_picked":["Stack","Sweeping Beam"],"picked":"Genetic Algorithm","floor":18},{"not_picked":["Redo","Stack"],"picked":"Compile Driver","floor":19},{"not_picked":["Amplify","Gash"],"picked":"White Noise","floor":22},{"not_picked":["Gash+1","Rip and Tear"],"picked":"Sweeping Beam+1","floor":23},{"not_picked":["Reinforced Body","Scrape"],"picked":"Glacier+1","floor":25},{"not_picked":["Steam Power","Stack"],"picked":"Coolheaded","floor":27},{"not_picked":["Thunder Strike","Steam"],"picked":"Ball Lightning","floor":29},{"not_picked":["Beam Cell+1","Scrape+1"],"picked":"Static Discharge+1","floor":31},{"not_picked":["Machine Learning","Buffer"],"picked":"Rainbow","floor":33},{"not_picked":["Stack","Consume+1"],"picked":"Auto Shields+1","floor":35},{"not_picked":["Trip","HandOfGreed"],"picked":"Panacea","floor":38},{"not_picked":["Dark Shackles","Jack Of All Trades"],"picked":"Master of Strategy","floor":38},{"not_picked":["Trip","Dark Shackles"],"picked":"Secret Technique","floor":38},{"not_picked":["Beam Cell+1","Stack+1"],"picked":"Darkness","floor":39},{"not_picked":["Go for the Eyes","Hello World+1"],"picked":"Cold Snap","floor":41},{"not_picked":["Streamline+1","FTL"],"picked":"Double Energy","floor":46}],"player_experience":7075,"relics_obtained":[{"floor":6,"key":"Pear"},{"floor":9,"key":"Meat on the Bone"},{"floor":11,"key":"Blood Vial"},{"floor":23,"key":"Gremlin Horn"},{"floor":26,"key":"Torii"},{"floor":27,"key":"Omamori"},{"floor":41,"key":"War Paint"},{"floor":43,"key":"Happy Flower"},{"floor":44,"key":"Shovel"},{"floor":45,"key":"Centennial Puzzle"},{"floor":46,"key":"StoneCalendar"},{"floor":48,"key":"Letter Opener"},{"floor":49,"key":"Sundial"}],"event_choices":[{"cards_removed":["Creative AI"],"damage_healed":16,"gold_gain":0,"player_choice":"Offered Rare","damage_taken":0,"max_hp_gain":10,"max_hp_loss":0,"event_name":"Bonfire Elementals","floor":5,"gold_loss":0},{"damage_healed":0,"gold_gain":0,"player_choice":"Inject Mutagens","damage_taken":0,"relics_obtained":["MutagenicStrength"],"max_hp_gain":0,"max_hp_loss":0,"event_name":"Drug Dealer","floor":20,"gold_loss":0},{"damage_healed":0,"gold_gain":99,"player_choice":"Stole From Cult","damage_taken":0,"max_hp_gain":0,"max_hp_loss":0,"event_name":"Nest","floor":28,"gold_loss":0},{"damage_healed":0,"gold_gain":0,"player_choice":"Ignored","damage_taken":0,"max_hp_gain":0,"max_hp_loss":0,"event_name":"Tomb of Lord Red Mask","floor":36,"gold_loss":0},{"damage_healed":0,"gold_gain":0,"player_choice":"Memory 3","damage_taken":10,"max_hp_gain":0,"max_hp_loss":0,"event_name":"SensoryStone","floor":38,"gold_loss":0},{"damage_healed":0,"gold_gain":0,"player_choice":"Fight","damage_taken":0,"max_hp_gain":0,"max_hp_loss":0,"event_name":"MindBloom","floor":46,"gold_loss":0}],"is_beta":false,"boss_relics":[{"not_picked":["Cursed Key","Runic Dome"],"picked":"FrozenCore"},{"not_picked":["Fusion Hammer","Sozu"],"picked":"Nuclear Battery"}],"items_purged_floors":[21,47],"is_endless":false,"potions_floor_spawned":[2,7,19,25,29,31,41],"killed_by":"Time Eater","ascension_level":0}