{"gold_per_floor":[217,232,252,198,198,198,233,233,233,233,106,106,106,140,140,140],"floor_reached":16,"playtime":787,"items_purged":["Defend_R"],"score":106,"play_id":"4f8a35a9-fc45-4cfe-83a2-e3af8225dcc7","local_time":"20180707235357","is_ascension_mode":false,"campfire_choices":[{"data":"Warcry","floor":6,"key":"SMITH"},{"data":"Metallicize","floor":8,"key":"SMITH"},{"data":"Headbutt","floor":10,"key":"SMITH"},{"data":"Shrug It Off","floor":12,"key":"SMITH"},{"floor":15,"key":"REST"}],"neow_cost":"NONE","seed_source_timestamp":95684345626909,"circlet_count":0,"master_deck":["Strike_R","Strike_R","Strike_R","Strike_R","Strike_R","Defend_R","Defend_R","Bash","Headbutt+1","Impervious","Warcry+1","Metallicize+1","Shrug It Off+1"],"relics":["Burning Blood","Magic Flower","Question Card","Art of War"],"potions_floor_usage":[14,16],"damage_taken":[{"damage":1,"enemies":"Cultist","floor":1,"turns":3},{"damage":1,"enemies":"Jaw Worm","floor":2,"turns":4},{"damage":3,"enemies":"Small Slimes","floor":3,"turns":3},{"damage":39,"enemies":"3 Sentries","floor":7,"turns":10},{"damage":13,"enemies":"Gremlin Nob","floor":14,"turns":5},{"damage":61,"enemies":"Slime Boss","floor":16,"turns":11}],"seed_played":"1804461428551103597","potions_obtained":[{"floor":2,"key":"Ancient Potion"},{"floor":13,"key":"SpeedPotion"},{"floor":13,"key":"Block Potion"}],"is_trial":false,"path_per_floor":["M","M","M","$","?","R","E","R","T","R","$","R","?","E","R"],"character_chosen":"IRONCLAD","items_purchased":["Warcry","Shrug It Off"],"campfire_rested":1,"item_purchase_floors":[4,11],"current_hp_per_floor":[80,80,80,80,73,73,40,40,40,40,40,40,40,36,60,0],"gold":140,"neow_bonus":"HUNDRED_GOLD","is_prod":false,"is_daily":false,"chose_seed":false,"campfire_upgraded":4,"win_rate":0.0,"timestamp":1530975237,"path_taken":["M","M","M","$","?","R","E","R","T","R","$","R","?","E","R","BOSS"],"build_version":"2018-07-05","purchased_purges":1,"victory":false,"max_hp_per_floor":[80,80,80,80,80,80,80,80,80,80,80,80,80,80,80,80],"card_choices":[{"not_picked":["Sword Boomerang","Second Wind"],"picked":"Headbutt","floor":1},{"not_picked":["Pummel","True Grit","Pommel Strike"],"picked":"SKIP","floor":2},{"not_picked":["Flex","Searing Blow"],"picked":"Impervious","floor":3},{"not_picked":["Corruption","Iron Wave"],"picked":"Metallicize","floor":7},{"not_picked":["Twin Strike","Limit Break","Anger","True Grit"],"picked":"SKIP","floor":14}],"player_experience":60236,"relics_obtained":[{"floor":7,"key":"Magic Flower"},{"floor":9,"key":"Question Card"},{"floor":14,"key":"Art of War"}],"event_choices":[{"event_name":"Golden Wing","player_choice":"Card Removal","floor":5,"damage_taken":0},{"event_name":"The Lab","player_choice":"Got Potions","floor":13,"damage_taken":0}],"boss_relics":[],"items_purged_floors":[11],"is_endless":false,"potions_floor_spawned":[2],"killed_by":"Slime Boss","ascension_level":0}