{"gold_per_floor":[210,222,237,249,266,297,45,45,72,347,347,372,435,460,472,579,591,591,591,418,418,388,388,388,388,388,388,388,388,388,388,388,388,388,388,388,388,388,388,388,388,388,388,1,1,1,1,1],"floor_reached":48,"playtime":16207,"items_purged":["Strike_G","Strike_G","Defend_G"],"score":540,"play_id":"e93ec357-aa42-4bfa-9628-8b2a24b070f3","local_time":"20190509001227","is_ascension_mode":true,"campfire_choices":[{"data":"Terror","floor":8,"key":"SMITH"},{"data":"Neutralize","floor":11,"key":"SMITH"},{"floor":15,"key":"REST"},{"data":"Glass Knife","floor":23,"key":"SMITH"},{"data":"Well Laid Plans","floor":25,"key":"SMITH"},{"data":"Noxious Fumes","floor":27,"key":"SMITH"},{"data":"Well Laid Plans","floor":29,"key":"SMITH"},{"data":"Deflect","floor":32,"key":"SMITH"},{"floor":41,"key":"REST"}],"neow_cost":"NONE","seed_source_timestamp":584636903463360,"circlet_count":0,"master_deck":["Defend_G","Defend_G","Defend_G","Defend_G","Strike_G","Strike_G","Strike_G","Survivor","Neutralize+1","Blade Dance","Noxious Fumes+1","Deflect+1","Finisher","Well Laid Plans+1","Terror+1","Skewer","Crippling Poison","Deadly Poison","Deflect","Glass Knife+1","Noxious Fumes+1","Well Laid Plans+1","Acrobatics","Backstab","Calculated Gamble+1","Blade Dance+1","Setup+1","Bullet Time","Deflect","Purity","Blade Dance+1","Choke","Caltrops","Flash of Steel","Tactician","Prepared+1","Noxious Fumes","PiercingWail+1"],"relics":["Ring of the Serpent","Centennial Puzzle","Omamori","Juzu Bracelet","MawBank","Ectoplasm","Bronze Scales","Red Mask","Art of War","Boot","Question Card"],"potions_floor_usage":[6,12,12,31,33,40,40,40],"damage_taken":[{"damage":7,"enemies":"2 Louse","floor":1,"turns":3},{"damage":0,"enemies":"Cultist","floor":2,"turns":4},{"damage":2,"enemies":"Small Slimes","floor":3,"turns":5},{"damage":6,"enemies":"3 Louse","floor":4,"turns":5},{"damage":6,"enemies":"Lots of Slimes","floor":5,"turns":4},{"damage":18,"enemies":"3 Sentries","floor":6,"turns":8},{"damage":8,"enemies":"Lagavulin","floor":12,"turns":7},{"damage":14,"enemies":"3 Sentries","floor":13,"turns":8},{"damage":1,"enemies":"Looter","floor":14,"turns":2},{"damage":26,"enemies":"Hexaghost","floor":16,"turns":10},{"damage":14,"enemies":"Spheric Guardian","floor":18,"turns":4},{"damage":0,"enemies":"2 Thieves","floor":22,"turns":3},{"damage":6,"enemies":"Snecko","floor":24,"turns":6},{"damage":2,"enemies":"Masked Bandits","floor":28,"turns":3},{"damage":5,"enemies":"Gremlin Leader","floor":30,"turns":4},{"damage":5,"enemies":"Sentry and Sphere","floor":31,"turns":4},{"damage":32,"enemies":"Collector","floor":33,"turns":7},{"damage":60,"enemies":"3 Shapes","floor":35,"turns":6},{"damage":2,"enemies":"Orb Walker","floor":39,"turns":2},{"damage":7,"enemies":"Giant Head","floor":40,"turns":7},{"damage":12,"enemies":"Maw","floor":45,"turns":6},{"damage":20,"enemies":"4 Shapes","floor":46,"turns":4},{"damage":25,"enemies":"Jaw Worm Horde","floor":47,"turns":4},{"damage":22,"enemies":"Spire Growth","floor":48,"turns":4}],"seed_played":"4022944322326815430","potions_obtained":[{"floor":2,"key":"Strength Potion"},{"floor":3,"key":"Fire Potion"},{"floor":4,"key":"Weak Potion"},{"floor":14,"key":"SteroidPotion"},{"floor":16,"key":"Strength Potion"},{"floor":18,"key":"Block Potion"},{"floor":35,"key":"AttackPotion"},{"floor":39,"key":"Poison Potion"},{"floor":47,"key":"SneckoOil"}],"is_trial":false,"path_per_floor":["M","M","M","M","M","E","$","R","T","?","R","E","?","M","R","B",null,"M","?","$","?","M","R","M","R","T","R","?","R","E","M","R","B",null,"M","?","?","?","M","E","R","?","T","$","M","M","M","M"],"character_chosen":"THE_SILENT","items_purchased":["Skewer","Crippling Poison","Deadly Poison","Well Laid Plans","Choke","Caltrops","Flash of Steel","Tactician"],"campfire_rested":2,"item_purchase_floors":[7,7,7,20,44,44,44,44],"current_hp_per_floor":[63,63,61,55,49,31,31,31,31,31,31,23,9,8,29,3,70,56,43,43,75,75,75,69,69,69,69,67,67,62,57,57,25,75,15,15,15,15,13,6,28,75,75,75,63,43,18,0],"gold":1,"neow_bonus":"HUNDRED_GOLD","is_prod":false,"is_daily":false,"chose_seed":false,"campfire_upgraded":7,"win_rate":0,"timestamp":1557375147,"path_taken":["M","M","M","M","M","E","$","R","T","?","R","E","?","M","R","BOSS","M","?","$","?","M","R","M","R","T","R","?","R","E","M","R","BOSS","M","?","?","?","M","E","R","?","T","$","M","M","M","M"],"build_version":"2019-01-23","purchased_purges":3,"victory":false,"max_hp_per_floor":[70,70,70,70,70,70,70,70,70,70,70,70,70,70,70,70,70,70,75,75,75,75,75,75,75,75,75,75,75,75,75,75,75,75,75,75,75,75,75,75,75,75,75,75,75,75,75,75],"card_choices":[{"not_picked":["Dagger Spray","Underhanded Strike"],"picked":"Blade Dance","floor":1},{"not_picked":["Finisher","Quick Slash"],"picked":"Noxious Fumes","floor":2},{"not_picked":["Prepared","Underhanded Strike"],"picked":"Deflect","floor":3},{"not_picked":["Storm of Steel","Deadly Poison"],"picked":"Finisher","floor":4},{"not_picked":["Footwork","Leg Sweep"],"picked":"Well Laid Plans","floor":5},{"not_picked":["Crippling Poison","All Out Attack"],"picked":"Terror","floor":6},{"not_picked":["Bouncing Flask","Heel Hook","Distraction"],"picked":"SKIP","floor":12},{"not_picked":["Expertise","Heel Hook"],"picked":"Deflect","floor":13},{"not_picked":["Choke","Sucker Punch","Distraction"],"picked":"SKIP","floor":14},{"not_picked":["Tools of the Trade","Night Terror"],"picked":"Glass Knife","floor":16},{"not_picked":["Skewer","Deadly Poison+1"],"picked":"Noxious Fumes+1","floor":18},{"not_picked":["Dodge and Roll","Accuracy"],"picked":"Acrobatics","floor":22},{"not_picked":["Cloak And Dagger","Dagger Throw"],"picked":"Backstab","floor":24},{"not_picked":["Bane","Poisoned Stab"],"picked":"Calculated Gamble+1","floor":28},{"not_picked":["Venomology","Tools of the Trade"],"picked":"Blade Dance+1","floor":30},{"not_picked":["Backstab","Poisoned Stab+1"],"picked":"Setup+1","floor":31},{"not_picked":["Venomology","Phantasmal Killer"],"picked":"Bullet Time","floor":33},{"not_picked":["Dagger Throw+1","Underhanded Strike+1"],"picked":"Deflect","floor":35},{"not_picked":["Good Instincts","Discovery"],"picked":"Purity","floor":36},{"not_picked":["Dagger Throw","Skewer+1","Cloak And Dagger"],"picked":"SKIP","floor":39},{"not_picked":["Prepared","Doppelganger"],"picked":"Blade Dance+1","floor":40},{"not_picked":["Choke+1","Bane","Flying Knee"],"picked":"Prepared+1","floor":45},{"not_picked":["Calculated Gamble","Backflip","Dodge and Roll+1"],"picked":"Noxious Fumes","floor":46},{"not_picked":["Noxious Fumes+1","Skewer","Caltrops+1"],"picked":"PiercingWail+1","floor":47}],"player_experience":141108,"relics_obtained":[{"floor":6,"key":"Centennial Puzzle"},{"floor":9,"key":"Omamori"},{"floor":12,"key":"Juzu Bracelet"},{"floor":13,"key":"MawBank"},{"floor":26,"key":"Bronze Scales"},{"floor":28,"key":"Red Mask"},{"floor":30,"key":"Art of War"},{"floor":40,"key":"Boot"},{"floor":43,"key":"Question Card"}],"event_choices":[{"damage_healed":0,"gold_gain":275,"player_choice":"Desecrate","damage_taken":0,"max_hp_gain":0,"max_hp_loss":0,"event_name":"Golden Shrine","floor":10,"gold_loss":0,"cards_obtained":["Regret"]},{"damage_healed":0,"gold_gain":0,"player_choice":"Searched \u00271\u0027 times","damage_taken":0,"max_hp_gain":0,"max_hp_loss":0,"event_name":"Dead Adventurer","floor":13,"gold_loss":0},{"damage_healed":0,"gold_gain":0,"player_choice":"Shed Blood","damage_taken":18,"max_hp_gain":5,"max_hp_loss":0,"event_name":"Forgotten Altar","floor":19,"gold_loss":0},{"damage_healed":32,"gold_gain":0,"player_choice":"Full Heal","damage_taken":0,"max_hp_gain":0,"max_hp_loss":0,"event_name":"Wheel of Change","floor":21,"gold_loss":0},{"damage_healed":0,"gold_gain":0,"player_choice":"Fought Bandits","damage_taken":0,"max_hp_gain":0,"max_hp_loss":0,"event_name":"Masked Bandits","floor":28,"gold_loss":0},{"damage_healed":0,"gold_gain":0,"player_choice":"Memory 1","damage_taken":0,"max_hp_gain":0,"max_hp_loss":0,"event_name":"SensoryStone","floor":36,"gold_loss":0},{"damage_healed":0,"gold_gain":222,"player_choice":"Wore Mask","damage_taken":0,"max_hp_gain":0,"max_hp_loss":0,"event_name":"Tomb of Lord Red Mask","floor":37,"gold_loss":0},{"damage_healed":0,"gold_gain":0,"player_choice":"Ignored","damage_taken":0,"max_hp_gain":0,"max_hp_loss":0,"event_name":"Mysterious Sphere","floor":38,"gold_loss":0},{"damage_healed":47,"gold_gain":0,"player_choice":"Heal","damage_taken":0,"max_hp_gain":0,"max_hp_loss":0,"event_name":"MindBloom","floor":42,"gold_loss":0,"cards_obtained":["Doubt"]}],"is_beta":false,"boss_relics":[{"not_picked":["Tiny House","Coffee Dripper"],"picked":"Ectoplasm"},{"not_picked":["Runic Dome","Orrery"],"picked":"Ring of the Serpent"}],"items_purged_floors":[7,20,44],"is_endless":false,"potions_floor_spawned":[2,3,4,5,14,16,18,28,30,35,39,47],"killed_by":"Spire Growth","ascension_level":1}