{"gold_per_floor":[117,24,38,38,38,38,38,38,119,137,312,322,322,351,351,449,449,466,466,484,484,143,143],"floor_reached":23,"playtime":3756,"items_purged":["Defend_B"],"score":187,"play_id":"0cdab1e1-e92d-484b-80fb-6dc1c1091265","local_time":"20190426121158","is_ascension_mode":false,"campfire_choices":[{"floor":6,"key":"REST"},{"floor":13,"key":"REST"},{"floor":15,"key":"RECALL"}],"neow_cost":"PERCENT_DAMAGE","seed_source_timestamp":922319833403468,"circlet_count":0,"master_deck":["Strike_B","Strike_B","Strike_B","Strike_B","Defend_B","Defend_B","Dualcast","Streamline","Defragment","Cold Snap","Conserve Battery","Glacier","Doubt","Rebound","Turbo","Amplify","Streamline+1","Heatsinks+1","Fusion","Conserve Battery+1","Blizzard"],"relics":["FrozenCore","Ice Cream","Frozen Egg 2","Matryoshka","Mummified Hand","Strange Spoon"],"potions_floor_usage":[23],"damage_taken":[{"damage":0,"enemies":"Small Slimes","floor":1,"turns":2},{"damage":11,"enemies":"Jaw Worm","floor":3,"turns":3},{"damage":0,"enemies":"2 Louse","floor":10,"turns":2},{"damage":8,"enemies":"Exordium Wildlife","floor":12,"turns":4},{"damage":3,"enemies":"Lagavulin","floor":14,"turns":8},{"damage":60,"enemies":"Slime Boss","floor":16,"turns":16},{"damage":37,"enemies":"Chosen","floor":18,"turns":11},{"damage":17,"enemies":"Spheric Guardian","floor":20,"turns":7},{"damage":59,"enemies":"Slavers","floor":23,"turns":4}],"seed_played":"6748492825125686842","potions_obtained":[{"floor":12,"key":"Dexterity Potion"},{"floor":20,"key":"FearPotion"}],"is_trial":false,"path_per_floor":["M","$","M","?","?","R","?","$","T","M","?","M","R","E","R","B",null,"M","?","M","?","$","E"],"character_chosen":"DEFECT","items_purchased":["Defragment","Cold Snap","Blizzard","Strange Spoon"],"campfire_rested":2,"item_purchase_floors":[2,2,22,22],"current_hp_per_floor":[54,54,43,36,41,65,65,65,65,65,65,57,80,77,77,17,80,43,43,26,52,52,0],"gold":143,"neow_bonus":"ONE_RARE_RELIC","is_prod":false,"is_daily":false,"chose_seed":false,"campfire_upgraded":0,"win_rate":0,"timestamp":1556237518,"path_taken":["M","$","M","?","?","R","?","?","T","M","?","M","R","E","R","BOSS","M","?","M","?","$","E"],"build_version":"2019-01-23","purchased_purges":1,"victory":false,"max_hp_per_floor":[75,75,75,75,80,80,80,80,80,80,80,80,80,80,80,80,80,80,80,80,80,80,80],"card_choices":[{"not_picked":["Conserve Battery","Static Discharge"],"picked":"Streamline","floor":1},{"not_picked":["Streamline","Lockon"],"picked":"Conserve Battery","floor":3},{"not_picked":["Coolheaded","Tempest"],"picked":"Glacier","floor":10},{"not_picked":["Leap","Beam Cell"],"picked":"Rebound","floor":12},{"not_picked":["Compile Driver","Biased Cognition+1"],"picked":"Turbo","floor":14},{"not_picked":["Rainbow","Meteor Strike"],"picked":"Amplify","floor":16},{"not_picked":["Recycle+1","Redo+1"],"picked":"Streamline+1","floor":18},{"not_picked":["Go for the Eyes","Compile Driver"],"picked":"Conserve Battery+1","floor":20}],"player_experience":80043,"relics_obtained":[{"floor":9,"key":"Matryoshka"},{"floor":14,"key":"Mummified Hand"}],"event_choices":[{"damage_healed":0,"gold_gain":0,"player_choice":"Success","damage_taken":7,"relics_obtained":["Frozen Egg 2"],"max_hp_gain":0,"max_hp_loss":0,"event_name":"Scrap Ooze","floor":4,"gold_loss":0},{"damage_healed":0,"gold_gain":0,"player_choice":"Donut","damage_taken":0,"max_hp_gain":5,"max_hp_loss":0,"event_name":"Big Fish","floor":5,"gold_loss":0},{"damage_healed":0,"gold_gain":0,"player_choice":"Leave","damage_taken":0,"max_hp_gain":0,"max_hp_loss":0,"event_name":"The Cleric","floor":7,"gold_loss":0},{"damage_healed":0,"gold_gain":175,"player_choice":"AGREE","damage_taken":0,"max_hp_gain":0,"max_hp_loss":0,"event_name":"Liars Game","floor":11,"gold_loss":0,"cards_obtained":["Doubt"]},{"damage_healed":0,"gold_gain":0,"cards_transformed":["Zap","Defend_B"],"player_choice":"Became Test Subject","damage_taken":0,"max_hp_gain":0,"max_hp_loss":0,"event_name":"Drug Dealer","floor":19,"gold_loss":0,"cards_obtained":["Heatsinks","Fusion"]},{"damage_healed":26,"gold_gain":0,"player_choice":"Heal","damage_taken":0,"max_hp_gain":0,"max_hp_loss":0,"event_name":"The Library","floor":21,"gold_loss":0}],"is_beta":false,"boss_relics":[{"not_picked":["Nuclear Battery","Sozu"],"picked":"FrozenCore"}],"items_purged_floors":[22],"is_endless":false,"potions_floor_spawned":[12,20],"killed_by":"Slavers","ascension_level":0}