{"gold_per_floor":[114,125,125,50,70,70,90,90,90,124,124,142,176,192,192,291,291,308,16,27,47,47,47,66,66,66,66,84,84,96,130,130,225,225,237,112,112,112,132,132,147,78,78,78,92,117,133,0,0,0],"floor_reached":51,"playtime":2644,"items_purged":["Strike_R","Strike_R","Defend_R"],"score":837,"play_id":"6837ec0b-8303-44df-9364-64068dcf664c","local_time":"20181013174549","is_ascension_mode":true,"campfire_choices":[{"data":"Searing Blow","floor":6,"key":"SMITH"},{"data":"Bash","floor":8,"key":"SMITH"},{"data":"Searing Blow+1","floor":11,"key":"SMITH"},{"data":"True Grit","floor":15,"key":"SMITH"},{"data":"Armaments","floor":23,"key":"SMITH"},{"data":"Fiend Fire","floor":25,"key":"SMITH"},{"data":"Searing Blow+2","floor":27,"key":"SMITH"},{"data":"Searing Blow+3","floor":29,"key":"SMITH"},{"data":"Searing Blow+4","floor":32,"key":"SMITH"},{"data":"Searing Blow+5","floor":40,"key":"SMITH"},{"data":"Searing Blow+6","floor":44,"key":"SMITH"},{"data":"Searing Blow+7","floor":49,"key":"SMITH"}],"neow_cost":"","seed_source_timestamp":36649953537899,"circlet_count":0,"master_deck":["Strike_R","Strike_R","Strike_R","Defend_R","Defend_R","Defend_R","Bash+1","Shrug It Off","Searing Blow+8","Heavy Blade","True Grit+1","Fiend Fire+1","Armaments+1","Immolate","Ghostly Armor","Evolve+1","Shrug It Off+1","Madness","Madness","Inflame+1","True Grit+1","Power Through"],"relics":["Burning Blood","Sundial","Mercury Hourglass","Dodecahedron","Runic Pyramid","Lantern","Centennial Puzzle","Gremlin Horn","Bag of Marbles","Sozu","Thread and Needle","Shuriken","Smiling Mask","Red Mask"],"potions_floor_usage":[10,13,16,28,31,31,35],"damage_taken":[{"damage":1,"enemies":"Cultist","floor":1,"turns":4},{"damage":10,"enemies":"Jaw Worm","floor":2,"turns":5},{"damage":2,"enemies":"2 Louse","floor":5,"turns":4},{"damage":6,"enemies":"Looter","floor":7,"turns":4},{"damage":45,"enemies":"Lagavulin","floor":10,"turns":8},{"damage":0,"enemies":"Red Slaver","floor":12,"turns":4},{"damage":4,"enemies":"3 Sentries","floor":13,"turns":6},{"damage":14,"enemies":"Lots of Slimes","floor":14,"turns":4},{"damage":17,"enemies":"Slime Boss","floor":16,"turns":9},{"damage":0,"enemies":"Chosen","floor":18,"turns":3},{"damage":0,"enemies":"Shell Parasite","floor":20,"turns":4},{"damage":0,"enemies":"Cultist and Chosen","floor":21,"turns":4},{"damage":0,"enemies":"Snecko","floor":24,"turns":3},{"damage":0,"enemies":"Shelled Parasite and Fungi","floor":28,"turns":4},{"damage":0,"enemies":"Snake Plant","floor":30,"turns":2},{"damage":20,"enemies":"Slavers","floor":31,"turns":3},{"damage":46,"enemies":"Champ","floor":33,"turns":11},{"damage":0,"enemies":"3 Darklings","floor":35,"turns":2},{"damage":19,"enemies":"Mind Bloom Boss Battle","floor":38,"turns":6},{"damage":0,"enemies":"Orb Walker","floor":39,"turns":2},{"damage":3,"enemies":"3 Darklings","floor":41,"turns":3},{"damage":1,"enemies":"Maw","floor":45,"turns":6},{"damage":4,"enemies":"Giant Head","floor":46,"turns":7},{"damage":0,"enemies":"Reptomancer","floor":47,"turns":1},{"damage":29,"enemies":"Time Eater","floor":50,"turns":7}],"seed_played":"-5604587723813844963","potions_obtained":[{"floor":2,"key":"EssenceOfSteel"},{"floor":10,"key":"Dexterity Potion"},{"floor":13,"key":"PowerPotion"},{"floor":16,"key":"Strength Potion"},{"floor":20,"key":"Block Potion"},{"floor":24,"key":"EssenceOfSteel"},{"floor":33,"key":"Swift Potion"}],"is_trial":false,"path_per_floor":["M","M","?","$","M","R","M","R","T","E","R","M","E","M","R","B",null,"M","$","M","M","T","R","M","R","T","R","M","R","M","E","R","B",null,"M","$","?","?","M","R","M","$","T","R","M","E","M","?","R","B"],"character_chosen":"IRONCLAD","items_purchased":["Lantern","Ghostly Armor","Power Through"],"campfire_rested":0,"item_purchase_floors":[19,19,42],"current_hp_per_floor":[80,76,81,81,85,85,85,85,85,46,46,52,54,46,46,35,85,85,85,85,85,85,85,85,85,85,85,85,85,85,71,71,31,85,85,85,74,61,67,67,70,70,70,70,75,77,83,83,83,60],"gold":0,"neow_bonus":"","is_prod":false,"is_daily":false,"chose_seed":false,"campfire_upgraded":12,"win_rate":0,"timestamp":1539420349,"path_taken":["M","?","?","$","M","R","M","R","T","E","R","M","E","M","R","BOSS","M","$","M","M","?","R","M","R","T","R","M","R","?","E","R","BOSS","M","$","?","?","M","R","?","$","T","R","M","E","?","?","R","BOSS"],"build_version":"2018-10-11","purchased_purges":3,"victory":true,"max_hp_per_floor":[80,80,85,85,85,85,85,85,85,85,85,85,85,85,85,85,85,85,85,85,85,85,85,85,85,85,85,85,85,85,85,85,85,85,85,85,85,85,85,85,85,85,85,85,85,85,85,85,85,85],"card_choices":[{"not_picked":["Wild Strike","Flex"],"picked":"Shrug It Off","floor":1},{"not_picked":["Uppercut","True Grit"],"picked":"Searing Blow","floor":2},{"not_picked":["Reckless Charge","True Grit"],"picked":"Heavy Blade","floor":5},{"not_picked":["Shockwave","Clothesline","Combust"],"picked":"SKIP","floor":7},{"not_picked":["Disarm","Cleave","Wild Strike"],"picked":"SKIP","floor":10},{"not_picked":["Clothesline","Havoc"],"picked":"True Grit","floor":12},{"not_picked":["Rage","Headbutt"],"picked":"Fiend Fire","floor":13},{"not_picked":["Body Slam","Blood for Blood"],"picked":"Armaments","floor":14},{"not_picked":["Juggernaut","Dark Embrace"],"picked":"Immolate","floor":16},{"not_picked":["Clothesline","Clash","Headbutt+1"],"picked":"SKIP","floor":18},{"not_picked":["Combust+1","Wild Strike+1","Clothesline"],"picked":"SKIP","floor":20},{"not_picked":["Brutality","Carnage","Rage"],"picked":"SKIP","floor":21},{"not_picked":["Perfected Strike","Armaments","Ghostly Armor"],"picked":"SKIP","floor":24},{"not_picked":["Clothesline","Seeing Red"],"picked":"Evolve+1","floor":28},{"not_picked":["Perfected Strike","Twin Strike","Clash"],"picked":"SKIP","floor":30},{"not_picked":["Juggernaut","Iron Wave+1","Exhume"],"picked":"SKIP","floor":31},{"not_picked":["Ghostly Armor","Pommel Strike"],"picked":"Shrug It Off+1","floor":35},{"not_picked":["Hemokinesis+1","Battle Trance+1"],"picked":"Inflame+1","floor":38},{"not_picked":["Carnage","Pummel","Cleave"],"picked":"SKIP","floor":39},{"not_picked":["Pommel Strike","Shockwave+1"],"picked":"True Grit+1","floor":41},{"not_picked":["Flex","Headbutt","Power Through+1"],"picked":"SKIP","floor":45},{"not_picked":["Evolve","Flex+1","Fiend Fire"],"picked":"SKIP","floor":46},{"not_picked":["Iron Wave","Body Slam","Pommel Strike+1"],"picked":"SKIP","floor":47}],"player_experience":399324,"relics_obtained":[{"floor":9,"key":"Sundial"},{"floor":10,"key":"Mercury Hourglass"},{"floor":13,"key":"Dodecahedron"},{"floor":22,"key":"Centennial Puzzle"},{"floor":26,"key":"Gremlin Horn"},{"floor":31,"key":"Bag of Marbles"},{"floor":38,"key":"Thread and Needle"},{"floor":43,"key":"Shuriken"},{"floor":46,"key":"Smiling Mask"}],"event_choices":[{"event_name":"Big Fish","player_choice":"Donut","floor":3,"damage_taken":0},{"event_name":"Winding Halls","player_choice":"Embrace Madness","floor":37,"damage_taken":0},{"event_name":"MindBloom","player_choice":"Fight","floor":38,"damage_taken":0},{"event_name":"Tomb of Lord Red Mask","player_choice":"Paid","floor":48,"damage_taken":0}],"is_beta":false,"boss_relics":[{"not_picked":["White Beast Statue","Black Blood"],"picked":"Runic Pyramid"},{"not_picked":["Tiny House","Black Star"],"picked":"Sozu"}],"items_purged_floors":[4,19,36],"is_endless":false,"potions_floor_spawned":[2,10,13,16,20,24,33,35,46],"ascension_level":3}