{"gold_per_floor":[116,126,201,201,79,112,112,126,196,215,248,248,272,296,296,420,420,438,438,459,459,459,459],"floor_reached":23,"playtime":653,"items_purged":[],"score":271,"play_id":"dc6fd817-b068-4499-9dc3-1b130c246c4c","local_time":"20190504213051","is_ascension_mode":true,"campfire_choices":[{"floor":12,"key":"REST"},{"floor":15,"key":"REST"}],"neow_cost":"NONE","seed_source_timestamp":1650148943632264,"circlet_count":0,"master_deck":["Strike_B","Strike_B","Strike_B","Strike_B","Defend_B","Defend_B","Defend_B","Defend_B","Zap","Dualcast","Coolheaded","Static Discharge","Fission","Ball Lightning","Defragment","Steam","Streamline","Compile Driver","Fission","Core Surge"],"relics":["Cracked Core","NeowsBlessing","Golden Idol","Art of War","Happy Flower","Pantograph","Singing Bowl","Philosopher\u0027s Stone"],"potions_floor_usage":[11,11,11],"damage_taken":[{"damage":0,"enemies":"Small Slimes","floor":1,"turns":1},{"damage":0,"enemies":"2 Louse","floor":2,"turns":1},{"damage":0,"enemies":"3 Sentries","floor":6,"turns":1},{"damage":5,"enemies":"Jaw Worm","floor":8,"turns":4},{"damage":18,"enemies":"Large Slime","floor":10,"turns":6},{"damage":14,"enemies":"Gremlin Nob","floor":11,"turns":3},{"damage":13,"enemies":"Blue Slaver","floor":13,"turns":3},{"damage":4,"enemies":"Red Slaver","floor":14,"turns":3},{"damage":23,"enemies":"The Guardian","floor":16,"turns":11},{"damage":39,"enemies":"3 Byrds","floor":18,"turns":4},{"damage":20,"enemies":"Chosen","floor":20,"turns":6},{"damage":53,"enemies":"Gremlin Leader","floor":23,"turns":4}],"seed_played":"-3655824873218626176","potions_obtained":[{"floor":6,"key":"FearPotion"},{"floor":8,"key":"Weak Potion"},{"floor":13,"key":"FocusPotion"},{"floor":20,"key":"FearPotion"}],"is_trial":false,"path_per_floor":["M","M","?","?","$","E","?","M","T","M","E","R","M","M","R","B",null,"M","?","M","?","?","E"],"character_chosen":"DEFECT","items_purchased":["Fission","PowerPotion"],"campfire_rested":2,"item_purchase_floors":[5,5],"current_hp_per_floor":[75,75,64,46,46,46,39,34,34,16,4,27,14,12,35,39,81,42,42,22,49,49,0],"gold":459,"neow_bonus":"THREE_ENEMY_KILL","is_prod":false,"is_daily":false,"chose_seed":false,"campfire_upgraded":0,"win_rate":0,"timestamp":1556962251,"path_taken":["M","M","?","?","?","E","?","M","T","M","E","R","M","?","R","BOSS","M","?","?","?","?","E"],"build_version":"2019-01-23","purchased_purges":0,"victory":false,"max_hp_per_floor":[75,75,75,75,75,75,75,75,75,75,77,77,77,79,79,81,81,81,81,81,81,81,81],"card_choices":[{"not_picked":["Steam Power","Cold Snap"],"picked":"Coolheaded","floor":1},{"not_picked":["Fusion","Gash"],"picked":"Static Discharge","floor":2},{"not_picked":["Meteor Strike","Stack"],"picked":"Ball Lightning","floor":6},{"not_picked":["Conserve Battery","Go for the Eyes"],"picked":"Defragment","floor":8},{"not_picked":["Darkness","Gash"],"picked":"Steam","floor":10},{"not_picked":["Gash","Aggregate","Melter"],"picked":"Singing Bowl","floor":11},{"not_picked":["Steam","Rip and Tear"],"picked":"Streamline","floor":13},{"not_picked":["Gash","Blizzard","Turbo"],"picked":"Singing Bowl","floor":14},{"not_picked":["Creative AI","Fission","Meteor Strike"],"picked":"Singing Bowl","floor":16},{"not_picked":["Steam","Recycle"],"picked":"Compile Driver","floor":18},{"not_picked":["Leap","Hologram"],"picked":"Core Surge","floor":20}],"player_experience":179518,"relics_obtained":[{"floor":6,"key":"Art of War"},{"floor":9,"key":"Pantograph"},{"floor":11,"key":"Singing Bowl"}],"event_choices":[{"damage_healed":0,"gold_gain":75,"player_choice":"Gather Gold","damage_taken":11,"max_hp_gain":0,"max_hp_loss":0,"event_name":"World of Goop","floor":3,"gold_loss":0},{"damage_healed":0,"gold_gain":0,"player_choice":"Take Damage","damage_taken":18,"relics_obtained":["Golden Idol"],"max_hp_gain":0,"max_hp_loss":0,"event_name":"Golden Idol","floor":4,"gold_loss":0},{"damage_healed":0,"gold_gain":0,"player_choice":"Success","damage_taken":7,"relics_obtained":["Happy Flower"],"max_hp_gain":0,"max_hp_loss":0,"event_name":"Scrap Ooze","floor":7,"gold_loss":0},{"damage_healed":0,"gold_gain":0,"player_choice":"1 cards matched","damage_taken":0,"max_hp_gain":0,"max_hp_loss":0,"event_name":"Match and Keep!","floor":19,"gold_loss":0,"cards_obtained":["Fission"]},{"damage_healed":27,"gold_gain":0,"player_choice":"Heal","damage_taken":0,"max_hp_gain":0,"max_hp_loss":0,"event_name":"The Library","floor":21,"gold_loss":0},{"damage_healed":0,"gold_gain":0,"player_choice":"Ignored","damage_taken":0,"max_hp_gain":0,"max_hp_loss":0,"event_name":"Cursed Tome","floor":22,"gold_loss":0}],"is_beta":false,"boss_relics":[{"not_picked":["Eternal Feather","Nuclear Battery"],"picked":"Philosopher\u0027s Stone"}],"items_purged_floors":[],"is_endless":false,"potions_floor_spawned":[6,8,10,13,20],"killed_by":"Gremlin Leader","ascension_level":4}