{"gold_per_floor":[114,124,299,318,393,393,424,424,424,424,16,49,66,86,86,190,190,203,203,203,203],"floor_reached":21,"playtime":981,"items_purged":["Doubt"],"score":234,"play_id":"ea6beb97-c30e-4851-8103-4e386b977a49","local_time":"20181101004206","is_ascension_mode":true,"campfire_choices":[{"data":"Searing Blow","floor":6,"key":"SMITH"},{"data":"Bash","floor":8,"key":"SMITH"},{"data":"Searing Blow+1","floor":10,"key":"SMITH"},{"data":"Armaments","floor":15,"key":"SMITH"}],"neow_cost":"NONE","seed_source_timestamp":441994123707554,"circlet_count":0,"master_deck":["Strike_R","Strike_R","Strike_R","Strike_R","Strike_R","Defend_R","Defend_R","Defend_R","Defend_R","Bash+1","Searing Blow+2","Ghostly Armor","Demon Form","Power Through","True Grit","Heavy Blade","Armaments+1","Immolate","Evolve+1"],"relics":["Burning Blood","NeowsBlessing","Bird Faced Urn","Mummified Hand","Pantograph","Calipers","Velvet Choker"],"potions_floor_usage":[7,7,16],"damage_taken":[{"damage":0,"enemies":"Small Slimes","floor":1,"turns":1},{"damage":0,"enemies":"2 Louse","floor":2,"turns":1},{"damage":0,"enemies":"Jaw Worm","floor":4,"turns":1},{"damage":15,"enemies":"3 Sentries","floor":7,"turns":11},{"damage":21,"enemies":"Lagavulin","floor":12,"turns":8},{"damage":7,"enemies":"3 Louse","floor":13,"turns":4},{"damage":7,"enemies":"Red Slaver","floor":14,"turns":4},{"damage":39,"enemies":"Slime Boss","floor":16,"turns":9},{"damage":15,"enemies":"Shell Parasite","floor":18,"turns":5},{"damage":14,"enemies":"Colosseum Slavers","floor":21,"turns":4},{"damage":29,"enemies":"Colosseum Nobs","floor":21,"turns":3}],"seed_played":"4433399876840949053","potions_obtained":[{"floor":1,"key":"Energy Potion"},{"floor":4,"key":"Regen Potion"},{"floor":14,"key":"Swift Potion"}],"is_trial":false,"path_per_floor":["M","M","?","M","?","R","E","R","T","R","$","E","M","M","R","B",null,"M","?","?"],"character_chosen":"IRONCLAD","items_purchased":["Pantograph","Power Through"],"campfire_rested":0,"item_purchase_floors":[11,11],"current_hp_per_floor":[80,80,80,80,69,69,75,75,75,75,75,62,61,60,60,47,72,65,50,50,19],"gold":203,"neow_bonus":"THREE_ENEMY_KILL","is_prod":false,"is_daily":false,"chose_seed":false,"campfire_upgraded":4,"win_rate":0,"timestamp":1541000526,"path_taken":["M","M","?","M","?","R","E","R","T","R","$","E","M","M","R","BOSS","M","?","?","?"],"build_version":"2018-10-25v2","purchased_purges":1,"victory":false,"max_hp_per_floor":[80,80,80,80,80,80,80,80,80,80,80,80,80,80,80,80,80,80,85,85,85],"card_choices":[{"not_picked":["Clash","Spot Weakness"],"picked":"Searing Blow","floor":1},{"not_picked":["Cleave","Bloodletting"],"picked":"Ghostly Armor","floor":2},{"not_picked":["Sword Boomerang","Burning Pact","Anger"],"picked":"SKIP","floor":4},{"not_picked":["Pommel Strike","Carnage"],"picked":"Demon Form","floor":7},{"not_picked":["Dropkick","Havoc"],"picked":"True Grit","floor":12},{"not_picked":["Clothesline","Sever Soul"],"picked":"Heavy Blade","floor":13},{"not_picked":["Body Slam","Pommel Strike"],"picked":"Armaments","floor":14},{"not_picked":["Offering","Double Tap"],"picked":"Immolate","floor":16},{"not_picked":["Clash+1","Headbutt"],"picked":"Evolve+1","floor":18}],"player_experience":421668,"relics_obtained":[{"floor":7,"key":"Bird Faced Urn"},{"floor":9,"key":"Mummified Hand"},{"floor":12,"key":"Calipers"}],"event_choices":[{"damage_healed":0,"gold_gain":175,"player_choice":"AGREE","damage_taken":0,"max_hp_gain":0,"max_hp_loss":0,"event_name":"Liars Game","floor":3,"gold_loss":0,"cards_obtained":["Doubt"]},{"damage_healed":0,"gold_gain":75,"player_choice":"Gather Gold","damage_taken":11,"max_hp_gain":0,"max_hp_loss":0,"event_name":"World of Goop","floor":5,"gold_loss":0},{"damage_healed":0,"gold_gain":0,"player_choice":"Shed Blood","damage_taken":20,"max_hp_gain":5,"max_hp_loss":0,"event_name":"Forgotten Altar","floor":19,"gold_loss":0},{"damage_healed":0,"gold_gain":0,"player_choice":"Ignored","damage_taken":0,"max_hp_gain":0,"max_hp_loss":0,"event_name":"Ghosts","floor":20,"gold_loss":0},{"damage_healed":0,"gold_gain":0,"player_choice":"Fight","damage_taken":0,"max_hp_gain":0,"max_hp_loss":0,"event_name":"Colosseum","floor":21,"gold_loss":0},{"damage_healed":0,"gold_gain":0,"player_choice":"Fought Nobs","damage_taken":0,"max_hp_gain":0,"max_hp_loss":0,"event_name":"Colosseum","floor":21,"gold_loss":0}],"is_beta":false,"boss_relics":[{"not_picked":["Busted Crown","Astrolabe"],"picked":"Velvet Choker"}],"items_purged_floors":[11],"is_endless":false,"potions_floor_spawned":[1,4,14,21],"killed_by":"Colosseum Nobs","ascension_level":5}