{"gold_per_floor":[109,17,17,34,34,61,73,100,164,196,221,247,278,290,302,410,422,444,472,494,554,586,598],"floor_reached":23,"playtime":580,"items_purged":[],"score":222,"play_id":"981635f5-5bb7-4d93-a5a1-cb99eaa9ff53","local_time":"20190511235604","is_ascension_mode":false,"campfire_choices":[{"data":"Static Discharge","floor":7,"key":"SMITH"},{"data":"Loop","floor":15,"key":"SMITH"}],"neow_cost":"NONE","seed_source_timestamp":2263744498019107,"circlet_count":0,"master_deck":["Strike_B","Strike_B","Strike_B","Strike_B","Defend_B","Defend_B","Defend_B","Defend_B","Zap","Dualcast","Sweeping Beam","Static Discharge+1","Leap","Go for the Eyes","Glacier","Storm","Storm","Loop+1","Defragment","Coolheaded","Pain","Buffer","Glacier+1","Loop","Sweeping Beam+1","Storm"],"relics":["Cracked Core","NeowsBlessing","DataDisk","MawBank","Orichalcum","WarpedTongs","Inserter","Lantern"],"potions_floor_usage":[22,23,23],"damage_taken":[{"damage":0,"enemies":"Cultist","floor":1,"turns":1},{"damage":0,"enemies":"2 Louse","floor":4,"turns":1},{"damage":0,"enemies":"Gremlin Nob","floor":6,"turns":1},{"damage":5,"enemies":"Small Slimes","floor":8,"turns":2},{"damage":0,"enemies":"2 Fungi Beasts","floor":10,"turns":3},{"damage":0,"enemies":"Exordium Wildlife","floor":11,"turns":3},{"damage":7,"enemies":"Blue Slaver","floor":12,"turns":3},{"damage":6,"enemies":"2 Fungi Beasts","floor":13,"turns":2},{"damage":23,"enemies":"Slime Boss","floor":16,"turns":7},{"damage":2,"enemies":"Shell Parasite","floor":18,"turns":10},{"damage":35,"enemies":"2 Thieves","floor":19,"turns":4},{"damage":15,"enemies":"Centurion and Healer","floor":20,"turns":6},{"damage":11,"enemies":"Snake Plant","floor":22,"turns":3},{"damage":18,"enemies":"Slavers","floor":23,"turns":1}],"seed_played":"-2452786119623928246","potions_obtained":[{"floor":1,"key":"GamblersBrew"},{"floor":6,"key":"Dexterity Potion"},{"floor":13,"key":"Fire Potion"},{"floor":16,"key":"AttackPotion"},{"floor":22,"key":"Strength Potion"}],"is_trial":false,"path_per_floor":["M","$","?","M","$","E","R","M","T","M","M","M","M","?","R","B",null,"M","M","M","T","M","E"],"character_chosen":"DEFECT","items_purchased":["Static Discharge","Leap"],"campfire_rested":0,"item_purchase_floors":[2,2],"current_hp_per_floor":[75,75,75,75,75,75,75,70,70,70,70,63,57,57,57,34,75,73,38,23,23,12,0],"gold":598,"neow_bonus":"THREE_ENEMY_KILL","is_prod":false,"is_daily":false,"chose_seed":false,"campfire_upgraded":2,"win_rate":0,"timestamp":1557575764,"path_taken":["M","$","?","M","?","E","R","M","T","M","M","M","?","?","R","BOSS","M","M","M","?","M","E"],"build_version":"2019-01-23","purchased_purges":0,"victory":false,"max_hp_per_floor":[75,75,75,75,75,75,75,75,75,75,75,75,75,75,75,75,75,75,75,75,75,75,75],"card_choices":[{"not_picked":["Streamline","Stack"],"picked":"Sweeping Beam","floor":1},{"not_picked":["Gash","Streamline"],"picked":"Go for the Eyes","floor":4},{"not_picked":["Storm","Double Energy"],"picked":"Glacier","floor":6},{"not_picked":["Cold Snap","Sweeping Beam"],"picked":"Storm","floor":8},{"not_picked":["Cold Snap","Redo"],"picked":"Storm","floor":10},{"not_picked":["Lockon","Capacitor"],"picked":"Loop","floor":11},{"not_picked":["Blizzard","Coolheaded"],"picked":"Defragment","floor":12},{"not_picked":["Reprogram","Doom and Gloom"],"picked":"Coolheaded","floor":13},{"not_picked":["Seek","Thunder Strike"],"picked":"Buffer","floor":16},{"not_picked":["Streamline","Barrage"],"picked":"Glacier+1","floor":18},{"not_picked":["Go for the Eyes","Rebound"],"picked":"Loop","floor":19},{"not_picked":["Gash","Leap"],"picked":"Sweeping Beam+1","floor":20},{"not_picked":["Sunder","Aggregate"],"picked":"Storm","floor":22}],"player_experience":230728,"relics_obtained":[{"floor":6,"key":"MawBank"},{"floor":9,"key":"Orichalcum"},{"floor":21,"key":"Lantern"}],"event_choices":[{"damage_healed":0,"gold_gain":0,"player_choice":"Gave Potion","damage_taken":0,"relics_obtained":["DataDisk"],"max_hp_gain":0,"max_hp_loss":0,"event_name":"WeMeetAgain","floor":3,"gold_loss":0},{"damage_healed":0,"gold_gain":0,"player_choice":"Rummage","damage_taken":0,"relics_obtained":["WarpedTongs"],"max_hp_gain":0,"max_hp_loss":0,"event_name":"Accursed Blacksmith","floor":14,"gold_loss":0,"cards_obtained":["Pain"]}],"is_beta":false,"boss_relics":[{"not_picked":["Black Star","Runic Pyramid"],"picked":"Inserter"}],"items_purged_floors":[],"is_endless":false,"potions_floor_spawned":[1,6,13,16,18,22],"killed_by":"Slavers","ascension_level":0}