{"gold_per_floor":[12,23,42,60,73,73,88,119,119,147,147,181,181,207,207,285,285,299,399,415,415,427,427,462,70,70,70,70,102,115,134,134,207,207,223,275,292,192,206,240,240,240,265,265,296,306,181,200,200,200,200],"floor_reached":52,"playtime":3823,"items_purged":["Strike_B","Defend_B","Defend_B"],"score":2239,"play_id":"ae3b1469-ee7c-46dd-84bd-347eaf8805f9","local_time":"20181106231531","is_ascension_mode":true,"campfire_choices":[{"data":"Zap","floor":6,"key":"SMITH"},{"data":"Lockon","floor":11,"key":"SMITH"},{"data":"Sunder","floor":13,"key":"SMITH"},{"data":"Cold Snap","floor":15,"key":"SMITH"},{"floor":23,"key":"REST"},{"floor":27,"key":"REST"},{"floor":32,"key":"REST"},{"floor":41,"key":"REST"},{"floor":44,"key":"REST"},{"floor":49,"key":"REST"}],"neow_cost":"NO_GOLD","seed_source_timestamp":1825674185859530,"circlet_count":0,"master_deck":["AscendersBane","Defend_B","Defend_B","Zap+1","Ball Lightning","FTL","Rebound","Cold Snap+1","Lockon+1","Chill","Compile Driver","Sunder+1","Reinforced Body","Echo Form","Chill","Genetic Algorithm","Defragment","Auto Shields+1","RitualDagger","Glacier+1","Blizzard+1","Reboot","Sunder+1","Barrage+1","Ball Lightning+1","Reinforced Body+1","Stack+1","Coolheaded+1","Hologram+1","Ball Lightning+1","Electrodynamics"],"relics":["Cracked Core","Thread and Needle","Happy Flower","Ornamental Fan","Strawberry","DataDisk","Incense Burner","Fusion Hammer","Ginger","Cables","Meat on the Bone","Emotion Chip","Pantograph","Calipers","Astrolabe","Mango","Sundial","Anchor","Lantern"],"potions_floor_usage":[7,10,12,29,50,51],"damage_taken":[{"damage":0,"enemies":"Cultist","floor":1,"turns":3},{"damage":1,"enemies":"Small Slimes","floor":2,"turns":3},{"damage":0,"enemies":"Jaw Worm","floor":3,"turns":3},{"damage":5,"enemies":"Lots of Slimes","floor":4,"turns":4},{"damage":3,"enemies":"Exordium Wildlife","floor":5,"turns":3},{"damage":8,"enemies":"Red Slaver","floor":7,"turns":3},{"damage":23,"enemies":"Lagavulin","floor":8,"turns":6},{"damage":2,"enemies":"Gremlin Nob","floor":10,"turns":3},{"damage":0,"enemies":"Lagavulin","floor":12,"turns":7},{"damage":0,"enemies":"Gremlin Nob","floor":14,"turns":2},{"damage":32,"enemies":"Hexaghost","floor":16,"turns":8},{"damage":1,"enemies":"2 Thieves","floor":18,"turns":3},{"damage":0,"enemies":"Colosseum Slavers","floor":19,"turns":4},{"damage":5,"enemies":"Colosseum Nobs","floor":19,"turns":4},{"damage":3,"enemies":"3 Byrds","floor":20,"turns":4},{"damage":21,"enemies":"Shelled Parasite and Fungi","floor":22,"turns":5},{"damage":0,"enemies":"Gremlin Leader","floor":24,"turns":6},{"damage":10,"enemies":"Book of Stabbing","floor":29,"turns":4},{"damage":3,"enemies":"Snecko","floor":30,"turns":4},{"damage":0,"enemies":"Sentry and Sphere","floor":31,"turns":7},{"damage":0,"enemies":"Champ","floor":33,"turns":30},{"damage":6,"enemies":"Orb Walker","floor":35,"turns":3},{"damage":42,"enemies":"2 Orb Walkers","floor":36,"turns":7},{"damage":0,"enemies":"3 Darklings","floor":37,"turns":6},{"damage":0,"enemies":"Sphere and 2 Shapes","floor":39,"turns":5},{"damage":11,"enemies":"Reptomancer","floor":40,"turns":8},{"damage":14,"enemies":"Giant Head","floor":45,"turns":9},{"damage":5,"enemies":"Writhing Mass","floor":46,"turns":8},{"damage":0,"enemies":"Transient","floor":48,"turns":6},{"damage":0,"enemies":"Time Eater","floor":50,"turns":21},{"damage":3,"enemies":"Donu and Deca","floor":51,"turns":10}],"seed_played":"3588475294696071624","potions_obtained":[{"floor":4,"key":"FearPotion"},{"floor":5,"key":"Regen Potion"},{"floor":8,"key":"Dexterity Potion"},{"floor":10,"key":"LiquidBronze"},{"floor":12,"key":"Weak Potion"},{"floor":30,"key":"EssenceOfSteel"},{"floor":33,"key":"Dexterity Potion"},{"floor":42,"key":"SkillPotion"},{"floor":46,"key":"Block Potion"}],"is_trial":false,"path_per_floor":["M","M","M","M","M","R","M","E","T","E","R","E","R","E","R","B",null,"M","?","M","?","M","R","E","$","T","R","?","E","M","M","R","B",null,"M","?","M","$","M","E","R","?","T","R","E","M","$","M","R","B","B",null],"character_chosen":"DEFECT","items_purchased":["Emotion Chip"],"campfire_rested":6,"item_purchase_floors":[25],"current_hp_per_floor":[64,63,63,58,55,55,56,33,33,38,38,38,38,38,38,6,60,59,54,51,51,30,53,53,53,53,76,70,60,57,57,78,78,78,72,56,56,56,56,57,84,84,84,92,78,73,73,73,92,92,89],"gold":200,"neow_bonus":"ONE_RARE_RELIC","is_prod":false,"is_daily":false,"chose_seed":false,"campfire_upgraded":4,"win_rate":0,"timestamp":1541542531,"path_taken":["M","M","?","M","M","R","M","E","T","E","R","E","R","E","R","BOSS","M","?","M","?","?","R","E","$","T","R","?","E","M","M","R","BOSS","M","?","M","$","M","E","R","?","T","R","E","M","$","?","R","BOSS","BOSS"],"build_version":"2018-11-01","purchased_purges":3,"victory":true,"max_hp_per_floor":[71,71,71,71,71,71,71,71,71,78,78,78,78,78,78,78,78,78,78,78,78,78,78,78,78,78,78,78,78,78,78,78,78,78,78,92,92,92,92,92,92,92,92,92,92,92,92,92,92,92,92],"card_choices":[{"not_picked":["Cold Snap","White Noise"],"picked":"Ball Lightning","floor":1},{"not_picked":["Coolheaded","Sweeping Beam"],"picked":"FTL","floor":2},{"not_picked":["Steam","Stack","Recycle"],"picked":"SKIP","floor":3},{"not_picked":["Turbo","Coolheaded"],"picked":"Rebound","floor":4},{"not_picked":["Streamline","Recycle"],"picked":"Cold Snap","floor":5},{"not_picked":["Turbo","Heatsinks"],"picked":"Lockon","floor":7},{"not_picked":["Rebound","Hello World"],"picked":"Chill","floor":8},{"not_picked":["Loop","Conserve Battery"],"picked":"Compile Driver","floor":10},{"not_picked":["Redo","Scrape"],"picked":"Sunder","floor":12},{"not_picked":["Compile Driver","Double Energy"],"picked":"Reinforced Body","floor":14},{"not_picked":["Core Surge","All For One"],"picked":"Echo Form","floor":16},{"not_picked":["Chaos","Leap","Streamline"],"picked":"SKIP","floor":18},{"not_picked":["Static Discharge","Leap"],"picked":"Chill","floor":19},{"not_picked":["Storm","Turbo"],"picked":"Genetic Algorithm","floor":20},{"not_picked":["Recycle+1","Beam Cell"],"picked":"Defragment","floor":22},{"not_picked":["Leap","Conserve Battery"],"picked":"Auto Shields+1","floor":24},{"not_picked":["Loop","Gash","Thunder Strike"],"picked":"SKIP","floor":29},{"not_picked":["Loop","Gash","Thunder Strike"],"picked":"SKIP","floor":29},{"not_picked":["Tempest","Conserve Battery"],"picked":"Glacier+1","floor":30},{"not_picked":["Cold Snap","Force Field"],"picked":"Blizzard+1","floor":31},{"not_picked":["Machine Learning","Rainbow"],"picked":"Reboot","floor":33},{"not_picked":["Barrage","Beam Cell+1","Leap"],"picked":"SKIP","floor":35},{"not_picked":["Turbo+1","Genetic Algorithm+1"],"picked":"Reinforced Body+1","floor":36},{"not_picked":["White Noise","Ball Lightning"],"picked":"Stack+1","floor":37},{"not_picked":["Turbo","FTL","Aggregate"],"picked":"SKIP","floor":39},{"not_picked":["Hologram","Loop"],"picked":"Coolheaded+1","floor":40},{"not_picked":["Coolheaded","Sweeping Beam+1"],"picked":"Hologram+1","floor":45},{"not_picked":["Loop","Steam"],"picked":"Ball Lightning+1","floor":46},{"not_picked":["Coolheaded+1","Reinforced Body"],"picked":"Electrodynamics","floor":48}],"player_experience":1563643,"relics_obtained":[{"floor":8,"key":"Happy Flower"},{"floor":9,"key":"Ornamental Fan"},{"floor":10,"key":"Strawberry"},{"floor":12,"key":"DataDisk"},{"floor":14,"key":"Incense Burner"},{"floor":19,"key":"Ginger"},{"floor":19,"key":"Cables"},{"floor":24,"key":"Meat on the Bone"},{"floor":26,"key":"Pantograph"},{"floor":29,"key":"Calipers"},{"floor":36,"key":"Mango"},{"floor":40,"key":"Sundial"},{"floor":43,"key":"Anchor"},{"floor":45,"key":"Lantern"}],"event_choices":[{"damage_healed":0,"gold_gain":0,"player_choice":"Fight","damage_taken":0,"max_hp_gain":0,"max_hp_loss":0,"event_name":"Colosseum","floor":19,"gold_loss":0},{"damage_healed":0,"gold_gain":0,"player_choice":"Fought Nobs","damage_taken":0,"max_hp_gain":0,"max_hp_loss":0,"event_name":"Colosseum","floor":19,"gold_loss":0},{"cards_removed":["Strike_B"],"damage_healed":0,"gold_gain":0,"player_choice":"Purged","damage_taken":0,"max_hp_gain":0,"max_hp_loss":0,"event_name":"Purifier","floor":21,"gold_loss":0},{"damage_healed":0,"gold_gain":0,"player_choice":"Joined the Cult","damage_taken":6,"max_hp_gain":0,"max_hp_loss":0,"event_name":"Nest","floor":28,"gold_loss":0,"cards_obtained":["RitualDagger"]},{"damage_healed":0,"gold_gain":0,"player_choice":"Fight","damage_taken":0,"max_hp_gain":0,"max_hp_loss":0,"event_name":"Mysterious Sphere","floor":36,"gold_loss":0},{"damage_healed":0,"gold_gain":0,"player_choice":"Got Potions","damage_taken":0,"max_hp_gain":0,"max_hp_loss":0,"event_name":"Lab","floor":42,"gold_loss":0}],"is_beta":false,"boss_relics":[{"not_picked":["Black Star","Sozu"],"picked":"Fusion Hammer"},{"not_picked":["Pandora\u0027s Box","Cursed Key"],"picked":"Astrolabe"}],"items_purged_floors":[25,38,47],"is_endless":false,"potions_floor_spawned":[4,5,8,10,12,19,24,30,33,35,39,46],"ascension_level":20}