{"gold_per_floor":[112,131,36,36,36,36,63,81,130,142,167,183,218,238,238,315,315,331,331,348,348,365,365,69,81,81,81,94,121,46,75,75,153,153,168,182,282,282,301,301,317,174,474,474,485,504,519,533,533,533],"floor_reached":50,"playtime":3005,"items_purged":["Strike_B"],"score":1101,"play_id":"9b3ea3b0-e4e4-4019-834b-9f174524ffbd","local_time":"20190205162620","is_ascension_mode":true,"campfire_choices":[{"data":"Beam Cell","floor":6.0,"key":"SMITH"},{"data":"Biased Cognition","floor":15.0,"key":"SMITH"},{"floor":23,"key":"REST"},{"floor":27,"key":"DIG"},{"floor":32,"key":"REST"},{"floor":40,"key":"DIG"},{"floor":49,"key":"REST"}],"neow_cost":"NONE","seed_source_timestamp":582806113230080,"circlet_count":0,"master_deck":["AscendersBane","Strike_B+1","Strike_B+1","Defend_B","Defend_B","Defend_B","Zap","Dualcast","Melter","Leap","Beam Cell+1","FTL","Seek","Coolheaded","Compile Driver","Biased Cognition+1","Capacitor","White Noise","Buffer+1","Consume+1","Ball Lightning","Electrodynamics","Echo Form+1","Static Discharge+1","Mind Blast","Sunder"],"special_seed":0,"relics":["Cracked Core","NeowsBlessing","PreservedInsect","Pen Nib","Omamori","Whetstone","Snecko Eye","Shovel","ClockworkSouvenir","Dead Branch","Frozen Egg 2","Bottled Flame","Red Mask","Sozu","Mango","Nunchaku","Old Coin"],"potions_floor_usage":[25,33],"damage_taken":[{"damage":0.0,"enemies":"Small Slimes","floor":1.0,"turns":1.0},{"damage":0.0,"enemies":"Cultist","floor":2.0,"turns":1.0},{"damage":0.0,"enemies":"Lagavulin","floor":7.0,"turns":1.0},{"damage":0.0,"enemies":"2 Louse","floor":8.0,"turns":2.0},{"damage":1.0,"enemies":"Blue Slaver","floor":10.0,"turns":3.0},{"damage":12.0,"enemies":"3 Sentries","floor":11.0,"turns":5.0},{"damage":1.0,"enemies":"2 Fungi Beasts","floor":12.0,"turns":3.0},{"damage":5.0,"enemies":"Lagavulin","floor":13.0,"turns":5.0},{"damage":1.0,"enemies":"3 Louse","floor":14.0,"turns":3.0},{"damage":39.0,"enemies":"Slime Boss","floor":16.0,"turns":9.0},{"damage":0.0,"enemies":"Spheric Guardian","floor":18.0,"turns":2.0},{"damage":9,"enemies":"Chosen","floor":20,"turns":7},{"damage":23,"enemies":"Sentry and Sphere","floor":22,"turns":5},{"damage":0,"enemies":"Centurion and Healer","floor":25,"turns":7},{"damage":7,"enemies":"3 Cultists","floor":28,"turns":4},{"damage":0,"enemies":"Gremlin Leader","floor":29,"turns":3},{"damage":12,"enemies":"Masked Bandits","floor":31,"turns":2},{"damage":41,"enemies":"Collector","floor":33,"turns":7},{"damage":16,"enemies":"Orb Walker","floor":35,"turns":3},{"damage":7,"enemies":"3 Shapes","floor":36,"turns":2},{"damage":8,"enemies":"Mind Bloom Boss Battle","floor":37,"turns":6},{"damage":8,"enemies":"Spire Growth","floor":39,"turns":4},{"damage":20,"enemies":"Sphere and 2 Shapes","floor":41,"turns":3},{"damage":0,"enemies":"Maw","floor":45,"turns":5},{"damage":30,"enemies":"Spire Growth","floor":46,"turns":4},{"damage":0,"enemies":"Sphere and 2 Shapes","floor":47,"turns":2},{"damage":0,"enemies":"Transient","floor":48,"turns":6},{"damage":38,"enemies":"Donu and Deca","floor":50,"turns":2}],"seed_played":"3531446164939991504","potions_obtained":[{"floor":2.0,"key":"Swift Potion"},{"floor":7.0,"key":"Ancient Potion"},{"floor":13.0,"key":"SkillPotion"},{"floor":14.0,"key":"Block Potion"},{"floor":22,"key":"Energy Potion"},{"floor":31,"key":"EssenceOfSteel"}],"is_trial":false,"path_per_floor":["M","M","$","?","$","R","E","M","T","M","E","M","E","M","R","B",null,"M","?","M","?","M","R","$","M","T","R","M","E","?","?","R","B",null,"M","M","?","?","M","R","M","$","T","?","M","M","M","M","R","B"],"character_chosen":"DEFECT","items_purchased":["Beam Cell","FTL","ClockworkSouvenir","Mind Blast","Sunder"],"campfire_rested":3,"item_purchase_floors":[3,3,24,42,42],"current_hp_per_floor":[64,64,64,64,64,64,64,64,64,63,51,50,45,44,44,5,55,55,55,46,46,23,44,44,44,44,44,37,37,37,25,46,5,55,39,32,38,70,62,62,42,42,42,42,42,12,12,12,33,0],"gold":533,"neow_bonus":"THREE_ENEMY_KILL","is_prod":false,"is_daily":false,"chose_seed":false,"campfire_upgraded":2,"win_rate":0,"timestamp":1549376780,"path_taken":["M","M","$","?","$","R","E","M","T","?","E","M","E","M","R","BOSS","M","?","M","?","M","R","$","M","T","R","M","E","?","?","R","BOSS","M","M","?","?","M","R","M","$","T","?","M","?","M","M","R","BOSS"],"build_version":"2019-01-23","purchased_purges":1,"victory":false,"max_hp_per_floor":[71,71,71,71,71,71,71,71,71,71,71,71,71,71,71,71,71,71,71,71,71,71,71,71,71,71,71,71,71,71,71,71,71,71,71,71,85,70,70,70,70,70,70,70,70,70,70,70,70,70],"card_choices":[{"not_picked":["Barrage","Stack"],"picked":"Melter","floor":1.0},{"not_picked":["Conserve Battery","Steam"],"picked":"Leap","floor":2.0},{"not_picked":["Recycle","Streamline","Compile Driver"],"picked":"SKIP","floor":7.0},{"not_picked":["Gash","Stack"],"picked":"Coolheaded","floor":8.0},{"not_picked":["Sweeping Beam","Beam Cell"],"picked":"Compile Driver","floor":10.0},{"not_picked":["Go for the Eyes","Conserve Battery"],"picked":"Biased Cognition","floor":11.0},{"not_picked":["Storm","Hologram","Leap"],"picked":"SKIP","floor":12.0},{"not_picked":["Chaos","Beam Cell"],"picked":"Capacitor","floor":13.0},{"not_picked":["Capacitor","Hologram"],"picked":"White Noise","floor":14.0},{"not_picked":["Rainbow","Amplify"],"picked":"Buffer","floor":16.0},{"not_picked":["Turbo","Undo","Steam"],"picked":"SKIP","floor":18},{"not_picked":["Beam Cell","Chill"],"picked":"Consume+1","floor":20},{"not_picked":["Coolheaded","BootSequence"],"picked":"Ball Lightning","floor":22},{"not_picked":["Leap","Rebound"],"picked":"Electrodynamics","floor":25},{"not_picked":["Hologram","Chaos","Fusion"],"picked":"SKIP","floor":28},{"not_picked":["Leap","Ball Lightning","Beam Cell+1"],"picked":"SKIP","floor":29},{"not_picked":["Electrodynamics+1","Core Surge"],"picked":"Echo Form+1","floor":33},{"not_picked":["Rebound","Heatsinks+1","Barrage"],"picked":"SKIP","floor":35},{"not_picked":["Gash","Turbo"],"picked":"Static Discharge+1","floor":36},{"not_picked":["Conserve Battery","Seek","Redo+1"],"picked":"SKIP","floor":39},{"not_picked":["Ball Lightning","Gash+1","Redo+1"],"picked":"SKIP","floor":41},{"not_picked":["Beam Cell","Go for the Eyes+1","Rebound"],"picked":"SKIP","floor":45},{"not_picked":["Gash","Static Discharge+1","Hologram+1"],"picked":"SKIP","floor":46},{"not_picked":["Rebound+1","Turbo","Ball Lightning"],"picked":"SKIP","floor":47},{"not_picked":["Double Energy","Cold Snap","Undo"],"picked":"SKIP","floor":48}],"player_experience":1524151,"relics_obtained":[{"floor":7.0,"key":"PreservedInsect"},{"floor":9.0,"key":"Pen Nib"},{"floor":11.0,"key":"Omamori"},{"floor":13.0,"key":"Whetstone"},{"floor":26,"key":"Dead Branch"},{"floor":27,"key":"Frozen Egg 2"},{"floor":29,"key":"Bottled Flame"},{"floor":31,"key":"Red Mask"},{"floor":37,"key":"Mango"},{"floor":40,"key":"Nunchaku"},{"floor":43,"key":"Old Coin"}],"event_choices":[{"damage_healed":0.0,"max_hp_gain":0.0,"max_hp_loss":0.0,"gold_gain":0.0,"cards_transformed":["Strike_B"],"event_name":"Transmorgrifier","player_choice":"Transformed","floor":4.0,"gold_loss":0.0,"damage_taken":0.0,"cards_obtained":["Seek"]},{"damage_healed":0,"gold_gain":0,"player_choice":"Smashed Altar","damage_taken":0,"max_hp_gain":0,"max_hp_loss":0,"event_name":"Forgotten Altar","floor":19,"gold_loss":0,"cards_obtained":["Decay"]},{"damage_healed":0,"gold_gain":0,"player_choice":"Stole Relic","damage_taken":0,"relics_obtained":["Shovel"],"max_hp_gain":0,"max_hp_loss":0,"event_name":"Addict","floor":21,"gold_loss":0,"cards_obtained":["Shame"]},{"cards_removed":["Defend_B"],"damage_healed":0,"gold_gain":0,"player_choice":"Gave Gold","damage_taken":0,"max_hp_gain":0,"max_hp_loss":0,"event_name":"Beggar","floor":30,"gold_loss":75},{"damage_healed":0,"gold_gain":0,"player_choice":"Fought Bandits","damage_taken":0,"max_hp_gain":0,"max_hp_loss":0,"event_name":"Masked Bandits","floor":31,"gold_loss":0},{"damage_healed":0,"gold_gain":0,"player_choice":"Fight","damage_taken":0,"max_hp_gain":0,"max_hp_loss":0,"event_name":"MindBloom","floor":37,"gold_loss":0},{"damage_healed":70,"gold_gain":0,"player_choice":"Heal","damage_taken":0,"max_hp_gain":0,"max_hp_loss":15,"event_name":"The Moai Head","floor":38,"gold_loss":0},{"damage_healed":0,"gold_gain":0,"player_choice":"Forge","damage_taken":0,"max_hp_gain":0,"max_hp_loss":0,"event_name":"Accursed Blacksmith","floor":44,"gold_loss":0,"cards_upgraded":["Buffer"]}],"is_beta":false,"boss_relics":[{"not_picked":["Inserter","FrozenCore"],"picked":"Snecko Eye"},{"not_picked":["Philosopher\u0027s Stone","Runic Dome"],"picked":"Sozu"}],"items_purged_floors":[24],"is_endless":false,"potions_floor_spawned":[2,7,13,14,22,31,37,39,48],"killed_by":"Donu and Deca","ascension_level":20}