{"gold_per_floor":[15,35,46,63,75,103,103,28,28,28,28,53,53,153,153,251,251,268,183,49,65,0,0,19,19,19,19,19,35,63,86,98,110],"floor_reached":33,"playtime":1936,"items_purged":["Strike_B","Strike_B"],"score":330,"play_id":"aad87968-76a5-490a-a6ae-6c58749662c3","local_time":"20190209233935","is_ascension_mode":true,"campfire_choices":[{"data":"Zap","floor":7,"key":"SMITH"},{"data":"Doom and Gloom","floor":11,"key":"SMITH"},{"data":"Ball Lightning","floor":13,"key":"SMITH"},{"data":"Ball Lightning","floor":15,"key":"SMITH"},{"data":"White Noise","floor":23,"key":"SMITH"},{"floor":25,"key":"REST"},{"data":"Fission","floor":27,"key":"SMITH"},{"floor":32,"key":"REST"}],"neow_cost":"NO_GOLD","seed_source_timestamp":345932146818000,"circlet_count":0,"master_deck":["Strike_B","Defend_B","Defend_B","Defend_B+1","Defend_B","Zap+1","Dualcast","Ball Lightning+1","Ball Lightning+1","Cold Snap","Doom and Gloom+1","Leap","Rainbow+1","Fission+1","Compile Driver+1","White Noise+1","BootSequence","Glacier","Coolheaded+1","Core Surge"],"relics":["Cracked Core","Incense Burner","Shuriken","Ornamental Fan","War Paint","Inserter","Bird Faced Urn","Singing Bowl","MawBank"],"potions_floor_usage":[6,12,12,24],"damage_taken":[{"damage":1,"enemies":"Cultist","floor":1,"turns":3},{"damage":7,"enemies":"Small Slimes","floor":2,"turns":3},{"damage":0,"enemies":"2 Louse","floor":3,"turns":2},{"damage":9,"enemies":"Red Slaver","floor":4,"turns":3},{"damage":7,"enemies":"Exordium Wildlife","floor":5,"turns":4},{"damage":10,"enemies":"Gremlin Nob","floor":6,"turns":3},{"damage":2,"enemies":"Lagavulin","floor":12,"turns":3},{"damage":23,"enemies":"Hexaghost","floor":16,"turns":8},{"damage":22,"enemies":"Chosen","floor":18,"turns":5},{"damage":17,"enemies":"Spheric Guardian","floor":21,"turns":4},{"damage":35,"enemies":"Shelled Parasite and Fungi","floor":24,"turns":5},{"damage":0,"enemies":"Snecko","floor":29,"turns":4},{"damage":48,"enemies":"Gremlin Leader","floor":30,"turns":11},{"damage":0,"enemies":"Centurion and Healer","floor":31,"turns":5},{"damage":42,"enemies":"Automaton","floor":33,"turns":6}],"seed_played":"-8507396173821469235","potions_obtained":[{"floor":1,"key":"Energy Potion"},{"floor":2,"key":"FocusPotion"},{"floor":5,"key":"EssenceOfSteel"},{"floor":16,"key":"Regen Potion"},{"floor":24,"key":"Poison Potion"},{"floor":29,"key":"Energy Potion"},{"floor":30,"key":"Dexterity Potion"}],"is_trial":false,"path_per_floor":["M","M","M","M","M","E","R","$","T","?","R","E","R","?","R","B",null,"M","?","$","M","?","R","M","R","T","R","$","M","E","M","R","B"],"character_chosen":"DEFECT","items_purchased":["White Noise"],"campfire_rested":2,"item_purchase_floors":[20],"current_hp_per_floor":[74,67,67,58,51,41,41,41,41,41,41,39,39,39,39,16,75,53,53,53,38,38,38,19,41,41,41,41,43,5,9,32,0],"gold":110,"neow_bonus":"ONE_RARE_RELIC","is_prod":false,"is_daily":false,"chose_seed":false,"campfire_upgraded":6,"win_rate":0,"timestamp":1549773575,"path_taken":["M","M","M","M","?","E","R","$","T","?","R","E","R","?","R","BOSS","M","?","$","M","?","R","M","R","T","R","?","M","E","M","R","BOSS"],"build_version":"2019-01-23","purchased_purges":2,"victory":false,"max_hp_per_floor":[75,75,75,75,75,75,75,75,75,75,75,75,75,75,75,75,75,75,75,75,75,75,75,75,75,75,75,75,75,75,77,77,77],"card_choices":[{"not_picked":["Self Repair","Compile Driver"],"picked":"Ball Lightning","floor":1},{"not_picked":["Storm","Blizzard"],"picked":"Ball Lightning","floor":2},{"not_picked":["Force Field","Gash","Redo"],"picked":"SKIP","floor":3},{"not_picked":["Hologram","Skim"],"picked":"Cold Snap","floor":4},{"not_picked":["Tempest","Leap"],"picked":"Doom and Gloom","floor":5},{"not_picked":["Chaos","Auto Shields"],"picked":"Leap","floor":6},{"not_picked":["Barrage","Steam"],"picked":"Rainbow","floor":12},{"not_picked":["Electrodynamics","Seek"],"picked":"Fission","floor":16},{"not_picked":["Redo","Melter"],"picked":"Compile Driver+1","floor":18},{"not_picked":["Redo","Ball Lightning+1"],"picked":"BootSequence","floor":21},{"not_picked":["Reprogram","Capacitor"],"picked":"Glacier","floor":24},{"not_picked":["Barrage","Stack"],"picked":"Coolheaded+1","floor":29},{"not_picked":["Beam Cell+1","Redo"],"picked":"Core Surge","floor":30},{"not_picked":["Turbo","Doom and Gloom","Cold Snap"],"picked":"Singing Bowl","floor":31}],"player_experience":185881,"relics_obtained":[{"floor":6,"key":"Shuriken"},{"floor":9,"key":"Ornamental Fan"},{"floor":12,"key":"War Paint"},{"floor":26,"key":"Singing Bowl"},{"floor":30,"key":"MawBank"}],"event_choices":[{"cards_removed":["Strike_B"],"damage_healed":0,"gold_gain":0,"player_choice":"Forget","damage_taken":0,"max_hp_gain":0,"max_hp_loss":0,"event_name":"Living Wall","floor":10,"gold_loss":0},{"damage_healed":0,"gold_gain":100,"player_choice":"Pray","damage_taken":0,"max_hp_gain":0,"max_hp_loss":0,"event_name":"Golden Shrine","floor":14,"gold_loss":0},{"damage_healed":0,"gold_gain":0,"player_choice":"Obtained Relic","damage_taken":0,"relics_obtained":["Bird Faced Urn"],"max_hp_gain":0,"max_hp_loss":0,"event_name":"Addict","floor":19,"gold_loss":85},{"damage_healed":0,"gold_gain":0,"player_choice":"Paid Fearfully","damage_taken":0,"max_hp_gain":0,"max_hp_loss":0,"event_name":"Masked Bandits","floor":22,"gold_loss":65}],"is_beta":false,"boss_relics":[{"not_picked":["Velvet Choker","Orrery"],"picked":"Inserter"}],"items_purged_floors":[8,20],"is_endless":false,"potions_floor_spawned":[1,2,5,16,24,29,30],"killed_by":"Automaton","ascension_level":4}