{"gold_per_floor":[363,383,394,394,146,146,246,261,261,295,295,106,124,46,46,145,145,161,173,173,173,173,173],"floor_reached":23,"playtime":1201,"items_purged":["Strike_G","Strike_G"],"score":271,"play_id":"58febf8b-bbcc-4c94-b653-56aa90210480","local_time":"20190212232448","is_ascension_mode":true,"campfire_choices":[{"data":"Dash","floor":6,"key":"SMITH"},{"data":"Neutralize","floor":11,"key":"SMITH"},{"data":"Footwork","floor":15,"key":"SMITH"}],"neow_cost":"PERCENT_DAMAGE","seed_source_timestamp":604974911783400,"circlet_count":0,"master_deck":["Defend_G+1","Defend_G+1","Defend_G+1","Defend_G+1","Defend_G+1","Strike_G+1","Strike_G+1","Strike_G+1","Survivor","Neutralize+1","Dodge and Roll","Dash+1","Cloak And Dagger","Dodge and Roll","Skewer","Caltrops","Footwork+1","Corpse Explosion","Dagger Spray","PiercingWail"],"relics":["Ring of the Snake","Pear","Bag of Marbles","Black Star","Letter Opener"],"potions_floor_usage":[10,16,16,23,23],"damage_taken":[{"damage":0,"enemies":"Small Slimes","floor":1,"turns":4},{"damage":2,"enemies":"Cultist","floor":2,"turns":5},{"damage":0,"enemies":"2 Louse","floor":3,"turns":4},{"damage":0,"enemies":"2 Fungi Beasts","floor":8,"turns":5},{"damage":30,"enemies":"Gremlin Nob","floor":10,"turns":7},{"damage":0,"enemies":"Blue Slaver","floor":13,"turns":4},{"damage":24,"enemies":"Hexaghost","floor":16,"turns":16},{"damage":6,"enemies":"Chosen","floor":18,"turns":6},{"damage":8,"enemies":"Shell Parasite","floor":19,"turns":11},{"damage":61,"enemies":"Gremlin Leader","floor":23,"turns":10}],"seed_played":"-839948733195571766","potions_obtained":[{"floor":1,"key":"SpeedPotion"},{"floor":10,"key":"EssenceOfSteel"},{"floor":16,"key":"LiquidBronze"}],"is_trial":false,"path_per_floor":["M","M","M","?","$","R","?","M","T","E","R","$","M","$","R","B",null,"M","M","?","?","T","E"],"character_chosen":"THE_SILENT","items_purchased":["Dash","Cloak And Dagger","Energy Potion","Skewer","SpeedPotion","Footwork"],"campfire_rested":0,"item_purchase_floors":[5,5,5,12,12,14],"current_hp_per_floor":[45,43,43,48,48,48,48,48,58,28,28,28,28,28,28,4,65,59,51,51,51,51,0],"gold":173,"neow_bonus":"TWO_FIFTY_GOLD","is_prod":false,"is_daily":false,"chose_seed":false,"campfire_upgraded":3,"win_rate":0,"timestamp":1550031888,"path_taken":["M","M","M","?","$","R","?","?","T","E","R","$","M","?","R","BOSS","M","M","?","?","?","E"],"build_version":"2019-01-23","purchased_purges":2,"victory":false,"max_hp_per_floor":[70,70,70,75,75,75,75,75,85,85,85,85,85,85,85,85,85,85,85,85,85,85,85],"card_choices":[{"not_picked":["Deflect","Sucker Punch"],"picked":"Dodge and Roll","floor":1},{"not_picked":["Escape Plan","Bane","Slice"],"picked":"SKIP","floor":2},{"not_picked":["Calculated Gamble","All Out Attack","Prepared"],"picked":"SKIP","floor":3},{"not_picked":["Cloak And Dagger","Sucker Punch","Quick Slash"],"picked":"SKIP","floor":8},{"not_picked":["Slice","Infinite Blades"],"picked":"Dodge and Roll","floor":10},{"not_picked":["Riddle With Holes","Underhanded Strike"],"picked":"Caltrops","floor":13},{"not_picked":["Unload","Bullet Time"],"picked":"Corpse Explosion","floor":16},{"not_picked":["Caltrops","Prepared"],"picked":"Dagger Spray","floor":18},{"not_picked":["Dash","Dagger Throw"],"picked":"PiercingWail","floor":19}],"player_experience":233589,"relics_obtained":[{"floor":9,"key":"Pear"},{"floor":10,"key":"Bag of Marbles"},{"floor":22,"key":"Letter Opener"}],"event_choices":[{"damage_healed":0,"gold_gain":0,"player_choice":"Donut","damage_taken":0,"max_hp_gain":5,"max_hp_loss":0,"event_name":"Big Fish","floor":4,"gold_loss":0},{"damage_healed":0,"gold_gain":100,"player_choice":"Gold","damage_taken":0,"max_hp_gain":0,"max_hp_loss":0,"event_name":"Wheel of Change","floor":7,"gold_loss":0},{"damage_healed":0,"gold_gain":0,"player_choice":"Ignored","damage_taken":0,"max_hp_gain":0,"max_hp_loss":0,"event_name":"Ghosts","floor":20,"gold_loss":0},{"damage_healed":0,"gold_gain":0,"player_choice":"Simplicity","damage_taken":0,"max_hp_gain":0,"max_hp_loss":0,"event_name":"Back to Basics","floor":21,"gold_loss":0,"cards_upgraded":["Defend_G","Defend_G","Defend_G","Defend_G","Defend_G","Strike_G","Strike_G","Strike_G"]}],"is_beta":false,"boss_relics":[{"not_picked":["HoveringKite","Lizard Tail"],"picked":"Black Star"}],"items_purged_floors":[5,12],"is_endless":false,"potions_floor_spawned":[1,10,13,16],"killed_by":"Gremlin Leader","ascension_level":6}