{"gold_per_floor":[113,213,225,244,255,255,283,302,327,356,356,70,70,95,95,190,190,201,201,161,172,246,266,64,79,79,79,111,111,127,162,162,162],"floor_reached":33,"playtime":1976,"items_purged":[],"score":528,"play_id":"c7b98e86-e6d4-473a-8b08-ce81b72bee0e","local_time":"20190305112851","is_ascension_mode":true,"campfire_choices":[{"data":"Neutralize","floor":6.0,"key":"SMITH"},{"data":"Dodge and Roll","floor":11,"key":"SMITH"},{"floor":13,"key":"REST"},{"data":"Flying Knee","floor":15,"key":"SMITH"},{"floor":27,"key":"REST"},{"data":"Dash","floor":29,"key":"SMITH"},{"floor":32,"key":"REST"}],"neow_cost":"NONE","seed_source_timestamp":304363898000,"circlet_count":0,"master_deck":["AscendersBane","Defend_G","Defend_G","Defend_G","Defend_G","Defend_G+1","Strike_G","Strike_G","Survivor+1","Neutralize+1","Flying Knee+1","Well Laid Plans","Die Die Die","Dodge and Roll+1","After Image","Glass Knife+1","After Image+1","Setup+1","Masterful Stab+1","Dash+1","Quick Slash+1","Corpse Explosion","PiercingWail","Predator","Blade Dance","Adrenaline"],"special_seed":0,"relics":["Ring of the Snake","Ancient Tea Set","Mango","Orichalcum","Centennial Puzzle","Thread and Needle","War Paint","Astrolabe","Frozen Egg 2","Gremlin Horn","Anchor"],"potions_floor_usage":[10,16,33,33],"damage_taken":[{"damage":4.0,"enemies":"Jaw Worm","floor":1.0,"turns":7.0},{"damage":2.0,"enemies":"Cultist","floor":3.0,"turns":5.0},{"damage":1.0,"enemies":"2 Louse","floor":4.0,"turns":2.0},{"damage":5.0,"enemies":"Blue Slaver","floor":5.0,"turns":5.0},{"damage":27.0,"enemies":"Lagavulin","floor":7.0,"turns":9.0},{"damage":2,"enemies":"Gremlin Gang","floor":8,"turns":4},{"damage":10,"enemies":"3 Sentries","floor":10,"turns":11},{"damage":22,"enemies":"Lagavulin","floor":14,"turns":11},{"damage":22,"enemies":"Hexaghost","floor":16,"turns":16},{"damage":16,"enemies":"3 Byrds","floor":18,"turns":8},{"damage":2,"enemies":"Shell Parasite","floor":21,"turns":6},{"damage":3,"enemies":"Centurion and Healer","floor":23,"turns":6},{"damage":9,"enemies":"Shelled Parasite and Fungi","floor":25,"turns":5},{"damage":15,"enemies":"Slavers","floor":28,"turns":3},{"damage":0,"enemies":"Cultist and Chosen","floor":30,"turns":7},{"damage":0,"enemies":"Gremlin Leader","floor":31,"turns":6},{"damage":81,"enemies":"Champ","floor":33,"turns":14}],"seed_played":"616173854105946213","potions_obtained":[{"floor":7.0,"key":"LiquidBronze"},{"floor":8,"key":"Block Potion"},{"floor":10,"key":"EssenceOfSteel"},{"floor":18,"key":"PowerPotion"},{"floor":28,"key":"Weak Potion"}],"is_trial":false,"path_per_floor":["M","?","M","M","M","R","E","M","T","E","R","$","R","E","R","B",null,"M","?","?","M","T","M","$","M","T","R","E","R","M","E","R","B"],"character_chosen":"THE_SILENT","items_purchased":["Thread and Needle","Corpse Explosion","PiercingWail"],"campfire_rested":3,"item_purchase_floors":[12,24,24],"current_hp_per_floor":[59,59,57,56,51,51,38,36,36,26,26,26,51,29,29,7,65,49,49,49,47,47,44,44,35,35,60,45,45,45,45,70,0],"gold":162,"neow_bonus":"RANDOM_COMMON_RELIC","is_prod":false,"is_daily":false,"chose_seed":false,"campfire_upgraded":4,"win_rate":0,"timestamp":1551781731,"path_taken":["M","?","M","M","M","R","E","?","T","E","R","$","R","E","R","BOSS","M","?","?","?","?","M","$","M","T","R","E","R","M","E","R","BOSS"],"build_version":"2019-01-23","purchased_purges":0,"victory":false,"max_hp_per_floor":[70,70,70,70,70,70,84,84,84,84,84,84,84,84,84,84,84,84,84,84,84,84,84,84,84,84,84,84,84,84,84,84,84],"card_choices":[{"not_picked":["Slice","Underhanded Strike","Deflect"],"picked":"SKIP","floor":1.0},{"not_picked":["Calculated Gamble","PiercingWail"],"picked":"Flying Knee","floor":3.0},{"not_picked":["Concentrate","Heel Hook","Prepared"],"picked":"SKIP","floor":4.0},{"not_picked":["Accuracy","Deflect"],"picked":"Well Laid Plans","floor":5.0},{"not_picked":["Dagger Throw","Prepared"],"picked":"Die Die Die","floor":7.0},{"not_picked":["Bane","Slice","Reflex"],"picked":"SKIP","floor":8},{"not_picked":["Phantasmal Killer","Catalyst"],"picked":"Dodge and Roll","floor":10},{"not_picked":["Accuracy","PiercingWail"],"picked":"After Image","floor":14},{"not_picked":["Storm of Steel","Unload"],"picked":"Glass Knife","floor":16},{"not_picked":["Escape Plan","Bouncing Flask"],"picked":"Dash","floor":18},{"not_picked":["Outmaneuver","Quick Slash","Skewer"],"picked":"SKIP","floor":21},{"not_picked":["Acrobatics","Sucker Punch"],"picked":"Quick Slash+1","floor":23},{"not_picked":["Flying Knee","Underhanded Strike"],"picked":"Predator","floor":25},{"not_picked":["Poisoned Stab","Dagger Spray","Endless Agony"],"picked":"SKIP","floor":28},{"not_picked":["Deadly Poison","Deflect"],"picked":"Blade Dance","floor":30},{"not_picked":["Quick Slash+1","Endless Agony"],"picked":"Adrenaline","floor":31}],"player_experience":611294,"relics_obtained":[{"floor":7.0,"key":"Mango"},{"floor":9,"key":"Orichalcum"},{"floor":10,"key":"Centennial Puzzle"},{"floor":14,"key":"War Paint"},{"floor":26,"key":"Frozen Egg 2"},{"floor":28,"key":"Gremlin Horn"},{"floor":31,"key":"Anchor"}],"event_choices":[{"damage_healed":0.0,"max_hp_gain":0.0,"max_hp_loss":0.0,"gold_gain":100.0,"event_name":"Golden Shrine","player_choice":"Pray","floor":2.0,"gold_loss":0.0,"damage_taken":0.0},{"damage_healed":0,"gold_gain":0,"player_choice":"Ignored","damage_taken":0,"max_hp_gain":0,"max_hp_loss":0,"event_name":"Beggar","floor":19,"gold_loss":0},{"damage_healed":0,"gold_gain":0,"player_choice":"Upgrade","damage_taken":0,"max_hp_gain":0,"max_hp_loss":0,"event_name":"Designer","floor":20,"gold_loss":40,"cards_upgraded":["Glass Knife"]}],"is_beta":false,"boss_relics":[{"not_picked":["Busted Crown","Tiny House"],"picked":"Astrolabe"}],"items_purged_floors":[],"is_endless":false,"potions_floor_spawned":[7,8,10,18,28,30],"killed_by":"Champ","ascension_level":12}