{"gold_per_floor":[116,132,144,162,177,177,204,204,204,232,232,232,264,280,280,357,357,374,389,389,589,120,120,149,166,166,197,215,215,215,229,229,304,304,319,19,36,47,64,93,0,43,55,342,372,395,106,106,106,106],"floor_reached":51,"playtime":3012,"items_purged":["Strike_R","Power Through"],"score":2013,"play_id":"dd9e0229-92ef-4858-bfb4-d45e20b571d2","local_time":"20181014225803","is_ascension_mode":true,"campfire_choices":[{"data":"Bash","floor":6,"key":"SMITH"},{"data":"Feel No Pain","floor":8,"key":"SMITH"},{"data":"Immolate","floor":11,"key":"SMITH"},{"data":"Carnage","floor":15,"key":"SMITH"},{"floor":23,"key":"REST"},{"floor":30,"key":"REST"},{"floor":32,"key":"REST"}],"neow_cost":"NONE","seed_source_timestamp":377121595036753,"circlet_count":0,"master_deck":["Strike_R","Strike_R","Defend_R","Defend_R","Defend_R","Defend_R","Bash+1","AscendersBane","Carnage+1","Spot Weakness","Anger","Shrug It Off","Carnage","Feel No Pain+1","Immolate+1","Metallicize+1","Battle Trance","Demon Form+1","Shrug It Off","Shrug It Off","Apotheosis","Clothesline","Corruption+1","Immolate","Ghostly Armor","Metallicize+1","Pommel Strike","Shrug It Off","Juggernaut+1","Cleave+1","Pummel","Disarm","Purity"],"relics":["Burning Blood","Bag of Preparation","Mercury Hourglass","Frozen Egg 2","StoneCalendar","Fusion Hammer","Omamori","Bronze Scales","Sundial","Bottled Lightning","WarpedTongs","Snecko Eye","Brimstone","MawBank","Red Mask","Self Forming Clay","Shuriken"],"potions_floor_usage":[7,16,27,38,50,50],"damage_taken":[{"damage":4,"enemies":"Jaw Worm","floor":1,"turns":4},{"damage":1,"enemies":"Cultist","floor":2,"turns":3},{"damage":19,"enemies":"Small Slimes","floor":3,"turns":3},{"damage":1,"enemies":"3 Louse","floor":4,"turns":3},{"damage":20,"enemies":"Gremlin Gang","floor":5,"turns":4},{"damage":3,"enemies":"Gremlin Nob","floor":7,"turns":3},{"damage":8,"enemies":"3 Sentries","floor":10,"turns":6},{"damage":31,"enemies":"Gremlin Nob","floor":13,"turns":4},{"damage":0,"enemies":"Looter","floor":14,"turns":4},{"damage":22,"enemies":"Slime Boss","floor":16,"turns":7},{"damage":17,"enemies":"2 Thieves","floor":18,"turns":2},{"damage":6,"enemies":"Spheric Guardian","floor":19,"turns":3},{"damage":25,"enemies":"Gremlin Leader","floor":24,"turns":7},{"damage":0,"enemies":"Centurion and Healer","floor":25,"turns":4},{"damage":43,"enemies":"Book of Stabbing","floor":27,"turns":5},{"damage":0,"enemies":"Snecko","floor":28,"turns":4},{"damage":0,"enemies":"Snake Plant","floor":31,"turns":2},{"damage":29,"enemies":"Collector","floor":33,"turns":8},{"damage":0,"enemies":"3 Shapes","floor":35,"turns":2},{"damage":6,"enemies":"3 Darklings","floor":37,"turns":3},{"damage":36,"enemies":"Spire Growth","floor":38,"turns":6},{"damage":3,"enemies":"Transient","floor":39,"turns":6},{"damage":0,"enemies":"2 Orb Walkers","floor":40,"turns":3},{"damage":0,"enemies":"Giant Head","floor":42,"turns":5},{"damage":2,"enemies":"Reptomancer","floor":45,"turns":3},{"damage":0,"enemies":"3 Darklings","floor":46,"turns":2},{"damage":21,"enemies":"Awakened One","floor":49,"turns":7},{"damage":30,"enemies":"Donu and Deca","floor":50,"turns":6}],"seed_played":"-8522621895506804808","potions_obtained":[{"floor":3,"key":"FearPotion"},{"floor":4,"key":"Strength Potion"},{"floor":5,"key":"Regen Potion"},{"floor":10,"key":"FairyPotion"},{"floor":24,"key":"Regen Potion"},{"floor":31,"key":"Ancient Potion"},{"floor":33,"key":"Regen Potion"},{"floor":35,"key":"EntropicBrew"},{"floor":38,"key":"SpeedPotion"},{"floor":39,"key":"FearPotion"}],"is_trial":false,"path_per_floor":["M","M","M","M","M","R","E","R","T","E","R","?","E","M","R","B",null,"M","M","?","?","$","R","E","M","T","E","M","?","R","M","R","B",null,"M","$","M","M","M","E","?","E","T","?","M","M","$","?","B","B"],"character_chosen":"IRONCLAD","items_purchased":["Omamori","Apotheosis","Brimstone","Metallicize+1","Disarm","Purity"],"campfire_rested":3,"item_purchase_floors":[22,22,36,36,47,47],"current_hp_per_floor":[70,75,62,67,53,53,56,56,56,54,54,54,29,35,35,34,65,54,54,54,54,54,75,56,62,62,39,45,45,67,73,75,52,69,75,75,75,57,60,66,66,72,72,72,75,75,75,75,60,36],"gold":106,"neow_bonus":"TRANSFORM_CARD","is_prod":false,"is_daily":false,"chose_seed":false,"campfire_upgraded":4,"win_rate":0,"timestamp":1539550683,"path_taken":["M","M","M","M","M","R","E","R","T","E","R","?","E","M","R","BOSS","M","M","?","?","$","R","E","M","T","E","?","?","R","M","R","BOSS","M","$","M","M","M","E","?","E","T","?","M","?","$","?","BOSS","BOSS"],"build_version":"2018-10-11","purchased_purges":2,"victory":true,"max_hp_per_floor":[75,75,75,75,75,75,75,75,75,75,75,75,75,75,75,75,75,75,75,75,75,75,75,75,75,75,75,75,75,75,75,75,75,75,75,75,75,75,75,75,75,75,75,75,75,75,75,75,75,75],"card_choices":[{"not_picked":["Havoc","Battle Trance"],"picked":"Spot Weakness","floor":1},{"not_picked":["Pommel Strike","Sword Boomerang"],"picked":"Anger","floor":2},{"not_picked":["Flex","Thunderclap"],"picked":"Shrug It Off","floor":3},{"not_picked":["Heavy Blade","Ghostly Armor"],"picked":"Carnage","floor":4},{"not_picked":["Iron Wave","Flex","Corruption"],"picked":"SKIP","floor":5},{"not_picked":["Sword Boomerang","Perfected Strike"],"picked":"Feel No Pain","floor":7},{"not_picked":["Warcry","Twin Strike"],"picked":"Immolate","floor":10},{"not_picked":["Berserk+1","Pommel Strike"],"picked":"Metallicize+1","floor":13},{"not_picked":["Hemokinesis","Cleave"],"picked":"Battle Trance","floor":14},{"not_picked":["Bludgeon","Barricade+1"],"picked":"Demon Form+1","floor":16},{"not_picked":["Headbutt","Twin Strike"],"picked":"Shrug It Off","floor":18},{"not_picked":["Flex","Searing Blow"],"picked":"Shrug It Off","floor":19},{"not_picked":["Armaments","Rupture+1","Clash"],"picked":"SKIP","floor":24},{"not_picked":["Pommel Strike","Twin Strike"],"picked":"Clothesline","floor":25},{"not_picked":["Havoc+1","Iron Wave"],"picked":"Corruption+1","floor":27},{"not_picked":["Clothesline","Burning Pact","Rage"],"picked":"SKIP","floor":28},{"not_picked":["Body Slam","Burning Pact","Clash"],"picked":"SKIP","floor":31},{"not_picked":["Offering","Double Tap"],"picked":"Immolate","floor":33},{"not_picked":["Flex+1","Searing Blow"],"picked":"Ghostly Armor","floor":35},{"not_picked":["Cleave","Clash+1","Clothesline"],"picked":"SKIP","floor":37},{"not_picked":["Thunderclap","Iron Wave+1"],"picked":"Pommel Strike","floor":38},{"not_picked":["Perfected Strike","Clothesline+1"],"picked":"Shrug It Off","floor":39},{"not_picked":["Power Through","Bloodletting+1"],"picked":"Juggernaut+1","floor":40},{"not_picked":["Carnage","Iron Wave"],"picked":"Cleave+1","floor":42},{"not_picked":["Battle Trance","Carnage"],"picked":"Pummel","floor":45},{"not_picked":["Blood for Blood","Warcry+1","Inflame+1"],"picked":"SKIP","floor":46}],"player_experience":1441791,"relics_obtained":[{"floor":7,"key":"Bag of Preparation"},{"floor":9,"key":"Mercury Hourglass"},{"floor":10,"key":"Frozen Egg 2"},{"floor":13,"key":"StoneCalendar"},{"floor":24,"key":"Bronze Scales"},{"floor":26,"key":"Sundial"},{"floor":27,"key":"Bottled Lightning"},{"floor":40,"key":"MawBank"},{"floor":42,"key":"Self Forming Clay"},{"floor":43,"key":"Shuriken"}],"event_choices":[{"event_name":"Purifier","player_choice":"One Purge","floor":12,"damage_taken":0},{"event_name":"The Library","player_choice":"Read","floor":20,"damage_taken":0},{"event_name":"The Joust","player_choice":"Bet on Owner","floor":21,"damage_taken":0},{"event_name":"Accursed Blacksmith","player_choice":"Rummage","floor":29,"damage_taken":0},{"event_name":"Tomb of Lord Red Mask","player_choice":"Paid","floor":41,"damage_taken":0},{"event_name":"Golden Shrine","player_choice":"Desecrate","floor":44,"damage_taken":0},{"event_name":"SecretPortal","player_choice":"Took Portal.","floor":48,"damage_taken":0}],"is_beta":false,"boss_relics":[{"not_picked":["Tiny House","Astrolabe"],"picked":"Fusion Hammer"},{"not_picked":["Black Star","Runic Dome"],"picked":"Snecko Eye"}],"items_purged_floors":[22,47],"is_endless":false,"potions_floor_spawned":[3,4,5,10,24,25,31,33,35,38,39],"ascension_level":20}