{"gold_per_floor":[114,125,142,153,167,167,202,202,256,256,276,276,310,310,310,410,410,426,426,426,315,315,315],"floor_reached":23,"playtime":1165,"items_purged":["Writhe"],"score":299,"play_id":"cd781e4a-a53c-45f1-a487-b13623f19696","local_time":"20190308000715","is_ascension_mode":true,"campfire_choices":[{"data":"Neutralize","floor":6.0,"key":"SMITH"},{"data":"Dagger Spray","floor":8.0,"key":"SMITH"},{"data":"Footwork","floor":12.0,"key":"SMITH"},{"floor":15.0,"key":"REST"}],"neow_cost":"NONE","seed_source_timestamp":0,"circlet_count":0,"master_deck":["AscendersBane","Defend_G+1","Defend_G+1","Defend_G+1","Defend_G+1","Defend_G+1","Strike_G+1","Strike_G+1","Strike_G+1","Strike_G+1","Survivor","Neutralize+1","Backstab","Dodge and Roll","Dagger Spray+1","Footwork+1","Backflip","Crippling Poison","A Thousand Cuts","Catalyst","Footwork"],"special_seed":0,"relics":["Ring of the Snake","NeowsBlessing","Snake Skull","Pen Nib","Molten Egg 2","Black Star","Bag of Marbles"],"potions_floor_usage":[],"damage_taken":[{"damage":0.0,"enemies":"Jaw Worm","floor":1.0,"turns":1.0},{"damage":0.0,"enemies":"2 Louse","floor":2.0,"turns":1.0},{"damage":0.0,"enemies":"Small Slimes","floor":3.0,"turns":1.0},{"damage":2.0,"enemies":"2 Fungi Beasts","floor":4.0,"turns":4.0},{"damage":12.0,"enemies":"Blue Slaver","floor":5.0,"turns":5.0},{"damage":13.0,"enemies":"3 Sentries","floor":7.0,"turns":11.0},{"damage":1.0,"enemies":"Large Slime","floor":11.0,"turns":8.0},{"damage":15.0,"enemies":"Lagavulin","floor":13.0,"turns":10.0},{"damage":30.0,"enemies":"Slime Boss","floor":16.0,"turns":15.0},{"damage":30,"enemies":"Chosen","floor":18,"turns":7},{"damage":37,"enemies":"Gremlin Leader","floor":23,"turns":6}],"seed_played":"6310483270306702727","potions_obtained":[{"floor":1.0,"key":"FearPotion"},{"floor":2.0,"key":"Weak Potion"},{"floor":4.0,"key":"Swift Potion"},{"floor":7.0,"key":"Energy Potion"},{"floor":16.0,"key":"Dexterity Potion"}],"is_trial":false,"path_per_floor":["M","M","M","M","M","R","E","R","T","?","M","R","E","?","R","B",null,"M","?","?","$","?","E"],"character_chosen":"THE_SILENT","items_purchased":["Footwork"],"campfire_rested":1,"item_purchase_floors":[21],"current_hp_per_floor":[63,63,63,61,49,49,36,36,36,36,35,35,20,20,41,11,55,25,25,25,25,25,0],"gold":315,"neow_bonus":"THREE_ENEMY_KILL","is_prod":false,"is_daily":false,"chose_seed":false,"campfire_upgraded":3,"win_rate":0,"timestamp":1552021635,"path_taken":["M","M","M","M","M","R","E","R","T","?","M","R","E","?","R","BOSS","M","?","?","$","?","E"],"build_version":"2019-01-23","purchased_purges":1,"victory":false,"max_hp_per_floor":[70,70,70,70,70,70,70,70,70,70,70,70,70,70,70,70,70,70,70,70,70,70,70],"card_choices":[{"not_picked":["Calculated Gamble","Predator"],"picked":"Backstab","floor":1.0},{"not_picked":["Flying Knee","Predator"],"picked":"Dodge and Roll","floor":2.0},{"not_picked":["Bouncing Flask","Blade Dance"],"picked":"Dagger Spray","floor":3.0},{"not_picked":["Underhanded Strike","Quick Slash","Dodge and Roll"],"picked":"SKIP","floor":4.0},{"not_picked":["Endless Agony","Well Laid Plans"],"picked":"Footwork","floor":5.0},{"not_picked":["Underhanded Strike","Quick Slash"],"picked":"Backflip","floor":7.0},{"not_picked":["Dodge and Roll","Acrobatics","Calculated Gamble"],"picked":"SKIP","floor":11.0},{"not_picked":["Backstab","Choke"],"picked":"Crippling Poison","floor":13.0},{"not_picked":["Wraith Form v2","Bullet Time"],"picked":"A Thousand Cuts","floor":16.0},{"not_picked":["Prepared","Dodge and Roll"],"picked":"Catalyst","floor":18}],"player_experience":364254,"relics_obtained":[{"floor":7.0,"key":"Snake Skull"},{"floor":9.0,"key":"Pen Nib"},{"floor":13.0,"key":"Molten Egg 2"}],"event_choices":[{"cards_removed":["Strike_G"],"damage_healed":0.0,"max_hp_gain":0.0,"max_hp_loss":0.0,"gold_gain":0.0,"event_name":"Living Wall","player_choice":"Forget","floor":10.0,"gold_loss":0.0,"damage_taken":0.0},{"damage_healed":0.0,"max_hp_gain":0.0,"max_hp_loss":0.0,"gold_gain":0.0,"event_name":"Dead Adventurer","player_choice":"Searched \u00270\u0027 times","floor":14.0,"gold_loss":0.0,"damage_taken":0.0},{"damage_healed":0,"gold_gain":0,"player_choice":"Ignored","damage_taken":0,"max_hp_gain":0,"max_hp_loss":0,"event_name":"Vampires","floor":19,"gold_loss":0},{"damage_healed":0,"gold_gain":0,"player_choice":"Opened","damage_taken":0,"relics_obtained":["Bag of Marbles"],"max_hp_gain":0,"max_hp_loss":0,"event_name":"The Mausoleum","floor":20,"gold_loss":0,"cards_obtained":["Writhe"]},{"damage_healed":0,"gold_gain":0,"player_choice":"Simplicity","damage_taken":0,"max_hp_gain":0,"max_hp_loss":0,"event_name":"Back to Basics","floor":22,"gold_loss":0,"cards_upgraded":["Defend_G","Defend_G","Defend_G","Defend_G","Defend_G","Strike_G","Strike_G","Strike_G","Strike_G"]}],"is_beta":false,"boss_relics":[{"not_picked":["White Beast Statue","Eternal Feather"],"picked":"Black Star"}],"items_purged_floors":[21],"is_endless":false,"potions_floor_spawned":[1,2,4,7,16],"killed_by":"Gremlin Leader","ascension_level":10}