{"gold_per_floor":[111,130,142,142,161,193,205,248,260,290,330,358,370,393,405,512,524,547,559,591,87,104,136,136,136,136,136,170,182,97,131,131,226,226,240,240,4,28,77,102,102,133,133,133,150,150,185,203,203,203,203,203,6,33,33],"floor_reached":56,"playtime":4197,"items_purged":["Strike_R"],"score":1497,"play_id":"62a64a1f-e8bd-424d-9a6e-6c0a7941b57a","local_time":"20190208011913","is_ascension_mode":true,"campfire_choices":[{"data":"Bash","floor":7,"key":"SMITH"},{"data":"Armaments","floor":13,"key":"SMITH"},{"data":"Shockwave","floor":15,"key":"SMITH"},{"data":"Metallicize","floor":24,"key":"SMITH"},{"data":"Clothesline","floor":25,"key":"SMITH"},{"data":"Rampage","floor":27,"key":"SMITH"},{"data":"Whirlwind","floor":32,"key":"SMITH"},{"floor":41,"key":"REST"},{"floor":44,"key":"RECALL"},{"data":"Feel No Pain","floor":46,"key":"SMITH"},{"data":"Inflame","floor":49,"key":"SMITH"},{"data":"Immolate","floor":52,"key":"SMITH"}],"neow_cost":"NONE","seed_source_timestamp":176828040219200,"circlet_count":0,"master_deck":["Strike_R","Defend_R","Defend_R","Defend_R+1","Defend_R","Bash+1","Cleave","Anger","Rampage+1","Ghostly Armor","Fiend Fire","Shockwave+1","Rage+1","Armaments+1","Impervious","Heavy Blade","Metallicize+1","Sword Boomerang","Clothesline+1","Whirlwind+1","Shrug It Off","Juggernaut","Immolate+1","Inflame+1","True Grit+1","Pummel","Feel No Pain+1","Feel No Pain+1","Reckless Charge","Inflame+1"],"relics":["Burning Blood","NeowsBlessing","Orichalcum","MawBank","Sundial","Art of War","Regal Pillow","Snecko Eye","Calipers","WingedGreaves","Happy Flower","Question Card","Strawberry","Dead Branch","Empty Cage","Red Skull","Mango","Blood Vial","PreservedInsect","Bag of Preparation","Vajra","Oddly Smooth Stone","War Paint"],"potions_floor_usage":[11,16,23,33,39,54,55,55,55],"damage_taken":[{"damage":0,"enemies":"Small Slimes","floor":1,"turns":1},{"damage":0,"enemies":"Cultist","floor":2,"turns":1},{"damage":0,"enemies":"2 Louse","floor":3,"turns":1},{"damage":11,"enemies":"Exordium Thugs","floor":5,"turns":3},{"damage":12,"enemies":"Gremlin Nob","floor":6,"turns":4},{"damage":19,"enemies":"3 Sentries","floor":8,"turns":8},{"damage":3,"enemies":"3 Louse","floor":10,"turns":2},{"damage":10,"enemies":"Gremlin Nob","floor":11,"turns":3},{"damage":3,"enemies":"Blue Slaver","floor":12,"turns":4},{"damage":9,"enemies":"Exordium Thugs","floor":14,"turns":5},{"damage":18,"enemies":"The Guardian","floor":16,"turns":10},{"damage":14,"enemies":"3 Byrds","floor":18,"turns":5},{"damage":3,"enemies":"Chosen","floor":20,"turns":4},{"damage":13,"enemies":"Snake Plant","floor":22,"turns":6},{"damage":14,"enemies":"Gremlin Leader","floor":23,"turns":6},{"damage":13,"enemies":"Book of Stabbing","floor":28,"turns":5},{"damage":8,"enemies":"3 Cultists","floor":29,"turns":4},{"damage":0,"enemies":"Slavers","floor":31,"turns":5},{"damage":57,"enemies":"Collector","floor":33,"turns":10},{"damage":7,"enemies":"3 Darklings","floor":35,"turns":4},{"damage":22,"enemies":"2 Orb Walkers","floor":39,"turns":3},{"damage":43,"enemies":"Nemesis","floor":40,"turns":7},{"damage":10,"enemies":"Reptomancer","floor":42,"turns":4},{"damage":0,"enemies":"Orb Walker","floor":45,"turns":2},{"damage":0,"enemies":"Giant Head","floor":47,"turns":7},{"damage":10,"enemies":"4 Shapes","floor":48,"turns":5},{"damage":35,"enemies":"Donu and Deca","floor":50,"turns":10},{"damage":27,"enemies":"Shield and Spear","floor":54,"turns":4},{"damage":58,"enemies":"The Heart","floor":55,"turns":10}],"seed_played":"-3705694208013872070","potions_obtained":[{"floor":5,"key":"PowerPotion"},{"floor":6,"key":"AttackPotion"},{"floor":11,"key":"BloodPotion"},{"floor":14,"key":"FearPotion"},{"floor":16,"key":"Swift Potion"},{"floor":22,"key":"Explosive Potion"},{"floor":23,"key":"Dexterity Potion"},{"floor":33,"key":"Block Potion"},{"floor":40,"key":"Fire Potion"},{"floor":42,"key":"Block Potion"},{"floor":47,"key":"Fruit Juice"},{"floor":54,"key":"PowerPotion"}],"is_trial":false,"path_per_floor":["M","M","M","?","M","E","R","E","T","M","E","M","R","M","R","B",null,"M","?","M","$","M","E","R","R","T","R","E","M","?","E","R","B",null,"M","?","$","T","?","E","R","E","T","R","M","R","E","M","R","B",null,"R","$","E","B",null],"character_chosen":"IRONCLAD","items_purchased":["Calipers","Metallicize","Sword Boomerang","Inflame","Red Skull","Oddly Smooth Stone","Reckless Charge"],"campfire_rested":1,"item_purchase_floors":[21,21,21,37,37,53,53],"current_hp_per_floor":[80,80,80,77,72,66,66,53,53,56,52,55,55,52,52,40,80,72,72,75,75,68,60,60,60,60,60,53,51,58,64,64,13,87,86,86,86,86,84,47,92,90,90,90,98,98,101,97,97,70,101,101,101,80,35],"gold":33,"neow_bonus":"THREE_ENEMY_KILL","is_prod":false,"is_daily":false,"chose_seed":false,"campfire_upgraded":10,"win_rate":0,"timestamp":1549606753,"path_taken":["M","M","M","?","M","E","R","E","T","M","E","M","R","M","R","BOSS","M","?","M","$","?","E","R","R","T","R","E","M","?","E","R","BOSS","M","?","$","?","?","E","R","E","T","R","M","R","E","M","R","BOSS","R","$","E","BOSS"],"build_version":"2019-01-23","purchased_purges":1,"victory":true,"max_hp_per_floor":[80,80,80,80,80,80,80,80,80,80,80,80,80,80,80,80,80,80,80,80,80,80,80,80,80,80,80,80,80,87,87,87,87,87,87,87,87,87,101,101,101,101,101,101,101,101,101,101,101,101,101,101,101,101,106],"card_choices":[{"not_picked":["Clash","Twin Strike"],"picked":"Cleave","floor":1},{"not_picked":["Bloodletting","Headbutt"],"picked":"Anger","floor":2},{"not_picked":["Warcry","Thunderclap"],"picked":"Rampage","floor":3},{"not_picked":["Body Slam","Havoc"],"picked":"Ghostly Armor","floor":5},{"not_picked":["Heavy Blade","Bloodletting","Reckless Charge"],"picked":"SKIP","floor":6},{"not_picked":["Anger","Clothesline"],"picked":"Fiend Fire","floor":8},{"not_picked":["Twin Strike","Second Wind"],"picked":"Shockwave","floor":10},{"not_picked":["Power Through","Havoc"],"picked":"Rage","floor":11},{"not_picked":["Combust","Wild Strike"],"picked":"Armaments","floor":12},{"not_picked":["Perfected Strike","Flex","True Grit"],"picked":"SKIP","floor":14},{"not_picked":["Limit Break","Brutality"],"picked":"Impervious","floor":16},{"not_picked":["True Grit","Sever Soul","Thunderclap"],"picked":"SKIP","floor":18},{"not_picked":["Hemokinesis","Body Slam"],"picked":"Heavy Blade","floor":20},{"not_picked":["Twin Strike+1","Sever Soul+1"],"picked":"Clothesline","floor":22},{"not_picked":["Wild Strike","Flex+1"],"picked":"Whirlwind","floor":23},{"not_picked":["True Grit","Reckless Charge","Anger"],"picked":"SKIP","floor":28},{"not_picked":["Cleave","Berserk","Headbutt","True Grit"],"picked":"SKIP","floor":29},{"not_picked":["Clothesline","Anger","Second Wind"],"picked":"Shrug It Off","floor":31},{"not_picked":["Reaper","Immolate","Double Tap"],"picked":"Juggernaut","floor":33},{"not_picked":["Perfected Strike+1","Anger+1","Clothesline","Iron Wave+1"],"picked":"SKIP","floor":35},{"not_picked":["Clash","Blood for Blood","Twin Strike+1"],"picked":"True Grit+1","floor":39},{"not_picked":["Armaments+1","Power Through","Sentinel","Clash"],"picked":"SKIP","floor":40},{"not_picked":["Body Slam","Twin Strike","Feed"],"picked":"Pummel","floor":42},{"not_picked":["Heavy Blade","Bloodletting+1","Intimidate"],"picked":"Feel No Pain","floor":45},{"not_picked":["Dual Wield","Carnage","Heavy Blade+1"],"picked":"Feel No Pain+1","floor":47},{"not_picked":["Armaments","Reckless Charge","Warcry","Perfected Strike+1"],"picked":"SKIP","floor":48},{"not_picked":["Evolve+1","Shockwave","Thunderclap+1"],"picked":"Inflame+1","floor":54}],"player_experience":162489,"relics_obtained":[{"floor":6,"key":"MawBank"},{"floor":8,"key":"Sundial"},{"floor":9,"key":"Art of War"},{"floor":11,"key":"Regal Pillow"},{"floor":23,"key":"WingedGreaves"},{"floor":26,"key":"Happy Flower"},{"floor":28,"key":"Question Card"},{"floor":31,"key":"Dead Branch"},{"floor":39,"key":"Mango"},{"floor":40,"key":"Blood Vial"},{"floor":42,"key":"PreservedInsect"},{"floor":43,"key":"Bag of Preparation"},{"floor":47,"key":"Vajra"},{"floor":54,"key":"War Paint"}],"event_choices":[{"damage_healed":0,"gold_gain":0,"player_choice":"Success","damage_taken":3,"relics_obtained":["Orichalcum"],"max_hp_gain":0,"max_hp_loss":0,"event_name":"Scrap Ooze","floor":4,"gold_loss":0},{"cards_removed":["Strike_R"],"damage_healed":0,"gold_gain":0,"player_choice":"Offered Basic","damage_taken":0,"max_hp_gain":0,"max_hp_loss":0,"event_name":"Bonfire Elementals","floor":19,"gold_loss":0},{"damage_healed":0,"gold_gain":0,"player_choice":"Obtained Relic","damage_taken":0,"relics_obtained":["Strawberry"],"max_hp_gain":0,"max_hp_loss":0,"event_name":"Addict","floor":30,"gold_loss":85},{"damage_healed":0,"gold_gain":0,"player_choice":"1 cards matched","damage_taken":0,"max_hp_gain":0,"max_hp_loss":0,"event_name":"Match and Keep!","floor":36,"gold_loss":0,"cards_obtained":["Immolate"]},{"damage_healed":0,"gold_gain":0,"player_choice":"Fight","damage_taken":0,"max_hp_gain":0,"max_hp_loss":0,"event_name":"Mysterious Sphere","floor":39,"gold_loss":0}],"is_beta":false,"boss_relics":[{"not_picked":["Orrery","White Beast Statue"],"picked":"Snecko Eye"},{"not_picked":["Astrolabe","Velvet Choker"],"picked":"Empty Cage"}],"items_purged_floors":[21],"is_endless":false,"potions_floor_spawned":[5,6,11,14,16,22,23,33,40,42,45,47,54],"ascension_level":3}