{"gold_per_floor":[115,129,146,146,72,72,103,115,115,36,36,56,56,70,70,171,171,181,196,271,16,27,27,41,41,95,22,22,55,74,89,89,191,191,204,114,131,51,51,51,151,151,151,186,186,205,232,232,232,232],"floor_reached":51,"playtime":5314,"items_purged":[],"score":820,"play_id":"4cad8b9f-6404-4269-bd78-ac38f896b69c","local_time":"20190303013823","is_ascension_mode":true,"campfire_choices":[{"data":"Armaments","floor":6,"key":"SMITH"},{"data":"1","floor":11,"key":"LIFT"},{"data":"2","floor":13,"key":"LIFT"},{"data":"3","floor":15,"key":"LIFT"},{"data":"True Grit","floor":23,"key":"SMITH"},{"data":"Clothesline","floor":25,"key":"SMITH"},{"data":"Combust","floor":32,"key":"SMITH"},{"data":"Limit Break","floor":40,"key":"SMITH"},{"floor":42,"key":"DIG"},{"floor":45,"key":"DIG"},{"floor":49,"key":"DIG"}],"neow_cost":"NONE","seed_source_timestamp":24149335213612,"circlet_count":0,"master_deck":["Strike_R+1","Strike_R","Strike_R","Strike_R","Defend_R+1","Defend_R","Defend_R","Defend_R","Bash","Armaments+1","Blood for Blood","Iron Wave+1","Wild Strike","Shrug It Off","True Grit+1","Feed","Combust+1","Clothesline+1","Demon Form","Disarm","Intimidate+1","Flame Barrier","True Grit+1","Metallicize","Heavy Blade","Second Wind","Evolve+1","Limit Break+1","Headbutt","Shrug It Off+1","Feel No Pain","Iron Wave+1","Power Through+1"],"relics":["Burning Blood","Girya","Mercury Hourglass","Mark of Pain","Meat on the Bone","Bag of Marbles","Pantograph","Sozu","Sundial","Shovel","Whetstone","Potion Belt","Strawberry","Lantern","The Courier","Bottled Tornado"],"potions_floor_usage":[4,8,8,50,50,50],"damage_taken":[{"damage":6,"enemies":"Cultist","floor":1,"turns":4},{"damage":0,"enemies":"2 Louse","floor":2,"turns":3},{"damage":3,"enemies":"Jaw Worm","floor":3,"turns":4},{"damage":14,"enemies":"3 Sentries","floor":7,"turns":8},{"damage":10,"enemies":"Exordium Thugs","floor":8,"turns":8},{"damage":0,"enemies":"3 Louse","floor":12,"turns":2},{"damage":0,"enemies":"Looter","floor":14,"turns":2},{"damage":66,"enemies":"Slime Boss","floor":16,"turns":10},{"damage":7,"enemies":"Spheric Guardian","floor":18,"turns":4},{"damage":7,"enemies":"3 Byrds","floor":19,"turns":6},{"damage":22,"enemies":"3 Cultists","floor":22,"turns":6},{"damage":24,"enemies":"Snake Plant","floor":24,"turns":4},{"damage":20,"enemies":"Slavers","floor":29,"turns":5},{"damage":8,"enemies":"Chosen and Byrds","floor":30,"turns":6},{"damage":19,"enemies":"Centurion and Healer","floor":31,"turns":5},{"damage":64,"enemies":"Automaton","floor":33,"turns":10},{"damage":15,"enemies":"3 Darklings","floor":35,"turns":5},{"damage":2,"enemies":"3 Shapes","floor":37,"turns":4},{"damage":4,"enemies":"Mind Bloom Boss Battle","floor":41,"turns":7},{"damage":32,"enemies":"Reptomancer","floor":44,"turns":8},{"damage":13,"enemies":"Maw","floor":46,"turns":9},{"damage":39,"enemies":"Nemesis","floor":47,"turns":9},{"damage":46,"enemies":"Donu and Deca","floor":50,"turns":9}],"seed_played":"-2392901688613019055","potions_obtained":[{"floor":0,"key":"SmokeBomb"},{"floor":0,"key":"Swift Potion"},{"floor":0,"key":"Swift Potion"},{"floor":4,"key":"Fruit Juice"},{"floor":4,"key":"EssenceOfSteel"},{"floor":8,"key":"PowerPotion"},{"floor":14,"key":"Dexterity Potion"},{"floor":16,"key":"Dexterity Potion"}],"is_trial":false,"path_per_floor":["M","M","M","?","$","R","E","M","T","$","R","M","R","M","R","B",null,"M","M","?","$","M","R","M","R","T","$","?","E","M","M","R","B",null,"M","?","M","$","T","R","?","R","T","E","R","M","E","?","R","B",null],"character_chosen":"IRONCLAD","items_purchased":["Wild Strike","Shrug It Off","Combust","Meat on the Bone","Metallicize","Feel No Pain"],"campfire_rested":0,"item_purchase_floors":[5,5,10,21,27,38],"current_hp_per_floor":[80,80,80,85,85,85,77,73,73,73,73,82,82,91,91,31,91,90,89,80,80,67,67,65,65,65,65,65,67,68,70,70,49,108,99,99,107,107,107,107,116,116,116,97,97,94,73,73,73,70],"gold":232,"neow_bonus":"THREE_SMALL_POTIONS","is_prod":false,"is_daily":false,"chose_seed":false,"campfire_upgraded":5,"win_rate":0,"timestamp":1551569903,"path_taken":["M","?","M","?","?","R","E","M","T","$","R","M","R","M","R","BOSS","M","M","?","$","M","R","M","R","T","?","?","E","M","M","R","BOSS","M","?","M","$","?","R","?","R","T","E","R","M","E","?","R","BOSS"],"build_version":"2019-01-23","purchased_purges":0,"victory":true,"max_hp_per_floor":[80,80,80,85,85,85,85,85,85,85,85,88,88,91,91,91,91,91,91,91,91,94,94,98,98,98,98,98,102,105,108,108,108,108,108,108,112,112,112,112,116,116,116,123,123,127,127,127,127,127],"card_choices":[{"not_picked":["Heavy Blade","Sword Boomerang"],"picked":"Armaments","floor":1},{"not_picked":["Shrug It Off","Body Slam"],"picked":"Blood for Blood","floor":2},{"not_picked":["Blood for Blood","Headbutt"],"picked":"Iron Wave","floor":3},{"not_picked":["Feel No Pain","Sentinel"],"picked":"True Grit","floor":7},{"not_picked":["Flex","Evolve"],"picked":"Feed","floor":8},{"not_picked":["Searing Blow","Clash"],"picked":"Clothesline","floor":12},{"not_picked":["Infernal Blade","Armaments","Pommel Strike"],"picked":"SKIP","floor":14},{"not_picked":["Barricade","Juggernaut"],"picked":"Demon Form","floor":16},{"not_picked":["Thunderclap","Armaments"],"picked":"Disarm","floor":18},{"not_picked":["Feel No Pain","Heavy Blade"],"picked":"Intimidate+1","floor":19},{"not_picked":["Armaments","Combust+1"],"picked":"Flame Barrier","floor":22},{"not_picked":["Shrug It Off","Wild Strike"],"picked":"True Grit+1","floor":24},{"not_picked":["True Grit","Armaments"],"picked":"Heavy Blade","floor":29},{"not_picked":["Wild Strike","Inflame"],"picked":"Second Wind","floor":30},{"not_picked":["Whirlwind","Pommel Strike+1"],"picked":"Evolve+1","floor":31},{"not_picked":["Immolate","Dark Embrace"],"picked":"Limit Break","floor":33},{"not_picked":["Flex+1","Warcry+1"],"picked":"Headbutt","floor":35},{"not_picked":["Havoc","Body Slam"],"picked":"Shrug It Off+1","floor":37},{"not_picked":["Whirlwind+1","Limit Break"],"picked":"Iron Wave+1","floor":44},{"not_picked":["Perfected Strike","Hemokinesis+1","Clothesline+1"],"picked":"SKIP","floor":46},{"not_picked":["Spot Weakness","Iron Wave"],"picked":"Power Through+1","floor":47}],"player_experience":591515,"relics_obtained":[{"floor":7,"key":"Girya"},{"floor":9,"key":"Mercury Hourglass"},{"floor":26,"key":"Bag of Marbles"},{"floor":29,"key":"Pantograph"},{"floor":39,"key":"Sundial"},{"floor":41,"key":"Shovel"},{"floor":42,"key":"Whetstone"},{"floor":43,"key":"Potion Belt"},{"floor":44,"key":"Strawberry"},{"floor":45,"key":"Lantern"},{"floor":47,"key":"The Courier"},{"floor":49,"key":"Bottled Tornado"}],"event_choices":[{"damage_healed":0,"gold_gain":0,"player_choice":"Got Potions","damage_taken":0,"max_hp_gain":0,"max_hp_loss":0,"event_name":"Lab","floor":4,"gold_loss":0},{"damage_healed":0,"gold_gain":75,"player_choice":"Touch","damage_taken":9,"max_hp_gain":0,"max_hp_loss":0,"event_name":"FaceTrader","floor":20,"gold_loss":0},{"damage_healed":0,"gold_gain":0,"player_choice":"Ignored","damage_taken":0,"max_hp_gain":0,"max_hp_loss":0,"event_name":"Ghosts","floor":28,"gold_loss":0},{"cards_removed":["Strike_R"],"damage_healed":0,"gold_gain":0,"player_choice":"Upgrade and Remove","damage_taken":0,"max_hp_gain":0,"max_hp_loss":0,"event_name":"Designer","floor":36,"gold_loss":90,"cards_upgraded":["Defend_R"]},{"damage_healed":0,"gold_gain":0,"player_choice":"Fight","damage_taken":0,"max_hp_gain":0,"max_hp_loss":0,"event_name":"MindBloom","floor":41,"gold_loss":0},{"damage_healed":0,"gold_gain":0,"player_choice":"Ignored","damage_taken":0,"max_hp_gain":0,"max_hp_loss":0,"event_name":"Mysterious Sphere","floor":48,"gold_loss":0}],"is_beta":false,"boss_relics":[{"not_picked":["Coffee Dripper","Black Blood"],"picked":"Mark of Pain"},{"not_picked":["Black Star","Calling Bell"],"picked":"Sozu"}],"items_purged_floors":[],"is_endless":false,"potions_floor_spawned":[8,14,16,29,33,37,46],"ascension_level":2}