{"gold_per_floor":[113,131,147,14,14,43,43,43,69,69,69,88,88,88,88,219,219,238,238,238,258,258,298,23,67,94,94,129,129,129,165,165,286,286,300,300,14,139,139,174,174,212,212,251,251,251,251,274,274,274,274,274,128,168,168],"floor_reached":55,"playtime":4107,"items_purged":["Shame","Strike_G+1"],"score":1265,"play_id":"362b7e1c-afe3-42d3-aa79-f63649a06ff6","local_time":"20190305202208","is_ascension_mode":true,"campfire_choices":[{"floor":7.0,"key":"REST"},{"data":"Noxious Fumes","floor":11.0,"key":"SMITH"},{"data":"Dagger Spray","floor":13.0,"key":"SMITH"},{"floor":15.0,"key":"REST"},{"data":"Well Laid Plans","floor":27.0,"key":"SMITH"},{"data":"Neutralize","floor":30.0,"key":"SMITH"},{"data":"Wraith Form v2","floor":32.0,"key":"SMITH"},{"data":"Footwork","floor":41.0,"key":"SMITH"},{"floor":45.0,"key":"RECALL"},{"floor":47.0,"key":"REST"},{"data":"Cloak And Dagger","floor":49.0,"key":"SMITH"},{"data":"Deflect","floor":52.0,"key":"SMITH"}],"neow_cost":"NONE","seed_source_timestamp":1701142937330100,"circlet_count":0,"master_deck":["Defend_G+1","Defend_G+1","Defend_G+1","Defend_G+1","Defend_G+1","Strike_G+1","Strike_G+1","Survivor","Neutralize+1","Infinite Blades","Deflect+1","Well Laid Plans+1","Cloak And Dagger+1","Noxious Fumes+1","Dagger Spray+1","Corpse Explosion+1","Terror+1","Backflip+1","Ghostly+1","Ghostly+1","Ghostly+1","Ghostly+1","Ghostly+1","Backstab+1","Crippling Poison+1","Wraith Form v2+1","Infinite Blades","PiercingWail+1","PiercingWail+1","Malaise+1","Dodge and Roll+1","PiercingWail+1","Backflip+1","Prepared+1","Leg Sweep+1","Panacea+1","Footwork+1","PiercingWail+1","Backstab+1","Backflip+1"],"special_seed":0,"relics":["Ring of the Snake","War Paint","Golden Idol","Vajra","Toxic Egg 2","Sozu","Nunchaku","MawBank","Bottled Lightning","Bronze Scales","Bag of Marbles","Meat on the Bone","Orrery","TwistedFunnel","Gambling Chip","Regal Pillow","Happy Flower","Frozen Egg 2","Bag of Preparation"],"potions_floor_usage":[55,55],"damage_taken":[{"damage":1.0,"enemies":"Jaw Worm","floor":1.0,"turns":6.0},{"damage":1.0,"enemies":"Small Slimes","floor":2.0,"turns":4.0},{"damage":2.0,"enemies":"2 Louse","floor":3.0,"turns":4.0},{"damage":57.0,"enemies":"Gremlin Nob","floor":6.0,"turns":6.0},{"damage":4.0,"enemies":"2 Fungi Beasts","floor":12.0,"turns":4.0},{"damage":14.0,"enemies":"Hexaghost","floor":16.0,"turns":10.0},{"damage":8.0,"enemies":"2 Thieves","floor":18.0,"turns":3.0},{"damage":4.0,"enemies":"3 Byrds","floor":21.0,"turns":2.0},{"damage":4.0,"enemies":"Gremlin Leader","floor":23.0,"turns":7.0},{"damage":0.0,"enemies":"Book of Stabbing","floor":25.0,"turns":6.0},{"damage":3.0,"enemies":"Gremlin Leader","floor":28.0,"turns":5.0},{"damage":3.0,"enemies":"Slavers","floor":31.0,"turns":4.0},{"damage":15.0,"enemies":"Collector","floor":33.0,"turns":10.0},{"damage":1.0,"enemies":"3 Shapes","floor":35.0,"turns":2.0},{"damage":0.0,"enemies":"Mind Bloom Boss Battle","floor":38.0,"turns":7.0},{"damage":3.0,"enemies":"Reptomancer","floor":40.0,"turns":8.0},{"damage":3.0,"enemies":"Nemesis","floor":42.0,"turns":7.0},{"damage":3.0,"enemies":"Giant Head","floor":44.0,"turns":11.0},{"damage":0.0,"enemies":"3 Darklings","floor":48.0,"turns":1.0},{"damage":4.0,"enemies":"Donu and Deca","floor":50.0,"turns":8.0},{"damage":8.0,"enemies":"Shield and Spear","floor":54.0,"turns":8.0},{"damage":28,"enemies":"The Heart","floor":55,"turns":2}],"seed_played":"-7133713233298805301","potions_obtained":[{"floor":1.0,"key":"LiquidBronze"},{"floor":6.0,"key":"Poison Potion"},{"floor":16.0,"key":"Strength Potion"}],"is_trial":false,"path_per_floor":["M","M","M","$","?","E","R","?","T","?","R","M","R","?","R","B",null,"M","?","?","M","?","E","$","E","T","R","E","?","R","E","R","B",null,"M","?","$","?","?","E","R","E","T","E","R","?","R","M","R","B",null,"R","$","E","B"],"character_chosen":"THE_SILENT","items_purchased":["Well Laid Plans","Cloak And Dagger","Crippling Poison+1","Wraith Form v2","Footwork","TwistedFunnel","Backflip+1"],"campfire_rested":3,"item_purchase_floors":[4,4,24,24,37,37,53],"current_hp_per_floor":[69,68,66,66,59,2,25,25,25,25,25,21,21,9,30,16,57,49,49,49,45,35,31,31,31,31,31,28,28,28,25,25,22,32,31,31,31,31,31,28,28,25,25,22,22,19,33,33,33,29,32,32,32,24,0],"gold":168,"neow_bonus":"TEN_PERCENT_HP_BONUS","is_prod":false,"is_daily":false,"chose_seed":false,"campfire_upgraded":8,"win_rate":0,"timestamp":1551835328,"path_taken":["M","M","M","$","?","E","R","?","T","?","R","M","R","?","R","BOSS","M","?","?","M","?","E","$","E","T","R","E","?","R","E","R","BOSS","M","?","$","?","?","E","R","E","T","E","R","?","R","?","R","BOSS","R","$","E","BOSS"],"build_version":"2019-01-23","purchased_purges":2,"victory":false,"max_hp_per_floor":[77,77,77,77,77,77,77,71,71,71,71,71,71,71,71,71,71,71,71,71,71,35,35,35,35,35,35,35,35,35,35,35,35,35,35,35,35,35,33,33,33,33,33,33,33,33,33,33,33,33,33,33,33,33,33],"card_choices":[{"not_picked":["Acrobatics","Prepared"],"picked":"Infinite Blades","floor":1.0},{"not_picked":["Bane","Bullet Time"],"picked":"Deflect","floor":2.0},{"not_picked":["Flying Knee","Masterful Stab","Slice"],"picked":"SKIP","floor":3.0},{"not_picked":["Terror","Dagger Spray"],"picked":"Noxious Fumes","floor":6.0},{"not_picked":["Endless Agony","Dagger Throw"],"picked":"Dagger Spray","floor":12.0},{"not_picked":["After Image","Malaise+1"],"picked":"Corpse Explosion+1","floor":16.0},{"not_picked":["Acrobatics+1","Distraction+1"],"picked":"Terror+1","floor":18.0},{"not_picked":["Backstab+1","Calculated Gamble+1"],"picked":"Backflip+1","floor":21.0},{"not_picked":["Dash","Noxious Fumes"],"picked":"Backstab+1","floor":23.0},{"not_picked":["Storm of Steel+1","Well Laid Plans+1"],"picked":"Infinite Blades","floor":25.0},{"not_picked":["Distraction+1","Prepared+1"],"picked":"PiercingWail+1","floor":28.0},{"not_picked":["Dagger Throw","Prepared+1"],"picked":"PiercingWail+1","floor":31.0},{"not_picked":["Die Die Die","Tools of the Trade"],"picked":"Malaise+1","floor":33.0},{"not_picked":["Blade Dance+1","Backflip+1"],"picked":"Dodge and Roll+1","floor":34.0},{"not_picked":["Acrobatics+1","Dash+1"],"picked":"PiercingWail+1","floor":34.0},{"not_picked":["Underhanded Strike","Deflect+1"],"picked":"Backflip+1","floor":34.0},{"not_picked":["Deflect+1","Cloak And Dagger+1"],"picked":"Prepared+1","floor":34.0},{"not_picked":["Sucker Punch","Deflect+1"],"picked":"Leg Sweep+1","floor":35.0},{"not_picked":["Flash of Steel","Madness+1"],"picked":"Panacea+1","floor":36.0},{"not_picked":["Slice","Leg Sweep+1"],"picked":"PiercingWail+1","floor":40.0},{"not_picked":["Deadly Poison+1","Skewer+1"],"picked":"Backstab+1","floor":42.0},{"not_picked":["Masterful Stab","Slice+1","Backflip+1"],"picked":"SKIP","floor":44.0},{"not_picked":["Choke+1","Slice+1","Dodge and Roll+1"],"picked":"SKIP","floor":48.0},{"not_picked":["Doppelganger+1","Endless Agony+1","Dagger Spray"],"picked":"SKIP","floor":54.0}],"player_experience":341067,"relics_obtained":[{"floor":6.0,"key":"War Paint"},{"floor":9.0,"key":"Vajra"},{"floor":23.0,"key":"MawBank"},{"floor":25.0,"key":"Bottled Lightning"},{"floor":26.0,"key":"Bronze Scales"},{"floor":28.0,"key":"Bag of Marbles"},{"floor":31.0,"key":"Meat on the Bone"},{"floor":38.0,"key":"Gambling Chip"},{"floor":40.0,"key":"Regal Pillow"},{"floor":42.0,"key":"Happy Flower"},{"floor":44.0,"key":"Frozen Egg 2"},{"floor":54.0,"key":"Bag of Preparation"}],"event_choices":[{"cards_removed":["Strike_G"],"damage_healed":0.0,"max_hp_gain":0.0,"max_hp_loss":0.0,"gold_gain":0.0,"event_name":"Golden Wing","player_choice":"Card Removal","floor":5.0,"gold_loss":0.0,"damage_taken":7.0},{"damage_healed":0.0,"max_hp_gain":0.0,"max_hp_loss":6.0,"gold_gain":0.0,"event_name":"Golden Idol","player_choice":"Lose Max HP","floor":8.0,"gold_loss":0.0,"damage_taken":0.0,"relics_obtained":["Golden Idol"]},{"cards_removed":["Strike_G"],"damage_healed":0.0,"max_hp_gain":0.0,"max_hp_loss":0.0,"gold_gain":0.0,"event_name":"Living Wall","player_choice":"Forget","floor":10.0,"gold_loss":0.0,"damage_taken":0.0},{"damage_healed":0.0,"max_hp_gain":0.0,"max_hp_loss":0.0,"gold_gain":0.0,"event_name":"Scrap Ooze","player_choice":"Success","floor":14.0,"gold_loss":0.0,"damage_taken":12.0,"relics_obtained":["Toxic Egg 2"]},{"damage_healed":0.0,"max_hp_gain":0.0,"max_hp_loss":0.0,"gold_gain":0.0,"event_name":"Back to Basics","player_choice":"Simplicity","floor":19.0,"gold_loss":0.0,"damage_taken":0.0,"cards_upgraded":["Defend_G","Defend_G","Defend_G","Strike_G","Strike_G","Strike_G"]},{"damage_healed":0.0,"max_hp_gain":0.0,"max_hp_loss":0.0,"gold_gain":0.0,"event_name":"Addict","player_choice":"Stole Relic","floor":20.0,"gold_loss":0.0,"damage_taken":0.0,"relics_obtained":["Nunchaku"],"cards_obtained":["Shame"]},{"damage_healed":0.0,"max_hp_gain":0.0,"max_hp_loss":36.0,"gold_gain":0.0,"event_name":"Ghosts","player_choice":"Became a Ghost","floor":22.0,"gold_loss":0.0,"damage_taken":0.0,"cards_obtained":["Ghostly","Ghostly","Ghostly","Ghostly","Ghostly"]},{"damage_healed":0.0,"max_hp_gain":0.0,"max_hp_loss":0.0,"gold_gain":0.0,"event_name":"Vampires","player_choice":"Ignored","floor":29.0,"gold_loss":0.0,"damage_taken":0.0},{"damage_healed":0.0,"max_hp_gain":0.0,"max_hp_loss":0.0,"gold_gain":0.0,"event_name":"SensoryStone","player_choice":"Memory 1","floor":36.0,"gold_loss":0.0,"damage_taken":0.0},{"damage_healed":0.0,"max_hp_gain":0.0,"max_hp_loss":0.0,"gold_gain":0.0,"event_name":"MindBloom","player_choice":"Fight","floor":38.0,"gold_loss":0.0,"damage_taken":0.0},{"damage_healed":0.0,"max_hp_gain":0.0,"max_hp_loss":2.0,"gold_gain":0.0,"event_name":"Winding Halls","player_choice":"Max HP","floor":39.0,"gold_loss":0.0,"damage_taken":0.0},{"damage_healed":0.0,"max_hp_gain":0.0,"max_hp_loss":0.0,"gold_gain":0.0,"event_name":"Wheel of Change","player_choice":"Damaged","floor":46.0,"gold_loss":0.0,"damage_taken":3.0}],"is_beta":false,"boss_relics":[{"not_picked":["Eternal Feather","Ring of the Serpent"],"picked":"Sozu"},{"not_picked":["Empty Cage","Calling Bell"],"picked":"Orrery"}],"items_purged_floors":[24,53],"is_endless":false,"potions_floor_spawned":[1,6,16,18,25,28,31,40,42,48,54],"killed_by":"The Heart","ascension_level":9}