{"gold_per_floor":[114,114,189,189,83,83,110,110,161,161,57,57,80,108,108,108],"floor_reached":16,"playtime":533,"items_purged":["Strike_G","Strike_G"],"score":204,"play_id":"50238c6f-35d8-4473-8df5-4f563683d616","local_time":"20190304201141","is_ascension_mode":true,"campfire_choices":[{"data":"Deadly Poison","floor":6,"key":"SMITH"},{"floor":8,"key":"REST"},{"data":"Neutralize","floor":10,"key":"SMITH"},{"data":"Survivor","floor":12,"key":"SMITH"},{"floor":15,"key":"REST"}],"neow_cost":"NONE","seed_source_timestamp":161348326688528,"circlet_count":0,"master_deck":["AscendersBane","Defend_G","Defend_G","Defend_G","Defend_G","Defend_G","Strike_G","Strike_G","Survivor+1","Neutralize+1","Deadly Poison+1","Backstab"],"relics":["Ring of the Snake","Smiling Mask","Snake Skull","Letter Opener","Lantern","Odd Mushroom","PreservedInsect"],"potions_floor_usage":[7,14,14,16],"damage_taken":[{"damage":0,"enemies":"2 Louse","floor":1,"turns":5},{"damage":34,"enemies":"3 Sentries","floor":7,"turns":13},{"damage":0,"enemies":"The Mushroom Lair","floor":13,"turns":5},{"damage":13,"enemies":"Gremlin Nob","floor":14,"turns":4},{"damage":33,"enemies":"Slime Boss","floor":16,"turns":9}],"seed_played":"7908124152202141719","potions_obtained":[{"floor":1,"key":"Strength Potion"},{"floor":13,"key":"EntropicBrew"}],"is_trial":false,"path_per_floor":["M","?","?","?","$","R","E","R","T","R","$","R","?","E","R","B"],"character_chosen":"THE_SILENT","items_purchased":["AttackPotion","Fire Potion"],"campfire_rested":2,"item_purchase_floors":[5,11],"current_hp_per_floor":[59,52,41,36,36,36,2,21,21,21,21,21,21,8,27,0],"gold":108,"neow_bonus":"RANDOM_COMMON_RELIC","is_prod":false,"is_daily":false,"chose_seed":false,"campfire_upgraded":3,"win_rate":0,"timestamp":1551726701,"path_taken":["M","?","?","?","$","R","E","R","T","R","$","R","?","E","R","BOSS"],"build_version":"2019-01-23","purchased_purges":2,"victory":false,"max_hp_per_floor":[66,66,66,66,66,66,66,66,66,66,66,66,66,66,66,66],"card_choices":[{"not_picked":["Catalyst","Finisher"],"picked":"Deadly Poison","floor":1},{"not_picked":["Flechettes","Tactician","Acrobatics"],"picked":"SKIP","floor":7},{"not_picked":["Blur","Prepared"],"picked":"Backstab","floor":13},{"not_picked":["Outmaneuver","Masterful Stab","Tactician"],"picked":"SKIP","floor":14}],"player_experience":1963768,"relics_obtained":[{"floor":7,"key":"Letter Opener"},{"floor":9,"key":"Lantern"},{"floor":13,"key":"Odd Mushroom"},{"floor":14,"key":"PreservedInsect"}],"event_choices":[{"cards_removed":["Strike_G"],"damage_healed":0,"gold_gain":0,"player_choice":"Card Removal","damage_taken":7,"max_hp_gain":0,"max_hp_loss":0,"event_name":"Golden Wing","floor":2,"gold_loss":0},{"damage_healed":0,"gold_gain":75,"player_choice":"Gather Gold","damage_taken":11,"max_hp_gain":0,"max_hp_loss":0,"event_name":"World of Goop","floor":3,"gold_loss":0},{"damage_healed":0,"gold_gain":0,"player_choice":"Success","damage_taken":5,"relics_obtained":["Snake Skull"],"max_hp_gain":0,"max_hp_loss":0,"event_name":"Scrap Ooze","floor":4,"gold_loss":0},{"damage_healed":0,"gold_gain":0,"player_choice":"Fought Mushrooms","damage_taken":0,"max_hp_gain":0,"max_hp_loss":0,"event_name":"Mushrooms","floor":13,"gold_loss":0}],"is_beta":false,"boss_relics":[],"items_purged_floors":[5,11],"is_endless":false,"potions_floor_spawned":[1,13],"killed_by":"Slime Boss","ascension_level":20}