{"gold_per_floor":[114,39,39,114,131,131,143,143,166,166,176,187,187,87,87,164,164,184,200,40,40,56,56],"floor_reached":23,"playtime":902,"items_purged":["Strike_B","Regret"],"score":362,"play_id":"dcba342f-0167-4fc7-af01-7b01797a7ba5","local_time":"20181225005838","is_ascension_mode":true,"campfire_choices":[{"data":"Go for the Eyes","floor":6,"key":"SMITH"},{"data":"Tempest","floor":8,"key":"SMITH"},{"data":"Dualcast","floor":10,"key":"SMITH"},{"floor":15,"key":"REST"}],"neow_cost":"NONE","seed_source_timestamp":5041331287124,"circlet_count":0,"master_deck":["AscendersBane","Strike_B","Strike_B","Strike_B","Defend_B","Defend_B","Defend_B","Defend_B","Zap+1","Dualcast+1","Go for the Eyes+1","Glacier","Tempest+1","Chill","Loop","Echo Form","Sweeping Beam","Consume","Self Repair"],"relics":["Cracked Core","Bird Faced Urn","Happy Flower","Velvet Choker"],"potions_floor_usage":[12,23,23],"damage_taken":[{"damage":0,"enemies":"Cultist","floor":1,"turns":3},{"damage":7,"enemies":"Small Slimes","floor":5,"turns":3},{"damage":11,"enemies":"2 Louse","floor":7,"turns":3},{"damage":29,"enemies":"Gremlin Gang","floor":11,"turns":4},{"damage":4,"enemies":"Lots of Slimes","floor":12,"turns":5},{"damage":13,"enemies":"The Guardian","floor":16,"turns":17},{"damage":2,"enemies":"Spheric Guardian","floor":18,"turns":4},{"damage":4,"enemies":"Shell Parasite","floor":19,"turns":8},{"damage":18,"enemies":"Shelled Parasite and Fungi","floor":22,"turns":7},{"damage":71,"enemies":"Book of Stabbing","floor":23,"turns":4}],"seed_played":"-5342547287285319452","potions_obtained":[{"floor":7,"key":"Strength Potion"},{"floor":12,"key":"Ancient Potion"},{"floor":18,"key":"Explosive Potion"}],"is_trial":false,"path_per_floor":["M","$","?","?","M","R","M","R","T","R","M","M","?","$","R","B",null,"M","M","$","?","M","E"],"character_chosen":"DEFECT","items_purchased":["Self Repair","LiquidBronze"],"campfire_rested":1,"item_purchase_floors":[20,20],"current_hp_per_floor":[64,64,64,53,46,46,35,35,35,35,6,2,2,2,23,12,56,58,58,58,58,62,0],"gold":56,"neow_bonus":"UPGRADE_CARD","is_prod":false,"is_daily":false,"chose_seed":false,"campfire_upgraded":3,"win_rate":0,"timestamp":1545695918,"path_taken":["M","?","?","?","M","R","M","R","T","R","M","M","?","$","R","BOSS","M","M","$","?","?","E"],"build_version":"2018-12-20","purchased_purges":2,"victory":false,"max_hp_per_floor":[71,71,71,71,71,71,71,71,71,71,71,71,71,71,71,71,71,71,71,71,71,71,71],"card_choices":[{"not_picked":["Steam","Rebound"],"picked":"Go for the Eyes","floor":1},{"not_picked":["Tempest","Sweeping Beam"],"picked":"Glacier","floor":5},{"not_picked":["Heatsinks","Compile Driver"],"picked":"Tempest","floor":7},{"not_picked":["Chaos","Ball Lightning"],"picked":"Chill","floor":11},{"not_picked":["Compile Driver","Redo"],"picked":"Loop","floor":12},{"not_picked":["Fission","Buffer"],"picked":"Echo Form","floor":16},{"not_picked":["Skim","Gash"],"picked":"Sweeping Beam","floor":18},{"not_picked":["Barrage","Stack"],"picked":"Consume","floor":19},{"not_picked":["Streamline","Ball Lightning","Rebound"],"picked":"SKIP","floor":22}],"player_experience":1709045,"relics_obtained":[{"floor":9,"key":"Happy Flower"}],"event_choices":[{"damage_healed":0,"gold_gain":0,"player_choice":"Box","damage_taken":0,"relics_obtained":["Bird Faced Urn"],"max_hp_gain":0,"max_hp_loss":0,"event_name":"Big Fish","floor":3,"gold_loss":0,"cards_obtained":["Regret"]},{"damage_healed":0,"gold_gain":75,"player_choice":"Gather Gold","damage_taken":11,"max_hp_gain":0,"max_hp_loss":0,"event_name":"World of Goop","floor":4,"gold_loss":0},{"damage_healed":0,"gold_gain":0,"player_choice":"Fled","damage_taken":0,"max_hp_gain":0,"max_hp_loss":0,"event_name":"Scrap Ooze","floor":13,"gold_loss":0},{"damage_healed":0,"gold_gain":0,"player_choice":"Ignored","damage_taken":0,"max_hp_gain":0,"max_hp_loss":0,"event_name":"N\u0027loth","floor":21,"gold_loss":0}],"is_beta":false,"boss_relics":[{"not_picked":["Coffee Dripper","Tiny House"],"picked":"Velvet Choker"}],"items_purged_floors":[2,14],"is_endless":false,"potions_floor_spawned":[7,12,18],"killed_by":"Book of Stabbing","ascension_level":20}