{"gold_per_floor":[18,36,36,55,66,66,95,170,244,244,277,277,309,320,320,420,420,430,180,193,210,221,221,254,254],"floor_reached":25,"playtime":1760,"items_purged":["Strike_G"],"score":352,"play_id":"ff280965-ee86-43b5-bc9a-a3a9710e34cb","local_time":"20190226170106","is_ascension_mode":true,"campfire_choices":[{"data":"Skewer","floor":6.0,"key":"SMITH"},{"floor":10.0,"key":"REST"},{"floor":12.0,"key":"REST"},{"floor":15.0,"key":"REST"},{"floor":23.0,"key":"REST"}],"neow_cost":"NO_GOLD","seed_source_timestamp":1086748632847300,"circlet_count":0,"master_deck":["Defend_G","Defend_G","Defend_G","Defend_G","Defend_G","Strike_G","Strike_G","Strike_G","Strike_G","Survivor","Neutralize","Doppelganger","Backstab","PiercingWail","Skewer+1","Dodge and Roll","Storm of Steel","Deflect","Well Laid Plans","After Image","Apotheosis","Deflect+1","PiercingWail+1","Dagger Spray+1","Blur"],"special_seed":0,"relics":["Ring of the Snake","Ice Cream","PreservedInsect","Pen Nib","Runic Pyramid","Unceasing Top"],"potions_floor_usage":[25,25],"damage_taken":[{"damage":4.0,"enemies":"2 Louse","floor":1.0,"turns":4.0},{"damage":2.0,"enemies":"Jaw Worm","floor":2.0,"turns":4.0},{"damage":0.0,"enemies":"Cultist","floor":4.0,"turns":4.0},{"damage":5.0,"enemies":"Looter","floor":5.0,"turns":4.0},{"damage":44.0,"enemies":"3 Sentries","floor":7.0,"turns":15.0},{"damage":23.0,"enemies":"Lagavulin","floor":11.0,"turns":6.0},{"damage":6.0,"enemies":"Gremlin Nob","floor":13.0,"turns":3.0},{"damage":5.0,"enemies":"Exordium Wildlife","floor":14.0,"turns":2.0},{"damage":6.0,"enemies":"The Guardian","floor":16.0,"turns":7.0},{"damage":19.0,"enemies":"Shell Parasite","floor":18.0,"turns":5.0},{"damage":0.0,"enemies":"Spheric Guardian","floor":20.0,"turns":3.0},{"damage":9.0,"enemies":"Centurion and Healer","floor":21.0,"turns":9.0},{"damage":15.0,"enemies":"Sentry and Sphere","floor":22.0,"turns":9.0},{"damage":23.0,"enemies":"Slavers","floor":24.0,"turns":7.0},{"damage":41,"enemies":"Cultist and Chosen","floor":25,"turns":8}],"seed_played":"7935688849279249039","potions_obtained":[{"floor":1.0,"key":"SkillPotion"},{"floor":4.0,"key":"Weak Potion"},{"floor":7.0,"key":"Swift Potion"},{"floor":13.0,"key":"Strength Potion"},{"floor":21.0,"key":"Regen Potion"},{"floor":24.0,"key":"Block Potion"}],"is_trial":false,"path_per_floor":["M","M","?","M","M","R","E","?","T","R","E","R","E","M","R","B",null,"M","$","M","M","M","R","E","M"],"character_chosen":"THE_SILENT","items_purchased":["Apotheosis"],"campfire_rested":4,"item_purchase_floors":[19],"current_hp_per_floor":[59,57,62,62,57,57,13,2,2,24,1,23,17,12,34,28,63,44,44,44,35,20,42,34,0],"gold":254,"neow_bonus":"THREE_RARE_CARDS","is_prod":false,"is_daily":false,"chose_seed":false,"campfire_upgraded":1,"win_rate":0,"timestamp":1551218466,"path_taken":["M","M","?","M","M","R","E","?","T","R","E","R","E","M","R","BOSS","M","$","M","M","M","R","E","M"],"build_version":"2019-01-23","purchased_purges":1,"victory":false,"max_hp_per_floor":[70,70,75,75,75,75,75,75,75,75,75,75,75,75,75,75,75,75,75,75,75,75,75,75,75],"card_choices":[{"not_picked":["Burst","Phantasmal Killer"],"picked":"Doppelganger","floor":0.0},{"not_picked":["Setup","Calculated Gamble"],"picked":"Backstab","floor":1.0},{"not_picked":["Slice","Backstab"],"picked":"PiercingWail","floor":2.0},{"not_picked":["Dash","Underhanded Strike"],"picked":"Skewer","floor":4.0},{"not_picked":["Blade Dance","Slice"],"picked":"Dodge and Roll","floor":5.0},{"not_picked":["Bane","Terror"],"picked":"Storm of Steel","floor":7.0},{"not_picked":["Bane","Acrobatics"],"picked":"Deflect","floor":11.0},{"not_picked":["Choke","Predator"],"picked":"Well Laid Plans","floor":13.0},{"not_picked":["Deflect","Blade Dance","All Out Attack"],"picked":"SKIP","floor":14.0},{"not_picked":["Malaise","Storm of Steel"],"picked":"After Image","floor":16.0},{"not_picked":["Endless Agony+1","Setup","Tactician"],"picked":"SKIP","floor":18.0},{"not_picked":["Underhanded Strike+1","Blur"],"picked":"Deflect+1","floor":20.0},{"not_picked":["Underhanded Strike","Dodge and Roll+1"],"picked":"PiercingWail+1","floor":21.0},{"not_picked":["Bouncing Flask","Slice"],"picked":"Dagger Spray+1","floor":22.0},{"not_picked":["Dagger Spray","Sucker Punch"],"picked":"Blur","floor":24.0}],"player_experience":305807,"relics_obtained":[{"floor":7.0,"key":"Ice Cream"},{"floor":11.0,"key":"PreservedInsect"},{"floor":13.0,"key":"Pen Nib"},{"floor":24.0,"key":"Unceasing Top"}],"event_choices":[{"damage_healed":0.0,"max_hp_gain":5.0,"max_hp_loss":0.0,"gold_gain":0.0,"event_name":"Big Fish","player_choice":"Donut","floor":3.0,"gold_loss":0.0,"damage_taken":0.0},{"damage_healed":0.0,"max_hp_gain":0.0,"max_hp_loss":0.0,"gold_gain":75.0,"event_name":"World of Goop","player_choice":"Gather Gold","floor":8.0,"gold_loss":0.0,"damage_taken":11.0}],"is_beta":false,"boss_relics":[{"not_picked":["Cursed Key","Sozu"],"picked":"Runic Pyramid"}],"items_purged_floors":[19],"is_endless":false,"potions_floor_spawned":[1,4,7,13,21,24],"killed_by":"Cultist and Chosen","ascension_level":9}