{"gold_per_floor":[113,65,79,30,30,30,55,70,70,88,121,121,155,177,189,304,316,346,58,108,57,70,70,82,82,157,176,194,209,223,238,238,337,337,353,353,368,26,2,2,2,15,86,86,86,103,122,3,3,3],"floor_reached":51,"playtime":3791,"items_purged":[],"score":646,"play_id":"fce2f447-d4ac-431b-9314-d105d95e0f17","local_time":"20190310120515","is_ascension_mode":false,"campfire_choices":[{"data":"Conserve Battery","floor":6.0,"key":"SMITH"},{"floor":15.0,"key":"REST"},{"data":"1","floor":23.0,"key":"LIFT"},{"data":"2","floor":25.0,"key":"LIFT"},{"floor":32.0,"key":"REST"},{"floor":41.0,"key":"REST"},{"data":"3","floor":45.0,"key":"LIFT"},{"floor":49.0,"key":"REST"}],"neow_cost":"NONE","seed_source_timestamp":0,"circlet_count":0,"master_deck":["Strike_B","Strike_B","Defend_B","Defend_B","Defend_B","Zap","Dualcast","Beam Cell","Conserve Battery+1","Capacitor","Leap+1","Melter","FTL","Compile Driver","Loop","Steam+1","All For One","Echo Form","Sweeping Beam","Glacier+1","Ball Lightning","Ball Lightning+1","White Noise","Leap+1","Rebound","Consume+1","Seek","Barrage+1","Melter","Ball Lightning+1","Doubt","Barrage+1","Force Field+1"],"special_seed":0,"relics":["Cracked Core","NeowsBlessing","Girya","Thread and Needle","Ornamental Fan","MawBank","Philosopher\u0027s Stone","Calipers","Dodecahedron","Empty Cage","Membership Card","Juzu Bracelet","Bag of Marbles","Meat on the Bone","Sundial"],"potions_floor_usage":[],"damage_taken":[{"damage":0.0,"enemies":"Small Slimes","floor":1.0,"turns":1.0},{"damage":0.0,"enemies":"2 Louse","floor":3.0,"turns":1.0},{"damage":0.0,"enemies":"Lagavulin","floor":7.0,"turns":1.0},{"damage":1.0,"enemies":"Jaw Worm","floor":8.0,"turns":2.0},{"damage":1.0,"enemies":"Exordium Thugs","floor":10.0,"turns":5.0},{"damage":17.0,"enemies":"3 Sentries","floor":11.0,"turns":5.0},{"damage":11.0,"enemies":"Gremlin Nob","floor":13.0,"turns":4.0},{"damage":9.0,"enemies":"Lots of Slimes","floor":14.0,"turns":4.0},{"damage":23.0,"enemies":"Hexaghost","floor":16.0,"turns":11.0},{"damage":4.0,"enemies":"Shell Parasite","floor":18.0,"turns":5.0},{"damage":0.0,"enemies":"Spheric Guardian","floor":22.0,"turns":3.0},{"damage":27.0,"enemies":"Snake Plant","floor":24.0,"turns":5.0},{"damage":4.0,"enemies":"Centurion and Healer","floor":27.0,"turns":5.0},{"damage":0.0,"enemies":"Snecko","floor":28.0,"turns":4.0},{"damage":0.0,"enemies":"Snake Plant","floor":29.0,"turns":4.0},{"damage":7.0,"enemies":"Shelled Parasite and Fungi","floor":30.0,"turns":5.0},{"damage":23.0,"enemies":"Cultist and Chosen","floor":31.0,"turns":7.0},{"damage":43.0,"enemies":"Automaton","floor":33.0,"turns":11.0},{"damage":15.0,"enemies":"Orb Walker","floor":35.0,"turns":2.0},{"damage":44.0,"enemies":"3 Shapes","floor":37.0,"turns":5.0},{"damage":24.0,"enemies":"Sphere and 2 Shapes","floor":42.0,"turns":3.0},{"damage":19.0,"enemies":"Writhing Mass","floor":46.0,"turns":5.0},{"damage":1.0,"enemies":"Spire Growth","floor":47.0,"turns":4.0},{"damage":64,"enemies":"Donu and Deca","floor":50,"turns":10}],"seed_played":"3795285402843078175","potions_obtained":[{"floor":1.0,"key":"LiquidBronze"},{"floor":7.0,"key":"FairyPotion"},{"floor":8.0,"key":"EssenceOfSteel"},{"floor":11.0,"key":"Strength Potion"},{"floor":14.0,"key":"Energy Potion"},{"floor":24.0,"key":"Poison Potion"},{"floor":28.0,"key":"Fire Potion"},{"floor":29.0,"key":"SkillPotion"},{"floor":31.0,"key":"AttackPotion"},{"floor":35.0,"key":"PowerPotion"},{"floor":37.0,"key":"Dexterity Potion"},{"floor":42.0,"key":"Fire Potion"}],"is_trial":false,"path_per_floor":["M","$","M","$","?","R","E","M","T","M","E","?","E","M","R","B",null,"M","$","?","$","M","R","M","R","T","M","M","M","M","M","R","B",null,"M","?","M","$","$","?","R","M","T","?","R","M","M","$","R","B",null],"character_chosen":"DEFECT","items_purchased":["Conserve Battery","Leap","Calipers","Fire Potion","Membership Card","Juzu Bracelet","Bag of Marbles","Poison Potion","Sundial"],"campfire_rested":4,"item_purchase_floors":[2,4,19,21,38,38,38,39,48],"current_hp_per_floor":[75,75,75,75,75,75,75,74,74,73,56,56,45,36,58,35,75,71,71,71,71,71,71,44,44,44,40,40,40,33,10,32,7,75,60,60,16,16,16,16,38,14,14,75,75,56,55,55,75,23],"gold":3,"neow_bonus":"THREE_ENEMY_KILL","is_prod":false,"is_daily":false,"chose_seed":false,"campfire_upgraded":1,"win_rate":0.0,"timestamp":1552230315,"path_taken":["M","$","M","$","?","R","E","M","T","M","E","?","E","M","R","BOSS","M","$","?","?","?","R","M","R","T","M","M","M","M","M","R","BOSS","M","?","?","?","$","?","R","M","T","?","R","M","M","$","R","BOSS"],"build_version":"2019-01-17","purchased_purges":0,"victory":true,"max_hp_per_floor":[75,75,75,75,75,75,75,75,75,75,75,75,75,75,75,75,75,75,75,75,75,75,75,75,75,75,75,75,75,75,75,75,75,75,75,75,75,75,75,75,75,75,75,75,75,75,75,75,75,75],"card_choices":[{"not_picked":["Force Field","Hologram"],"picked":"Beam Cell","floor":1.0},{"not_picked":["Double Energy","Reprogram"],"picked":"Capacitor","floor":3.0},{"not_picked":["Streamline","Hologram"],"picked":"Melter","floor":7.0},{"not_picked":["Blizzard","Auto Shields"],"picked":"FTL","floor":8.0},{"not_picked":["Hologram","Streamline"],"picked":"Compile Driver","floor":10.0},{"not_picked":["Capacitor","BootSequence"],"picked":"Loop","floor":11.0},{"not_picked":["Rip and Tear","Reinforced Body"],"picked":"Steam","floor":13.0},{"not_picked":["Leap","Hologram"],"picked":"All For One","floor":14.0},{"not_picked":["Amplify","Buffer"],"picked":"Echo Form","floor":16.0},{"not_picked":["Hologram","Undo"],"picked":"Sweeping Beam","floor":18.0},{"not_picked":["Steam","Storm"],"picked":"Glacier+1","floor":22.0},{"not_picked":["Genetic Algorithm","Reprogram"],"picked":"Ball Lightning","floor":24.0},{"not_picked":["Hello World","Redo+1"],"picked":"Ball Lightning+1","floor":27.0},{"not_picked":["Genetic Algorithm","Cold Snap"],"picked":"White Noise","floor":28.0},{"not_picked":["Self Repair+1","Gash"],"picked":"Leap+1","floor":29.0},{"not_picked":["Redo","Thunder Strike"],"picked":"Rebound","floor":30.0},{"not_picked":["Sweeping Beam","Beam Cell+1"],"picked":"Consume+1","floor":31.0},{"not_picked":["All For One","Creative AI"],"picked":"Seek","floor":33.0},{"not_picked":["Heatsinks+1","Cold Snap"],"picked":"Barrage+1","floor":35.0},{"not_picked":["Hologram","Genetic Algorithm+1"],"picked":"Melter","floor":37.0},{"not_picked":["White Noise","Stack+1"],"picked":"Ball Lightning+1","floor":42.0},{"not_picked":["Rip and Tear+1","Reinforced Body+1"],"picked":"Barrage+1","floor":46.0},{"not_picked":["Compile Driver","Ball Lightning"],"picked":"Force Field+1","floor":47.0}],"player_experience":4124,"relics_obtained":[{"floor":7.0,"key":"Girya"},{"floor":9.0,"key":"Thread and Needle"},{"floor":11.0,"key":"Ornamental Fan"},{"floor":13.0,"key":"MawBank"},{"floor":26.0,"key":"Dodecahedron"},{"floor":43.0,"key":"Meat on the Bone"}],"event_choices":[{"damage_healed":0.0,"max_hp_gain":0.0,"max_hp_loss":0.0,"gold_gain":0.0,"event_name":"Living Wall","player_choice":"Grow","floor":5.0,"gold_loss":0.0,"damage_taken":0.0,"cards_upgraded":["Leap"]},{"damage_healed":0.0,"max_hp_gain":0.0,"max_hp_loss":0.0,"gold_gain":0.0,"event_name":"Liars Game","player_choice":"Ignored","floor":12.0,"gold_loss":0.0,"damage_taken":0.0},{"damage_healed":0.0,"max_hp_gain":0.0,"max_hp_loss":0.0,"gold_gain":100.0,"event_name":"The Joust","player_choice":"Bet on Murderer","floor":20.0,"gold_loss":50.0,"damage_taken":0.0},{"damage_healed":0.0,"max_hp_gain":0.0,"max_hp_loss":0.0,"gold_gain":0.0,"event_name":"Upgrade Shrine","player_choice":"Upgraded","floor":36.0,"gold_loss":0.0,"damage_taken":0.0,"cards_upgraded":["Steam"]},{"cards_removed":["Strike_B"],"damage_healed":0.0,"max_hp_gain":0.0,"max_hp_loss":0.0,"gold_gain":0.0,"event_name":"Purifier","player_choice":"Purged","floor":40.0,"gold_loss":0.0,"damage_taken":0.0},{"damage_healed":61.0,"max_hp_gain":0.0,"max_hp_loss":0.0,"gold_gain":0.0,"event_name":"MindBloom","player_choice":"Heal","floor":44.0,"gold_loss":0.0,"damage_taken":0.0,"cards_obtained":["Doubt"]}],"is_beta":false,"boss_relics":[{"not_picked":["FrozenCore","Fusion Hammer"],"picked":"Philosopher\u0027s Stone"},{"not_picked":["Astrolabe","Cursed Key"],"picked":"Empty Cage"}],"items_purged_floors":[],"is_endless":false,"potions_floor_spawned":[1,7,8,11,14,24,28,29,31,35,37,42],"ascension_level":0}