{"gold_per_floor":[112,131,149,149,149,182,182,205,205,246,246,271,76,95,95,226,226,247,247,38,109,159,159],"floor_reached":23,"playtime":4558,"items_purged":["Strike_R","Strike_R"],"score":327,"play_id":"35de3772-28ae-41a8-9b77-e3fcad4348ae","local_time":"20190303234821","is_ascension_mode":true,"campfire_choices":[{"data":"True Grit","floor":7.0,"key":"SMITH"},{"floor":11.0,"key":"REST"},{"data":"Shrug It Off","floor":15.0,"key":"SMITH"}],"neow_cost":"NONE","seed_source_timestamp":0,"circlet_count":0,"master_deck":["AscendersBane","Defend_R","Defend_R","Defend_R","Defend_R","Bash+1","Clothesline","Twin Strike","True Grit+1","Shrug It Off+1","Sentinel","Inflame","Rampage","Offering","Feed","Metallicize","Pummel+1","Bite","Bite","Bite","Bite","Bite"],"special_seed":0,"relics":["Burning Blood","Golden Idol","Pear","Ornamental Fan","Matryoshka","Velvet Choker","SsserpentHead"],"potions_floor_usage":[21,23,23],"damage_taken":[{"damage":2.0,"enemies":"Jaw Worm","floor":1.0,"turns":3.0},{"damage":0.0,"enemies":"Small Slimes","floor":2.0,"turns":3.0},{"damage":1.0,"enemies":"2 Louse","floor":3.0,"turns":2.0},{"damage":36.0,"enemies":"Gremlin Nob","floor":6.0,"turns":5.0},{"damage":28.0,"enemies":"Exordium Thugs","floor":8.0,"turns":7.0},{"damage":28.0,"enemies":"3 Sentries","floor":10.0,"turns":15.0},{"damage":1.0,"enemies":"Red Slaver","floor":12.0,"turns":4.0},{"damage":13.0,"enemies":"Large Slime","floor":14.0,"turns":6.0},{"damage":12.0,"enemies":"The Guardian","floor":16.0,"turns":12.0},{"damage":19,"enemies":"Spheric Guardian","floor":18,"turns":4},{"damage":26,"enemies":"3 Byrds","floor":21,"turns":6},{"damage":75,"enemies":"Gremlin Leader","floor":23,"turns":8}],"seed_played":"4125926123438521568","potions_obtained":[{"floor":6.0,"key":"Regen Potion"},{"floor":8.0,"key":"FearPotion"},{"floor":10.0,"key":"AttackPotion"},{"floor":21,"key":"Weak Potion"}],"is_trial":false,"path_per_floor":["M","M","M","?","?","E","R","M","T","E","R","M","$","M","R","B",null,"M","?","$","M","?","E"],"character_chosen":"IRONCLAD","items_purchased":["Inflame","Block Potion","Feed","Metallicize"],"campfire_rested":1,"item_purchase_floors":[13,13,20,20],"current_hp_per_floor":[76,80,80,74,67,47,47,25,25,18,43,48,48,41,41,35,72,59,59,59,42,42,0],"gold":159,"neow_bonus":"UPGRADE_CARD","is_prod":false,"is_daily":false,"chose_seed":false,"campfire_upgraded":2,"win_rate":0,"timestamp":1551674901,"path_taken":["M","M","M","?","?","E","R","M","T","E","R","M","$","M","R","BOSS","M","?","?","?","?","E"],"build_version":"2019-01-23","purchased_purges":2,"victory":false,"max_hp_per_floor":[80,80,80,74,74,84,84,84,84,84,84,84,84,84,84,84,84,84,84,84,87,60,60],"card_choices":[{"not_picked":["Perfected Strike","Havoc"],"picked":"Clothesline","floor":1.0},{"not_picked":["Warcry","Perfected Strike"],"picked":"Twin Strike","floor":2.0},{"not_picked":["Bloodletting","Pummel"],"picked":"True Grit","floor":3.0},{"not_picked":["Twin Strike","Havoc","Clothesline"],"picked":"SKIP","floor":6.0},{"not_picked":["Cleave","Thunderclap"],"picked":"Shrug It Off","floor":8.0},{"not_picked":["Dark Embrace","Cleave","Havoc"],"picked":"SKIP","floor":10.0},{"not_picked":["Clothesline","Twin Strike"],"picked":"Sentinel","floor":12.0},{"not_picked":["Second Wind","Armaments"],"picked":"Rampage","floor":14.0},{"not_picked":["Impervious","Exhume"],"picked":"Offering","floor":16.0},{"not_picked":["Rampage","Flex","Perfected Strike"],"picked":"SKIP","floor":18},{"not_picked":["Anger","Havoc"],"picked":"Pummel+1","floor":21}],"player_experience":331781,"relics_obtained":[{"floor":6.0,"key":"Pear"},{"floor":9.0,"key":"Ornamental Fan"},{"floor":10.0,"key":"Matryoshka"}],"event_choices":[{"damage_healed":0.0,"max_hp_gain":0.0,"max_hp_loss":6.0,"gold_gain":0.0,"event_name":"Golden Idol","player_choice":"Lose Max HP","floor":4.0,"gold_loss":0.0,"damage_taken":0.0,"relics_obtained":["Golden Idol"]},{"cards_removed":["Strike_R"],"damage_healed":0.0,"max_hp_gain":0.0,"max_hp_loss":0.0,"gold_gain":0.0,"event_name":"Golden Wing","player_choice":"Card Removal","floor":5.0,"gold_loss":0.0,"damage_taken":7.0},{"damage_healed":0,"gold_gain":0,"player_choice":"Trade","damage_taken":0,"relics_obtained":["SsserpentHead"],"max_hp_gain":0,"max_hp_loss":0,"event_name":"FaceTrader","floor":19,"gold_loss":0},{"damage_healed":0,"gold_gain":0,"player_choice":"Became a vampire","damage_taken":0,"max_hp_gain":0,"max_hp_loss":27,"event_name":"Vampires","floor":22,"gold_loss":0,"cards_obtained":["Bite","Bite","Bite","Bite","Bite"]}],"is_beta":false,"boss_relics":[{"not_picked":["Mark of Pain","Philosopher\u0027s Stone"],"picked":"Velvet Choker"}],"items_purged_floors":[13,20],"is_endless":false,"potions_floor_spawned":[6,8,10,21],"killed_by":"Gremlin Leader","ascension_level":10}