{"gold_per_floor":[113,125,50,66,82,117,117,144,215,215,215,226,243,243],"floor_reached":14,"playtime":910,"items_purged":["Defend_R"],"score":189,"play_id":"3b9e59ed-5c26-4014-b131-ce18f7a23a60","local_time":"20180927003520","is_ascension_mode":true,"campfire_choices":[{"floor":7,"key":"REST"},{"data":"Bash","floor":10,"key":"SMITH"}],"neow_cost":"PERCENT_DAMAGE","seed_source_timestamp":616548030360993,"circlet_count":0,"master_deck":["Strike_R","Strike_R","Strike_R","Strike_R","Defend_R","Defend_R","Bash+1","AscendersBane","True Grit","Hemokinesis","Feel No Pain","Disarm","Armaments","Perfected Strike","Spot Weakness","Perfected Strike","Clothesline"],"relics":["Burning Blood","Prayer Wheel","Pocketwatch","Bottled Flame"],"potions_floor_usage":[5,8],"damage_taken":[{"damage":4,"enemies":"Small Slimes","floor":1,"turns":5},{"damage":4,"enemies":"Cultist","floor":2,"turns":4},{"damage":12,"enemies":"Jaw Worm","floor":4,"turns":3},{"damage":4,"enemies":"Looter","floor":5,"turns":4},{"damage":37,"enemies":"Gremlin Nob","floor":6,"turns":5},{"damage":19,"enemies":"3 Sentries","floor":8,"turns":14},{"damage":21,"enemies":"Exordium Thugs","floor":12,"turns":6},{"damage":7,"enemies":"Large Slime","floor":13,"turns":10},{"damage":12,"enemies":"Exordium Wildlife","floor":14,"turns":2}],"seed_played":"-4274544391714066540","potions_obtained":[{"floor":4,"key":"SteroidPotion"},{"floor":5,"key":"Ancient Potion"},{"floor":6,"key":"SkillPotion"},{"floor":12,"key":"Dexterity Potion"}],"is_trial":false,"path_per_floor":["M","M","$","M","M","E","R","E","T","R","?","M","M"],"character_chosen":"IRONCLAD","items_purchased":[],"campfire_rested":1,"item_purchase_floors":[],"current_hp_per_floor":[52,54,54,48,50,19,41,28,28,28,28,13,12,0],"gold":243,"neow_bonus":"REMOVE_TWO","is_prod":false,"is_daily":false,"chose_seed":false,"campfire_upgraded":1,"win_rate":0,"timestamp":1538001320,"path_taken":["M","M","$","M","M","E","R","E","T","R","?","?","M","M"],"build_version":"2018-09-20","purchased_purges":1,"victory":false,"max_hp_per_floor":[75,75,75,75,75,75,75,75,75,75,75,75,75,75],"card_choices":[{"not_picked":["Clash","Corruption"],"picked":"True Grit","floor":1},{"not_picked":["Intimidate","Headbutt"],"picked":"Hemokinesis","floor":2},{"not_picked":["Sword Boomerang","Intimidate"],"picked":"Feel No Pain","floor":4},{"not_picked":["Clash","Pommel Strike"],"picked":"Disarm","floor":5},{"not_picked":["Body Slam","Entrench"],"picked":"Armaments","floor":6},{"not_picked":["Wild Strike","Entrench"],"picked":"Perfected Strike","floor":8},{"not_picked":["Carnage","Hemokinesis"],"picked":"Spot Weakness","floor":12},{"not_picked":["Seeing Red","Thunderclap","Brutality"],"picked":"SKIP","floor":12},{"not_picked":["Armaments","Headbutt"],"picked":"Perfected Strike","floor":13},{"not_picked":["Hemokinesis","Rupture"],"picked":"Clothesline","floor":13}],"player_experience":1257665,"relics_obtained":[{"floor":6,"key":"Prayer Wheel"},{"floor":8,"key":"Pocketwatch"},{"floor":9,"key":"Bottled Flame"}],"event_choices":[{"event_name":"Liars Game","player_choice":"disagreed","floor":11,"damage_taken":0}],"is_beta":false,"boss_relics":[],"items_purged_floors":[3],"is_endless":false,"potions_floor_spawned":[4,5,6,12],"killed_by":"Exordium Wildlife","ascension_level":17}