{"gold_per_floor":[114,189,207,55,5,38,38,66,66,93,93,18,47,64,64,162,162,181,201,201,116,135,135,151,165,165,165,182,209,229,245,245,340,340,353,353,61,0,18,49,64,89,116,116,116,143,143,162,162,162,162,162,62,90,90],"floor_reached":56,"playtime":4898,"items_purged":["Defend_R","Strike_R","Strike_R"],"score":1700,"play_id":"4763ba82-e4a2-4775-bc71-825a1881fc2d","local_time":"20190226235218","is_ascension_mode":true,"campfire_choices":[{"data":"Bash","floor":7.0,"key":"SMITH"},{"data":"Spot Weakness","floor":11.0,"key":"SMITH"},{"data":"Anger","floor":15.0,"key":"SMITH"},{"data":"Demon Form","floor":23.0,"key":"SMITH"},{"data":"Disarm","floor":32.0,"key":"SMITH"},{"data":"Uppercut","floor":45,"key":"SMITH"},{"data":"Pommel Strike","floor":47,"key":"SMITH"},{"floor":49,"key":"RECALL"},{"data":"RitualDagger","floor":52,"key":"SMITH"}],"neow_cost":"NONE","seed_source_timestamp":0,"circlet_count":0,"master_deck":["Strike_R","Strike_R","Defend_R+1","Defend_R","Defend_R","Bash+1","Pommel Strike+1","Spot Weakness+1","Anger+1","Demon Form+1","Armaments+1","RitualDagger+1","Disarm+1","Evolve","Exhume+1","Reaper","Burning Pact+1","Double Tap+1","Shrug It Off+1","Shrug It Off+1","Flame Barrier+1","Dual Wield+1","Uppercut+1","Swift Strike","Rage+1","Reaper","Brutality"],"special_seed":0,"relics":["Burning Blood","Happy Flower","Orichalcum","Incense Burner","Bag of Preparation","Torii","Bronze Scales","PreservedInsect","Sozu","Omamori","Oddly Smooth Stone","Toxic Egg 2","Orrery","OrangePellets","Red Mask","Paper Frog","The Courier","War Paint","Blue Candle"],"potions_floor_usage":[],"damage_taken":[{"damage":2.0,"enemies":"Jaw Worm","floor":1.0,"turns":3.0},{"damage":2.0,"enemies":"Small Slimes","floor":3.0,"turns":4.0},{"damage":28.0,"enemies":"Lagavulin","floor":6.0,"turns":6.0},{"damage":20.0,"enemies":"Gremlin Nob","floor":8.0,"turns":4.0},{"damage":2.0,"enemies":"3 Sentries","floor":13.0,"turns":5.0},{"damage":0.0,"enemies":"2 Louse","floor":14.0,"turns":2.0},{"damage":6.0,"enemies":"Slime Boss","floor":16.0,"turns":6.0},{"damage":1.0,"enemies":"Spheric Guardian","floor":18.0,"turns":3.0},{"damage":0.0,"enemies":"Chosen","floor":19.0,"turns":3.0},{"damage":9.0,"enemies":"3 Cultists","floor":22.0,"turns":5.0},{"damage":0.0,"enemies":"Shelled Parasite and Fungi","floor":24.0,"turns":3.0},{"damage":0.0,"enemies":"Snake Plant","floor":25.0,"turns":3.0},{"damage":9.0,"enemies":"Centurion and Healer","floor":28.0,"turns":5.0},{"damage":3.0,"enemies":"Book of Stabbing","floor":29.0,"turns":4.0},{"damage":10.0,"enemies":"Snecko","floor":30.0,"turns":3.0},{"damage":32.0,"enemies":"Sentry and Sphere","floor":31.0,"turns":7.0},{"damage":13.0,"enemies":"Champ","floor":33.0,"turns":8.0},{"damage":39.0,"enemies":"3 Darklings","floor":35.0,"turns":8.0},{"damage":0.0,"enemies":"Orb Walker","floor":39.0,"turns":1.0},{"damage":0.0,"enemies":"Nemesis","floor":40.0,"turns":5.0},{"damage":7.0,"enemies":"Writhing Mass","floor":41.0,"turns":5.0},{"damage":24,"enemies":"Giant Head","floor":42,"turns":7},{"damage":11,"enemies":"Reptomancer","floor":46,"turns":4},{"damage":13,"enemies":"Maw","floor":48,"turns":6},{"damage":22,"enemies":"Time Eater","floor":50,"turns":12},{"damage":49,"enemies":"Shield and Spear","floor":54,"turns":8},{"damage":80,"enemies":"The Heart","floor":55,"turns":9}],"seed_played":"-4687343232062189374","potions_obtained":[{"floor":3.0,"key":"SneckoOil"},{"floor":8.0,"key":"Fire Potion"},{"floor":14.0,"key":"SpeedPotion"}],"is_trial":false,"path_per_floor":["M","?","M","$","?","E","R","E","T","T","R","$","E","M","R","B",null,"M","M","?","?","M","R","M","M","T","?","M","E","M","M","R","B",null,"M","?","$","?","M","E","M","E","T","?","R","E","R","M","R","B",null,"R","$","E","B",null],"character_chosen":"IRONCLAD","items_purchased":["Orichalcum","OrangePellets"],"campfire_rested":0,"item_purchase_floors":[4,37],"current_hp_per_floor":[76,65,69,69,69,47,47,33,33,33,33,33,37,43,43,43,71,76,80,74,74,71,71,77,80,80,80,77,80,76,50,50,77,79,58,48,48,48,54,80,79,80,80,80,80,80,80,73,73,80,80,80,80,80,44],"gold":90,"neow_bonus":"RANDOM_COMMON_RELIC","is_prod":false,"is_daily":false,"chose_seed":false,"campfire_upgraded":8,"win_rate":0,"timestamp":1551243138,"path_taken":["M","?","M","$","?","E","R","E","T","?","R","$","E","M","R","BOSS","M","M","?","?","M","R","M","M","T","?","M","E","M","M","R","BOSS","M","?","$","?","M","E","M","E","T","?","R","E","R","M","R","BOSS","R","$","E","BOSS"],"build_version":"2019-01-23","purchased_purges":3,"victory":true,"max_hp_per_floor":[80,80,80,80,80,80,80,80,80,80,80,80,80,80,80,80,80,80,80,80,80,80,80,80,80,80,80,80,80,80,80,80,80,80,80,80,80,80,80,80,80,80,80,80,80,80,80,80,80,80,80,80,80,80,80],"card_choices":[{"not_picked":["Cleave","Heavy Blade"],"picked":"Pommel Strike","floor":1.0},{"not_picked":["Wild Strike","Warcry"],"picked":"Pommel Strike","floor":3.0},{"not_picked":["Anger","Thunderclap"],"picked":"Spot Weakness","floor":6.0},{"not_picked":["Dual Wield","Perfected Strike","Blood for Blood"],"picked":"SKIP","floor":8.0},{"not_picked":["Berserk","Seeing Red","Feel No Pain"],"picked":"SKIP","floor":13.0},{"not_picked":["Perfected Strike","Inflame"],"picked":"Anger","floor":14.0},{"not_picked":["Impervious","Immolate"],"picked":"Demon Form","floor":16.0},{"not_picked":["Twin Strike+1","Carnage"],"picked":"Armaments+1","floor":18.0},{"not_picked":["Cleave","Power Through","Shrug It Off+1"],"picked":"SKIP","floor":19.0},{"not_picked":["Dropkick","Power Through+1","Iron Wave"],"picked":"SKIP","floor":22.0},{"not_picked":["Dropkick","Power Through+1","Iron Wave"],"picked":"SKIP","floor":22.0},{"not_picked":["Sword Boomerang","Flame Barrier"],"picked":"Disarm","floor":24.0},{"not_picked":["Body Slam","Clash"],"picked":"Evolve","floor":25.0},{"not_picked":["Infernal Blade","Entrench","Perfected Strike+1"],"picked":"SKIP","floor":28.0},{"not_picked":["Exhume","Anger"],"picked":"Reaper","floor":29.0},{"not_picked":["Headbutt","Pommel Strike","Twin Strike"],"picked":"SKIP","floor":30.0},{"not_picked":["Flex+1","Infernal Blade+1"],"picked":"Burning Pact+1","floor":31.0},{"not_picked":["Juggernaut","Barricade"],"picked":"Double Tap+1","floor":33.0},{"not_picked":["Combust+1","Perfected Strike"],"picked":"Shrug It Off+1","floor":34.0},{"not_picked":["Fire Breathing","Sword Boomerang"],"picked":"Shrug It Off+1","floor":34.0},{"not_picked":["Double Tap+1","Sword Boomerang"],"picked":"Flame Barrier+1","floor":34.0},{"not_picked":["Sever Soul","Clash"],"picked":"Dual Wield+1","floor":34.0},{"not_picked":["Spot Weakness+1","Clothesline+1"],"picked":"Uppercut","floor":35.0},{"not_picked":["Transmutation+1","Panache"],"picked":"Swift Strike","floor":36.0},{"not_picked":["Warcry+1","Rampage+1"],"picked":"Rage+1","floor":39.0},{"not_picked":["Cleave+1","Combust+1","Dual Wield+1"],"picked":"SKIP","floor":40.0},{"not_picked":["Clash+1","Shrug It Off+1"],"picked":"Reaper","floor":41.0},{"not_picked":["Iron Wave+1","Feed","Flame Barrier+1"],"picked":"SKIP","floor":42},{"not_picked":["Power Through+1","Pummel+1","Body Slam"],"picked":"SKIP","floor":46},{"not_picked":["Armaments+1","Carnage+1","Perfected Strike+1"],"picked":"SKIP","floor":48},{"not_picked":["Clothesline","Dropkick"],"picked":"Brutality","floor":54}],"player_experience":1684548,"relics_obtained":[{"floor":6.0,"key":"Incense Burner"},{"floor":8.0,"key":"Bag of Preparation"},{"floor":9.0,"key":"Torii"},{"floor":10.0,"key":"Bronze Scales"},{"floor":13.0,"key":"PreservedInsect"},{"floor":26.0,"key":"Oddly Smooth Stone"},{"floor":29.0,"key":"Toxic Egg 2"},{"floor":40.0,"key":"Paper Frog"},{"floor":42,"key":"The Courier"},{"floor":46,"key":"War Paint"},{"floor":54,"key":"Blue Candle"}],"event_choices":[{"damage_healed":0.0,"max_hp_gain":0.0,"max_hp_loss":0.0,"gold_gain":75.0,"event_name":"World of Goop","player_choice":"Gather Gold","floor":2.0,"gold_loss":0.0,"damage_taken":11.0},{"cards_removed":["Strike_R"],"damage_healed":0.0,"max_hp_gain":0.0,"max_hp_loss":0.0,"gold_gain":0.0,"event_name":"The Cleric","player_choice":"Card Removal","floor":5.0,"gold_loss":50.0,"damage_taken":0.0},{"damage_healed":0.0,"max_hp_gain":0.0,"max_hp_loss":0.0,"gold_gain":0.0,"event_name":"Nest","player_choice":"Joined the Cult","floor":20.0,"gold_loss":0.0,"damage_taken":6.0,"cards_obtained":["RitualDagger"]},{"damage_healed":0.0,"max_hp_gain":0.0,"max_hp_loss":0.0,"gold_gain":0.0,"event_name":"Addict","player_choice":"Obtained Relic","floor":21.0,"gold_loss":85.0,"damage_taken":0.0,"relics_obtained":["Omamori"]},{"damage_healed":0.0,"max_hp_gain":0.0,"max_hp_loss":0.0,"gold_gain":0.0,"event_name":"The Library","player_choice":"Read","floor":27.0,"gold_loss":0.0,"damage_taken":0.0,"cards_obtained":["Exhume"]},{"damage_healed":0.0,"max_hp_gain":0.0,"max_hp_loss":0.0,"gold_gain":0.0,"event_name":"SensoryStone","player_choice":"Memory 3","floor":36.0,"gold_loss":0.0,"damage_taken":10.0},{"damage_healed":0.0,"max_hp_gain":0.0,"max_hp_loss":0.0,"gold_gain":0.0,"event_name":"Tomb of Lord Red Mask","player_choice":"Paid","floor":38.0,"gold_loss":61.0,"damage_taken":0.0,"relics_obtained":["Red Mask"]},{"cards_removed":["Pommel Strike"],"damage_healed":0,"gold_gain":0,"player_choice":"Removed Attack","damage_taken":0,"max_hp_gain":0,"max_hp_loss":0,"event_name":"Falling","floor":44,"gold_loss":0}],"is_beta":false,"boss_relics":[{"not_picked":["Runic Pyramid","White Beast Statue"],"picked":"Sozu"},{"not_picked":["Lizard Tail","Fusion Hammer"],"picked":"Orrery"}],"items_purged_floors":[12,37,53],"is_endless":false,"potions_floor_spawned":[3,8,14,18,22,29,31,39,40,54],"ascension_level":9}