{"gold_per_floor":[111,111,111,129,129,129,158,158,158,168,193,143,143,172,172,272,272,286,302,69,88,102,135,135,155,181,181],"floor_reached":27,"playtime":1918,"items_purged":[],"score":364,"play_id":"61c2341c-baa8-4cf3-832e-338a48df0e3a","local_time":"20190304153541","is_ascension_mode":true,"campfire_choices":[{"data":"Dualcast","floor":6,"key":"SMITH"},{"data":"Sweeping Beam","floor":8,"key":"SMITH"},{"floor":13,"key":"REST"},{"data":"Auto Shields","floor":15,"key":"SMITH"},{"floor":24,"key":"REST"}],"neow_cost":"NONE","seed_source_timestamp":250215586008869,"circlet_count":0,"master_deck":["Strike_B","Strike_B","Strike_B+1","Defend_B+1","Defend_B+1","Defend_B","Defend_B","Zap+1","Dualcast+1","Fission+1","Go for the Eyes+1","Sweeping Beam+1","Self Repair","Echo Form","Auto Shields+1","All For One","Lockon","Storm","Capacitor","Undo","Capacitor","Melter","Consume+1"],"relics":["Cracked Core","Lantern","Pocketwatch","StoneCalendar","PreservedInsect","Fusion Hammer","DataDisk","Incense Burner","War Paint"],"potions_floor_usage":[14,16,23,27],"damage_taken":[{"damage":3,"enemies":"2 Louse","floor":1,"turns":3},{"damage":5,"enemies":"Small Slimes","floor":4,"turns":3},{"damage":26,"enemies":"Gremlin Nob","floor":7,"turns":4},{"damage":0,"enemies":"Cultist","floor":10,"turns":2},{"damage":22,"enemies":"Lagavulin","floor":11,"turns":8},{"damage":20,"enemies":"3 Sentries","floor":14,"turns":6},{"damage":32,"enemies":"Slime Boss","floor":16,"turns":7},{"damage":3,"enemies":"2 Thieves","floor":18,"turns":3},{"damage":2,"enemies":"3 Byrds","floor":19,"turns":5},{"damage":19,"enemies":"Centurion and Healer","floor":21,"turns":6},{"damage":19,"enemies":"Cultist and Chosen","floor":22,"turns":5},{"damage":32,"enemies":"Book of Stabbing","floor":23,"turns":5},{"damage":30,"enemies":"Snake Plant","floor":25,"turns":4},{"damage":18,"enemies":"Masked Bandits","floor":27,"turns":3}],"seed_played":"5753413277650781551","potions_obtained":[{"floor":7,"key":"Weak Potion"},{"floor":11,"key":"Regen Potion"},{"floor":16,"key":"SpeedPotion"},{"floor":19,"key":"Ancient Potion"},{"floor":22,"key":"PowerPotion"},{"floor":23,"key":"LiquidBronze"},{"floor":25,"key":"SkillPotion"}],"is_trial":false,"path_per_floor":["M","?","?","M","?","R","E","R","T","M","E","?","R","E","R","B",null,"M","M","$","M","M","E","R","M","T","?"],"character_chosen":"DEFECT","items_purchased":["Capacitor","DataDisk"],"campfire_rested":2,"item_purchase_floors":[20,20],"current_hp_per_floor":[65,50,50,45,45,45,19,19,19,26,11,11,33,34,34,9,59,56,61,61,49,37,12,34,11,11,0],"gold":181,"neow_bonus":"ONE_RANDOM_RARE_CARD","is_prod":false,"is_daily":false,"chose_seed":false,"campfire_upgraded":3,"win_rate":0,"timestamp":1551731741,"path_taken":["M","?","?","M","?","R","E","R","T","?","E","?","R","E","R","BOSS","M","M","$","M","M","E","R","M","T","?"],"build_version":"2019-01-23","purchased_purges":0,"victory":false,"max_hp_per_floor":[75,75,75,75,75,75,75,75,75,75,75,75,75,75,75,75,75,75,75,75,75,75,75,75,75,75,75],"card_choices":[{"not_picked":["Compile Driver","Sweeping Beam"],"picked":"Go for the Eyes","floor":1},{"not_picked":["Steam Power","Beam Cell"],"picked":"Sweeping Beam","floor":4},{"not_picked":["Redo","Rebound"],"picked":"Self Repair","floor":7},{"not_picked":["Coolheaded","Ball Lightning"],"picked":"Echo Form","floor":10},{"not_picked":["Reprogram","Skim"],"picked":"Auto Shields","floor":11},{"not_picked":["Compile Driver","Turbo","Stack"],"picked":"SKIP","floor":14},{"not_picked":["Thunder Strike","Multi-Cast"],"picked":"All For One","floor":16},{"not_picked":["Skim","Turbo"],"picked":"Lockon","floor":18},{"not_picked":["Self Repair","Skim"],"picked":"Storm","floor":19},{"not_picked":["Hologram","Go for the Eyes"],"picked":"Undo","floor":21},{"not_picked":["BootSequence","Beam Cell+1"],"picked":"Capacitor","floor":22},{"not_picked":["Aggregate","Gash"],"picked":"Melter","floor":23},{"not_picked":["Compile Driver","Scrape"],"picked":"Consume+1","floor":25}],"player_experience":1709772,"relics_obtained":[{"floor":7,"key":"Lantern"},{"floor":9,"key":"Pocketwatch"},{"floor":11,"key":"StoneCalendar"},{"floor":14,"key":"PreservedInsect"},{"floor":23,"key":"Incense Burner"},{"floor":26,"key":"War Paint"}],"event_choices":[{"damage_healed":0,"gold_gain":0,"player_choice":"Entered Light","damage_taken":15,"max_hp_gain":0,"max_hp_loss":0,"event_name":"Shining Light","floor":2,"gold_loss":0,"cards_upgraded":["Strike_B","Zap"]},{"damage_healed":0,"gold_gain":0,"player_choice":"Grow","damage_taken":0,"max_hp_gain":0,"max_hp_loss":0,"event_name":"Living Wall","floor":3,"gold_loss":0,"cards_upgraded":["Fission"]},{"damage_healed":0,"gold_gain":0,"player_choice":"Upgraded","damage_taken":0,"max_hp_gain":0,"max_hp_loss":0,"event_name":"Upgrade Shrine","floor":5,"gold_loss":0,"cards_upgraded":["Go for the Eyes"]},{"cards_removed":["Strike_B"],"damage_healed":0,"gold_gain":0,"player_choice":"Card Removal","damage_taken":0,"max_hp_gain":0,"max_hp_loss":0,"event_name":"The Cleric","floor":12,"gold_loss":50},{"damage_healed":0,"gold_gain":0,"player_choice":"Fought Bandits","damage_taken":0,"max_hp_gain":0,"max_hp_loss":0,"event_name":"Masked Bandits","floor":27,"gold_loss":0}],"is_beta":false,"boss_relics":[{"not_picked":["Cursed Key","Nuclear Battery"],"picked":"Fusion Hammer"}],"items_purged_floors":[],"is_endless":false,"potions_floor_spawned":[7,11,16,19,22,23,25],"killed_by":"Masked Bandits","ascension_level":9}