{"gold_per_floor":[115,135,150,163,238,263,273,273,273,273,290,303,33,68,68,168,168,168,168,168,168,83,83,83,83,83,83,83,83,83,38,38,38,38,38,38,38,38,38,38,38,38,38,38,38,38,38,38,38,38],"floor_reached":51,"playtime":6824,"items_purged":["Strike_B"],"score":962,"play_id":"ae28177b-5f5b-4955-b45b-120a13137dc1","local_time":"20190309191319","is_ascension_mode":true,"campfire_choices":[{"data":"Zap","floor":8,"key":"SMITH"},{"data":"Sweeping Beam","floor":10,"key":"SMITH"},{"floor":15,"key":"REST"},{"data":"Apotheosis","floor":23,"key":"SMITH"},{"data":"Coolheaded","floor":28,"key":"SMITH"},{"data":"Fission","floor":30,"key":"SMITH"},{"data":"Chaos","floor":32,"key":"SMITH"},{"floor":40,"key":"REST"},{"data":"Rainbow","floor":47,"key":"SMITH"},{"data":"Defragment","floor":49,"key":"SMITH"}],"neow_cost":"NONE","seed_source_timestamp":1490803641347,"circlet_count":0,"master_deck":["Strike_B","Strike_B","Defend_B+1","Defend_B","Defend_B","Defend_B","Zap+1","Dualcast+1","Auto Shields","Ball Lightning","Sweeping Beam+1","Glacier","FTL","Chaos+1","Apotheosis+1","Static Discharge","Echo Form","Hologram+1","Leap","Self Repair+1","Ghostly","Ghostly","Ghostly","Ghostly","Ghostly","Fission+1","Coolheaded+1","Compile Driver","Rainbow+1","Genetic Algorithm","Reinforced Body+1","Turbo+1","Barrage+1","Defragment+1"],"relics":["Cracked Core","Pen Nib","Bottled Flame","Matryoshka","Ectoplasm","Cables","Juzu Bracelet","Ancient Tea Set","Dream Catcher","Inserter","Bottled Tornado","Regal Pillow","War Paint"],"potions_floor_usage":[6,14,38,50,50,50],"damage_taken":[{"damage":8,"enemies":"Jaw Worm","floor":1,"turns":4},{"damage":0,"enemies":"2 Louse","floor":2,"turns":2},{"damage":0,"enemies":"Small Slimes","floor":3,"turns":3},{"damage":8,"enemies":"Blue Slaver","floor":4,"turns":3},{"damage":20,"enemies":"3 Sentries","floor":6,"turns":5},{"damage":1,"enemies":"Large Slime","floor":7,"turns":6},{"damage":11,"enemies":"Exordium Thugs","floor":11,"turns":3},{"damage":1,"enemies":"Looter","floor":12,"turns":3},{"damage":0,"enemies":"Gremlin Nob","floor":14,"turns":4},{"damage":0,"enemies":"The Guardian","floor":16,"turns":12},{"damage":0,"enemies":"Shell Parasite","floor":18,"turns":5},{"damage":3,"enemies":"3 Byrds","floor":19,"turns":4},{"damage":22,"enemies":"Snake Plant","floor":20,"turns":6},{"damage":0,"enemies":"Cultist and Chosen","floor":24,"turns":8},{"damage":3,"enemies":"Slavers","floor":25,"turns":7},{"damage":0,"enemies":"Centurion and Healer","floor":27,"turns":6},{"damage":3,"enemies":"Snake Plant","floor":29,"turns":6},{"damage":0,"enemies":"Collector","floor":33,"turns":10},{"damage":0,"enemies":"Orb Walker","floor":35,"turns":4},{"damage":0,"enemies":"3 Shapes","floor":37,"turns":9},{"damage":34,"enemies":"3 Darklings","floor":38,"turns":9},{"damage":0,"enemies":"Reptomancer","floor":41,"turns":8},{"damage":1,"enemies":"Transient","floor":42,"turns":5},{"damage":0,"enemies":"Jaw Worm Horde","floor":45,"turns":6},{"damage":2,"enemies":"3 Darklings","floor":46,"turns":8},{"damage":6,"enemies":"Transient","floor":48,"turns":5},{"damage":16,"enemies":"Awakened One","floor":50,"turns":18}],"seed_played":"5090727803318966866","potions_obtained":[{"floor":3,"key":"LiquidBronze"},{"floor":4,"key":"GamblersBrew"},{"floor":7,"key":"LiquidBronze"},{"floor":12,"key":"Weak Potion"},{"floor":14,"key":"Weak Potion"},{"floor":18,"key":"EssenceOfSteel"},{"floor":45,"key":"Swift Potion"},{"floor":46,"key":"Explosive Potion"},{"floor":48,"key":"Dexterity Potion"}],"is_trial":false,"path_per_floor":["M","M","M","M","?","E","M","R","T","R","M","M","$","E","R","B",null,"M","M","M","?","?","R","M","E","T","M","R","M","R","$","R","B",null,"M","?","M","M","$","R","E","M","T","?","M","M","R","M","R","B",null],"character_chosen":"DEFECT","items_purchased":["Apotheosis","Compile Driver"],"campfire_rested":2,"item_purchase_floors":[13,31],"current_hp_per_floor":[74,74,74,66,55,35,34,34,34,34,23,22,22,22,46,46,82,82,79,57,41,41,41,41,41,41,41,41,41,41,41,41,41,41,41,41,41,27,27,39,41,41,41,41,41,41,41,41,41,25],"gold":38,"neow_bonus":"TEN_PERCENT_HP_BONUS","is_prod":false,"is_daily":false,"chose_seed":false,"campfire_upgraded":8,"win_rate":0,"timestamp":1552151599,"path_taken":["M","M","M","M","?","E","M","R","T","R","M","M","$","E","R","BOSS","M","M","M","?","?","R","M","E","T","M","R","M","R","$","R","BOSS","M","?","M","M","?","R","E","M","T","?","M","M","R","M","R","BOSS"],"build_version":"2019-01-23","purchased_purges":1,"victory":true,"max_hp_per_floor":[82,82,82,82,82,82,82,82,82,82,82,82,82,82,82,82,82,82,82,82,41,41,41,41,41,41,41,41,41,41,41,41,41,41,41,41,41,41,41,41,41,41,41,41,41,41,41,41,41,41],"card_choices":[{"not_picked":["Stack","Force Field"],"picked":"Auto Shields","floor":1},{"not_picked":["Darkness","Aggregate"],"picked":"Ball Lightning","floor":2},{"not_picked":["Beam Cell","White Noise"],"picked":"Sweeping Beam","floor":3},{"not_picked":["Barrage","Hologram"],"picked":"Glacier","floor":4},{"not_picked":["Blizzard","Multi-Cast","Heatsinks"],"picked":"SKIP","floor":6},{"not_picked":["Leap","Reinforced Body"],"picked":"FTL","floor":7},{"not_picked":["Streamline","Rebound"],"picked":"Chaos","floor":11},{"not_picked":["Beam Cell","Barrage","Rebound"],"picked":"SKIP","floor":12},{"not_picked":["Steam","Beam Cell"],"picked":"Static Discharge","floor":14},{"not_picked":["Machine Learning","Hyperbeam"],"picked":"Echo Form","floor":16},{"not_picked":["Barrage","Reprogram+1"],"picked":"Hologram+1","floor":18},{"not_picked":["Turbo","Barrage"],"picked":"Leap","floor":19},{"not_picked":["Darkness","Doom and Gloom"],"picked":"Self Repair+1","floor":20},{"not_picked":["Rebound","Scrape+1"],"picked":"Fission","floor":24},{"not_picked":["Beam Cell","Ball Lightning"],"picked":"Coolheaded","floor":25},{"not_picked":["Rebound","Rip and Tear","Undo"],"picked":"SKIP","floor":27},{"not_picked":["Beam Cell","Storm","Fusion"],"picked":"SKIP","floor":29},{"not_picked":["Electrodynamics","Biased Cognition"],"picked":"Rainbow","floor":33},{"not_picked":["Chill","Cold Snap"],"picked":"Genetic Algorithm","floor":35},{"not_picked":["Steam+1","Beam Cell"],"picked":"Reinforced Body+1","floor":37},{"not_picked":["Force Field+1","Self Repair","Turbo+1"],"picked":"SKIP","floor":38},{"not_picked":["Storm+1","Reprogram+1","Self Repair+1"],"picked":"SKIP","floor":41},{"not_picked":["Tempest","Steam+1","Streamline"],"picked":"SKIP","floor":42},{"not_picked":["Cold Snap+1","FTL+1"],"picked":"Turbo+1","floor":45},{"not_picked":["Hello World+1","Redo"],"picked":"Barrage+1","floor":46},{"not_picked":["Compile Driver","Turbo"],"picked":"Defragment","floor":48}],"player_experience":716431,"relics_obtained":[{"floor":6,"key":"Pen Nib"},{"floor":9,"key":"Bottled Flame"},{"floor":14,"key":"Matryoshka"},{"floor":25,"key":"Juzu Bracelet"},{"floor":26,"key":"Ancient Tea Set"},{"floor":26,"key":"Dream Catcher"},{"floor":41,"key":"Bottled Tornado"},{"floor":43,"key":"Regal Pillow"},{"floor":43,"key":"War Paint"}],"event_choices":[{"damage_healed":0,"gold_gain":75,"player_choice":"Gather Gold","damage_taken":11,"max_hp_gain":0,"max_hp_loss":0,"event_name":"World of Goop","floor":5,"gold_loss":0},{"damage_healed":0,"gold_gain":0,"player_choice":"Became a Ghost","damage_taken":0,"max_hp_gain":0,"max_hp_loss":41,"event_name":"Ghosts","floor":21,"gold_loss":0,"cards_obtained":["Ghostly","Ghostly","Ghostly","Ghostly","Ghostly"]},{"damage_healed":0,"gold_gain":0,"player_choice":"Obtained Relic","damage_taken":0,"relics_obtained":["Cables"],"max_hp_gain":0,"max_hp_loss":0,"event_name":"Addict","floor":22,"gold_loss":85},{"damage_healed":0,"gold_gain":0,"player_choice":"Ignored","damage_taken":0,"max_hp_gain":0,"max_hp_loss":0,"event_name":"Mysterious Sphere","floor":36,"gold_loss":0},{"cards_removed":["Strike_B"],"damage_healed":0,"gold_gain":0,"player_choice":"Removed Attack","damage_taken":0,"max_hp_gain":0,"max_hp_loss":0,"event_name":"Falling","floor":44,"gold_loss":0}],"is_beta":false,"boss_relics":[{"not_picked":["Runic Dome","Coffee Dripper"],"picked":"Ectoplasm"},{"not_picked":["Astrolabe","Calling Bell"],"picked":"Inserter"}],"items_purged_floors":[13],"is_endless":false,"potions_floor_spawned":[3,4,7,12,14,16,18,25,27,29,37,45,46,48],"ascension_level":3}