{"gold_per_floor":[217,15,15,29,47,47,67,100,155,155,181,181,213,265,265,366,366,385,385,399,399,92,92,92,105,129,142,173,29,29,47,47,152,152,172,172,191,205,33,33,53,53,53,153,153,167,167,184,184,184],"floor_reached":51,"playtime":6510,"items_purged":["Shame","Strike_R"],"score":748,"play_id":"ce95b079-b3f2-4999-9319-e6a71a2e4ff6","local_time":"20190307135337","is_ascension_mode":true,"campfire_choices":[{"data":"Carnage","floor":6,"key":"SMITH"},{"data":"Havoc","floor":10,"key":"SMITH"},{"data":"True Grit","floor":15,"key":"SMITH"},{"data":"Limit Break","floor":23,"key":"SMITH"},{"data":"Shockwave","floor":30,"key":"SMITH"},{"floor":32,"key":"REST"},{"data":"Heavy Blade","floor":40,"key":"SMITH"},{"data":"Immolate","floor":42,"key":"SMITH"},{"data":"Shrug It Off","floor":45,"key":"SMITH"},{"data":"Defend_R","floor":47,"key":"SMITH"},{"data":"Defend_R","floor":49,"key":"SMITH"}],"neow_cost":"NONE","seed_source_timestamp":10167007688381,"circlet_count":0,"master_deck":["Strike_R","Strike_R","Strike_R","Strike_R","Defend_R+1","Defend_R","Defend_R+1","Defend_R+1","Bash+1","Iron Wave","Shrug It Off+1","Carnage+1","Shockwave+1","Havoc+1","True Grit+1","Limit Break+1","Shrug It Off+1","Inflame","Armaments+1","Impervious+1","Disarm+1","Immolate+1","Limit Break+1","Warcry+1","Burning Pact+1","Metallicize+1","Heavy Blade+1","Headbutt","True Grit+1","Warcry+1"],"relics":["Burning Blood","Red Skull","Anchor","Tiny Chest","Odd Mushroom","Question Card","Vajra","Strawberry","Sozu","Pen Nib","Toxic Egg 2","Lantern","War Paint","Meat on the Bone","Oddly Smooth Stone","Busted Crown","Bottled Lightning","Nunchaku"],"potions_floor_usage":[13],"damage_taken":[{"damage":7,"enemies":"Jaw Worm","floor":1,"turns":6},{"damage":5,"enemies":"Cultist","floor":4,"turns":5},{"damage":0,"enemies":"Small Slimes","floor":5,"turns":3},{"damage":8,"enemies":"Blue Slaver","floor":7,"turns":3},{"damage":12,"enemies":"Gremlin Nob","floor":8,"turns":3},{"damage":4,"enemies":"The Mushroom Lair","floor":11,"turns":5},{"damage":39,"enemies":"Lagavulin","floor":13,"turns":10},{"damage":17,"enemies":"The Guardian","floor":16,"turns":12},{"damage":0,"enemies":"Shell Parasite","floor":18,"turns":5},{"damage":3,"enemies":"2 Thieves","floor":20,"turns":4},{"damage":0,"enemies":"Shelled Parasite and Fungi","floor":25,"turns":3},{"damage":2,"enemies":"Cultist and Chosen","floor":27,"turns":8},{"damage":29,"enemies":"Slavers","floor":28,"turns":10},{"damage":19,"enemies":"Centurion and Healer","floor":31,"turns":7},{"damage":68,"enemies":"Champ","floor":33,"turns":13},{"damage":0,"enemies":"Orb Walker","floor":35,"turns":4},{"damage":0,"enemies":"3 Shapes","floor":37,"turns":4},{"damage":17,"enemies":"Writhing Mass","floor":38,"turns":8},{"damage":0,"enemies":"Spire Growth","floor":41,"turns":4},{"damage":10,"enemies":"Mind Bloom Boss Battle","floor":44,"turns":7},{"damage":5,"enemies":"Jaw Worm Horde","floor":46,"turns":3},{"damage":0,"enemies":"4 Shapes","floor":48,"turns":3},{"damage":16,"enemies":"Awakened One","floor":50,"turns":9}],"seed_played":"995128526843268598","potions_obtained":[{"floor":1,"key":"SkillPotion"},{"floor":8,"key":"GamblersBrew"},{"floor":13,"key":"Block Potion"}],"is_trial":false,"path_per_floor":["M","$","?","M","M","R","M","E","T","R","?","T","E","T","R","B",null,"M","?","M","?","$","R","?","M","T","M","E","$","R","M","R","B",null,"M","?","M","M","$","R","M","R","T","?","R","M","R","M","R","B",null],"character_chosen":"IRONCLAD","items_purchased":["Red Skull","Shrug It Off","Inflame","Armaments+1","Lantern","Oddly Smooth Stone","Heavy Blade","Headbutt"],"campfire_rested":1,"item_purchase_floors":[2,2,22,22,22,29,39,39],"current_hp_per_floor":[79,79,71,72,78,78,76,70,70,70,72,72,39,46,46,35,87,87,87,87,87,87,87,87,87,87,87,64,64,64,51,77,27,87,87,87,87,76,76,76,82,82,82,78,78,79,79,85,85,75],"gold":184,"neow_bonus":"HUNDRED_GOLD","is_prod":false,"is_daily":false,"chose_seed":false,"campfire_upgraded":10,"win_rate":0,"timestamp":1551959617,"path_taken":["M","$","?","?","M","R","M","E","T","R","?","?","E","?","R","BOSS","M","?","M","?","$","R","?","?","T","M","E","?","R","M","R","BOSS","M","?","?","M","$","R","M","R","T","?","R","M","R","M","R","BOSS"],"build_version":"2019-01-23","purchased_purges":2,"victory":true,"max_hp_per_floor":[80,80,80,80,80,80,80,80,80,80,80,80,80,87,87,87,87,87,87,87,87,87,87,87,87,87,87,87,87,87,87,87,87,87,87,87,87,87,87,87,87,87,87,87,87,87,87,87,87,87],"card_choices":[{"not_picked":["Burning Pact","Shockwave"],"picked":"Iron Wave","floor":1},{"not_picked":["Body Slam","Sword Boomerang","Thunderclap"],"picked":"SKIP","floor":4},{"not_picked":["Havoc","Dual Wield"],"picked":"Carnage","floor":5},{"not_picked":["Sentinel","Pommel Strike"],"picked":"Shockwave","floor":7},{"not_picked":["Fire Breathing","Sever Soul"],"picked":"Havoc","floor":8},{"not_picked":["Wild Strike","Pummel"],"picked":"True Grit","floor":11},{"not_picked":["Pommel Strike","Intimidate","Thunderclap","Iron Wave"],"picked":"SKIP","floor":13},{"not_picked":["Barricade","Fiend Fire","Immolate"],"picked":"Limit Break","floor":16},{"not_picked":["Dropkick","Body Slam","Seeing Red"],"picked":"Shrug It Off","floor":18},{"not_picked":["Fire Breathing","Sever Soul+1","Anger","Sentinel"],"picked":"SKIP","floor":20},{"not_picked":["Fire Breathing","Sever Soul+1","Anger","Sentinel"],"picked":"SKIP","floor":20},{"not_picked":["Fire Breathing","Sever Soul+1","Anger","Sentinel"],"picked":"SKIP","floor":20},{"not_picked":["Fire Breathing","Sever Soul+1","Anger","Sentinel"],"picked":"SKIP","floor":20},{"not_picked":["Pommel Strike+1","Twin Strike+1","Iron Wave"],"picked":"Disarm+1","floor":25},{"not_picked":["Clash","Pommel Strike","Body Slam","Second Wind+1"],"picked":"SKIP","floor":27},{"not_picked":["Spot Weakness+1","Clothesline","Combust+1"],"picked":"Immolate","floor":28},{"not_picked":["Searing Blow","Armaments+1","Anger","Rage+1"],"picked":"SKIP","floor":31},{"not_picked":["Demon Form","Berserk","Dark Embrace"],"picked":"Limit Break+1","floor":33},{"not_picked":["Clash+1"],"picked":"Warcry+1","floor":35},{"not_picked":["Entrench+1"],"picked":"Burning Pact+1","floor":37},{"not_picked":["Flex+1"],"picked":"Metallicize+1","floor":38},{"not_picked":["Reckless Charge+1"],"picked":"True Grit+1","floor":41},{"not_picked":["Thunderclap+1"],"picked":"Warcry+1","floor":44},{"not_picked":["Cleave","Sever Soul+1"],"picked":"SKIP","floor":46},{"not_picked":["Evolve+1","Pommel Strike+1"],"picked":"SKIP","floor":48}],"player_experience":688791,"relics_obtained":[{"floor":8,"key":"Anchor"},{"floor":9,"key":"Tiny Chest"},{"floor":11,"key":"Odd Mushroom"},{"floor":12,"key":"Question Card"},{"floor":13,"key":"Vajra"},{"floor":14,"key":"Strawberry"},{"floor":26,"key":"War Paint"},{"floor":28,"key":"Meat on the Bone"},{"floor":43,"key":"Bottled Lightning"},{"floor":44,"key":"Nunchaku"}],"event_choices":[{"damage_healed":0,"gold_gain":0,"player_choice":"Damaged","damage_taken":8,"max_hp_gain":0,"max_hp_loss":0,"event_name":"Wheel of Change","floor":3,"gold_loss":0},{"damage_healed":0,"gold_gain":0,"player_choice":"Fought Mushrooms","damage_taken":0,"max_hp_gain":0,"max_hp_loss":0,"event_name":"Mushrooms","floor":11,"gold_loss":0},{"damage_healed":0,"gold_gain":0,"player_choice":"Opened","damage_taken":0,"relics_obtained":["Pen Nib"],"max_hp_gain":0,"max_hp_loss":0,"event_name":"The Mausoleum","floor":19,"gold_loss":0},{"damage_healed":0,"gold_gain":0,"player_choice":"Stole Relic","damage_taken":0,"relics_obtained":["Toxic Egg 2"],"max_hp_gain":0,"max_hp_loss":0,"event_name":"Addict","floor":21,"gold_loss":0,"cards_obtained":["Shame"]},{"damage_healed":0,"gold_gain":0,"player_choice":"1 cards matched","damage_taken":0,"max_hp_gain":0,"max_hp_loss":0,"event_name":"Match and Keep!","floor":24,"gold_loss":0,"cards_obtained":["Impervious"]},{"damage_healed":0,"gold_gain":0,"player_choice":"1 cards matched","damage_taken":0,"max_hp_gain":0,"max_hp_loss":0,"event_name":"Match and Keep!","floor":24,"gold_loss":0,"cards_obtained":["Impervious"]},{"damage_healed":0,"gold_gain":0,"player_choice":"1 cards matched","damage_taken":0,"max_hp_gain":0,"max_hp_loss":0,"event_name":"Match and Keep!","floor":24,"gold_loss":0,"cards_obtained":["Impervious"]},{"damage_healed":0,"gold_gain":0,"player_choice":"Upgraded","damage_taken":0,"max_hp_gain":0,"max_hp_loss":0,"event_name":"Upgrade Shrine","floor":36,"gold_loss":0,"cards_upgraded":["Bash"]},{"damage_healed":0,"gold_gain":0,"player_choice":"Fight","damage_taken":0,"max_hp_gain":0,"max_hp_loss":0,"event_name":"MindBloom","floor":44,"gold_loss":0}],"is_beta":false,"boss_relics":[{"not_picked":["Snecko Eye","Coffee Dripper"],"picked":"Sozu"},{"not_picked":["Fusion Hammer","White Beast Statue"],"picked":"Busted Crown"}],"items_purged_floors":[22,39],"is_endless":false,"potions_floor_spawned":[1,8,13,18,20,27,35,41,44,46],"ascension_level":3}