{"gold_per_floor":[213,230,72,92,103,103,129,129,129,129,99,118,144,154,154,250,250,268,280,293,306,8,8,39,54,54,54,73,73,104,117,117,214,214,231,282,282,302,320,351,368,368,368,45,45,55,71,82,82,82],"floor_reached":51,"playtime":4352,"items_purged":["Strike_G","Strike_G","Strike_G"],"score":913,"play_id":"139b3a4b-c388-404b-bef0-100c73dc2d38","local_time":"20190209142310","is_ascension_mode":true,"campfire_choices":[{"data":"Neutralize","floor":6.0,"key":"SMITH"},{"floor":8.0,"key":"REST"},{"data":"Wraith Form v2","floor":10.0,"key":"SMITH"},{"floor":15.0,"key":"REST"},{"data":"Noxious Fumes","floor":23.0,"key":"SMITH"},{"data":"Deadly Poison","floor":27.0,"key":"SMITH"},{"data":"Well Laid Plans","floor":29.0,"key":"SMITH"},{"floor":32.0,"key":"REST"},{"floor":42,"key":"REST"},{"floor":45,"key":"REST"},{"data":"Footwork","floor":49,"key":"SMITH"}],"neow_cost":"NONE","seed_source_timestamp":310013771392600,"circlet_count":0,"master_deck":["Defend_G","Defend_G","Defend_G","Survivor+1","Neutralize+1","Deflect","Deadly Poison+1","Poisoned Stab","Well Laid Plans+1","Leg Sweep+1","Wraith Form v2+1","Distraction+1","Dodge and Roll+1","Noxious Fumes+1","Dodge and Roll+1","Corpse Explosion+1","Predator+1","Phantasmal Killer+1","Masterful Stab+1","Deadly Poison+1","Crippling Poison+1","Bane","Cloak And Dagger+1","Night Terror+1","Dash","Crippling Poison+1","Parasite","Backflip+1","Footwork+1","Crippling Poison+1"],"special_seed":0,"relics":["Ring of the Snake","Toxic Egg 2","Matryoshka","War Paint","Astrolabe","Lee\u0027s Waffle","The Courier","Strawberry","Pear","Mercury Hourglass","Snecko Eye","Torii","Nunchaku","PreservedInsect","Toy Ornithopter"],"potions_floor_usage":[47,47,50],"damage_taken":[{"damage":0.0,"enemies":"Jaw Worm","floor":1.0,"turns":4.0},{"damage":2.0,"enemies":"Cultist","floor":2.0,"turns":5.0},{"damage":6.0,"enemies":"Small Slimes","floor":4.0,"turns":4.0},{"damage":8.0,"enemies":"3 Louse","floor":5.0,"turns":4.0},{"damage":36.0,"enemies":"Lagavulin","floor":7.0,"turns":8.0},{"damage":1.0,"enemies":"Large Slime","floor":12.0,"turns":5.0},{"damage":10.0,"enemies":"Gremlin Nob","floor":13.0,"turns":4.0},{"damage":7.0,"enemies":"Exordium Wildlife","floor":14.0,"turns":6.0},{"damage":23.0,"enemies":"Slime Boss","floor":16.0,"turns":15.0},{"damage":0.0,"enemies":"Shell Parasite","floor":18.0,"turns":5.0},{"damage":1.0,"enemies":"Chosen","floor":19.0,"turns":6.0},{"damage":29.0,"enemies":"Sentry and Sphere","floor":20.0,"turns":6.0},{"damage":0.0,"enemies":"Snake Plant","floor":21.0,"turns":4.0},{"damage":1.0,"enemies":"Book of Stabbing","floor":24.0,"turns":6.0},{"damage":14.0,"enemies":"Shelled Parasite and Fungi","floor":25.0,"turns":5.0},{"damage":17.0,"enemies":"3 Cultists","floor":28.0,"turns":4.0},{"damage":34.0,"enemies":"Gremlin Leader","floor":30.0,"turns":7.0},{"damage":7.0,"enemies":"Centurion and Healer","floor":31.0,"turns":4.0},{"damage":31.0,"enemies":"Collector","floor":33.0,"turns":9.0},{"damage":10.0,"enemies":"Orb Walker","floor":35.0,"turns":4.0},{"damage":38.0,"enemies":"2 Orb Walkers","floor":36.0,"turns":4.0},{"damage":0.0,"enemies":"3 Shapes","floor":38.0,"turns":3.0},{"damage":10.0,"enemies":"Writhing Mass","floor":39.0,"turns":6.0},{"damage":9,"enemies":"Nemesis","floor":40,"turns":7},{"damage":1,"enemies":"3 Darklings","floor":41,"turns":2},{"damage":2,"enemies":"Jaw Worm Horde","floor":46,"turns":3},{"damage":8,"enemies":"Transient","floor":47,"turns":5},{"damage":1,"enemies":"4 Shapes","floor":48,"turns":4},{"damage":38,"enemies":"Awakened One","floor":50,"turns":17}],"seed_played":"4033426158183274472","potions_obtained":[{"floor":7.0,"key":"GamblersBrew"},{"floor":11.0,"key":"Swift Potion"},{"floor":11.0,"key":"AttackPotion"},{"floor":12.0,"key":"Fire Potion"},{"floor":13.0,"key":"Ancient Potion"},{"floor":14.0,"key":"GhostInAJar"},{"floor":16.0,"key":"PowerPotion"},{"floor":18.0,"key":"LiquidBronze"},{"floor":25.0,"key":"PowerPotion"},{"floor":30.0,"key":"EssenceOfSteel"},{"floor":33.0,"key":"Swift Potion"},{"floor":36.0,"key":"Energy Potion"},{"floor":39.0,"key":"SmokeBomb"},{"floor":41,"key":"GamblersBrew"},{"floor":47,"key":"Block Potion"}],"is_trial":false,"path_per_floor":["M","M","$","M","M","R","E","R","T","R","?","M","E","M","R","B",null,"M","M","M","M","$","R","E","M","T","R","M","R","E","M","R","B",null,"M","?","?","M","M","E","M","R","T","$","R","M","M","M","R","B",null],"character_chosen":"THE_SILENT","items_purchased":["Poisoned Stab","Well Laid Plans","Lee\u0027s Waffle","Footwork","Toy Ornithopter"],"campfire_rested":5,"item_purchase_floors":[3,3,22,44,44],"current_hp_per_floor":[70,68,68,62,54,54,18,39,39,39,39,38,28,21,42,19,57,57,56,27,27,77,77,76,62,79,79,62,62,28,21,49,18,75,65,27,27,27,17,8,7,35,35,35,63,61,63,62,62,29],"gold":82,"neow_bonus":"HUNDRED_GOLD","is_prod":false,"is_daily":false,"chose_seed":false,"campfire_upgraded":6,"win_rate":0,"timestamp":1549740190,"path_taken":["M","M","$","M","M","R","E","R","T","R","?","M","E","M","R","BOSS","M","?","M","M","$","R","E","M","T","R","M","R","E","M","R","BOSS","M","?","?","M","M","E","M","R","T","$","R","M","M","M","R","BOSS"],"build_version":"2019-01-23","purchased_purges":3,"victory":true,"max_hp_per_floor":[70,70,70,70,70,70,70,70,70,70,70,70,70,70,70,70,70,70,70,70,70,77,77,77,77,94,94,94,94,94,94,94,94,94,94,94,94,94,94,94,94,94,94,94,94,94,94,94,94,94],"card_choices":[{"not_picked":["Calculated Gamble","Blade Dance"],"picked":"Deflect","floor":1.0},{"not_picked":["Outmaneuver","Caltrops"],"picked":"Deadly Poison","floor":2.0},{"not_picked":["Slice","Bane"],"picked":"Leg Sweep","floor":4.0},{"not_picked":["Concentrate","Flying Knee"],"picked":"Wraith Form v2","floor":5.0},{"not_picked":["Underhanded Strike","Accuracy"],"picked":"Distraction","floor":7.0},{"not_picked":["Deadly Poison+1","Underhanded Strike"],"picked":"Dodge and Roll+1","floor":12.0},{"not_picked":["Accuracy","Backflip+1"],"picked":"Noxious Fumes","floor":13.0},{"not_picked":["Setup+1","Poisoned Stab"],"picked":"Dodge and Roll+1","floor":14.0},{"not_picked":["Doppelganger+1","Storm of Steel+1"],"picked":"Corpse Explosion+1","floor":16.0},{"not_picked":["Flying Knee","Prepared+1"],"picked":"Deadly Poison+1","floor":18.0},{"not_picked":["Skewer","Quick Slash+1","Deadly Poison+1"],"picked":"SKIP","floor":19.0},{"not_picked":["Dagger Throw","Blade Dance+1"],"picked":"Crippling Poison+1","floor":20.0},{"not_picked":["Blade Dance+1","Finisher"],"picked":"Bane","floor":21.0},{"not_picked":["Eviscerate","Predator+1","Blade Dance+1"],"picked":"SKIP","floor":24.0},{"not_picked":["Slice","Well Laid Plans"],"picked":"Cloak And Dagger+1","floor":25.0},{"not_picked":["Prepared+1","Bane","Poisoned Stab"],"picked":"SKIP","floor":28.0},{"not_picked":["Bane+1","Predator","Prepared+1"],"picked":"SKIP","floor":30.0},{"not_picked":["Acrobatics+1","Concentrate+1","Choke"],"picked":"SKIP","floor":31.0},{"not_picked":["Tools of the Trade","Doppelganger+1"],"picked":"Night Terror+1","floor":33.0},{"not_picked":["Flechettes","Terror+1"],"picked":"Dash","floor":35.0},{"not_picked":["Expertise+1","PiercingWail+1"],"picked":"Crippling Poison+1","floor":36.0},{"not_picked":["Poisoned Stab+1","Bane","Flying Knee"],"picked":"SKIP","floor":38.0},{"not_picked":["Cloak And Dagger+1","Reflex+1","All Out Attack+1"],"picked":"SKIP","floor":39.0},{"not_picked":["Dagger Spray","Dodge and Roll+1"],"picked":"Backflip+1","floor":40},{"not_picked":["Slice","Deadly Poison+1","Acrobatics+1"],"picked":"SKIP","floor":41},{"not_picked":["Distraction+1","Dagger Throw","Cloak And Dagger+1"],"picked":"SKIP","floor":46},{"not_picked":["Reflex+1","Deflect+1","Setup+1"],"picked":"SKIP","floor":47},{"not_picked":["Outmaneuver+1","Prepared+1"],"picked":"Crippling Poison+1","floor":48}],"player_experience":172841,"relics_obtained":[{"floor":7.0,"key":"Toxic Egg 2"},{"floor":9.0,"key":"Matryoshka"},{"floor":13.0,"key":"War Paint"},{"floor":24.0,"key":"The Courier"},{"floor":26.0,"key":"Strawberry"},{"floor":26.0,"key":"Pear"},{"floor":30.0,"key":"Mercury Hourglass"},{"floor":36.0,"key":"Torii"},{"floor":40,"key":"Nunchaku"},{"floor":43,"key":"PreservedInsect"}],"event_choices":[{"damage_healed":0.0,"max_hp_gain":0.0,"max_hp_loss":0.0,"gold_gain":0.0,"event_name":"The Woman in Blue","player_choice":"Bought 2 Potions","floor":11.0,"gold_loss":0.0,"damage_taken":0.0},{"damage_healed":0.0,"max_hp_gain":0.0,"max_hp_loss":0.0,"gold_gain":0.0,"event_name":"Mysterious Sphere","player_choice":"Fight","floor":36.0,"gold_loss":0.0,"damage_taken":0.0},{"cards_removed":["Defend_G"],"damage_healed":0.0,"max_hp_gain":0.0,"max_hp_loss":0.0,"gold_gain":0.0,"event_name":"Falling","player_choice":"Removed Skill","floor":37.0,"gold_loss":0.0,"damage_taken":0.0}],"is_beta":false,"boss_relics":[{"not_picked":["Runic Pyramid","Eternal Feather"],"picked":"Astrolabe"},{"not_picked":["Fusion Hammer","Ring of the Serpent"],"picked":"Snecko Eye"}],"items_purged_floors":[3,22,44],"is_endless":false,"potions_floor_spawned":[7,12,13,14,16,18,25,30,33,36,39,41,47],"ascension_level":5}