{"gold_per_floor":[110,122,134,150,225,225,254,279,279,279,305,305,2,37,37,112,112,122,22,32,42,42,42,69,81,143,155,180,202,214,253,265,351,363,385,412,1423,1453,577,577,591,618,618,645,658,658,88,88,88,88],"floor_reached":51,"playtime":2255,"items_purged":["Strike_R","Strike_R","Normality","Normality"],"score":1627,"play_id":"071c7fe5-b295-4b1d-abf1-18c0c771e2a3","local_time":"20180928022609","is_ascension_mode":true,"campfire_choices":[{"data":"Cleave","floor":6,"key":"SMITH"},{"data":"Thunderclap","floor":10,"key":"SMITH"},{"data":"Fiend Fire","floor":12,"key":"SMITH"},{"data":"Disarm","floor":15,"key":"SMITH"},{"data":"Bash","floor":23,"key":"SMITH"},{"floor":25,"key":"REST"},{"data":"Demon Form","floor":32,"key":"SMITH"},{"floor":40,"key":"REST"},{"floor":46,"key":"REST"},{"floor":49,"key":"REST"}],"neow_cost":"TEN_PERCENT_HP_LOSS","seed_source_timestamp":708183791193641,"circlet_count":0,"master_deck":["Strike_R","Strike_R","Strike_R","Defend_R","Defend_R+1","Defend_R","Defend_R","Bash+1","AscendersBane","Cleave+1","Disarm+1","Battle Trance+1","Carnage","Thunderclap+1","Fiend Fire+1","Inflame","Rampage","True Grit","Demon Form+1","Shame","Reaper"],"relics":["Burning Blood","Champion Belt","Orichalcum","Singing Bowl","Blood Vial","Juzu Bracelet","Ornamental Fan","Snecko Eye","Bronze Scales","MawBank","Regal Pillow","Bottled Tornado","Runic Dome","War Paint","StoneCalendar","PreservedInsect","Letter Opener","Pear","Thread and Needle"],"potions_floor_usage":[7,8,20,33,38,44,45,50,50],"damage_taken":[{"damage":6,"enemies":"Jaw Worm","floor":1,"turns":7},{"damage":16,"enemies":"Small Slimes","floor":2,"turns":3},{"damage":1,"enemies":"2 Louse","floor":3,"turns":3},{"damage":9,"enemies":"2 Fungi Beasts","floor":4,"turns":4},{"damage":6,"enemies":"Gremlin Nob","floor":7,"turns":3},{"damage":11,"enemies":"3 Sentries","floor":8,"turns":6},{"damage":11,"enemies":"3 Sentries","floor":11,"turns":6},{"damage":7,"enemies":"Lagavulin","floor":14,"turns":5},{"damage":24,"enemies":"Hexaghost","floor":16,"turns":7},{"damage":11,"enemies":"2 Thieves","floor":18,"turns":3},{"damage":20,"enemies":"Shell Parasite","floor":20,"turns":4},{"damage":9,"enemies":"Chosen and Byrds","floor":21,"turns":4},{"damage":29,"enemies":"Book of Stabbing","floor":24,"turns":3},{"damage":13,"enemies":"Snecko","floor":28,"turns":4},{"damage":3,"enemies":"Cultist and Chosen","floor":29,"turns":5},{"damage":1,"enemies":"Gremlin Leader","floor":31,"turns":5},{"damage":44,"enemies":"Automaton","floor":33,"turns":7},{"damage":5,"enemies":"3 Shapes","floor":35,"turns":3},{"damage":14,"enemies":"3 Darklings","floor":36,"turns":3},{"damage":45,"enemies":"Spire Growth","floor":38,"turns":4},{"damage":43,"enemies":"4 Shapes","floor":41,"turns":5},{"damage":63,"enemies":"Nemesis","floor":42,"turns":5},{"damage":30,"enemies":"2 Orb Walkers","floor":44,"turns":3},{"damage":7,"enemies":"Sphere and 2 Shapes","floor":45,"turns":2},{"damage":97,"enemies":"Awakened One","floor":50,"turns":10}],"seed_played":"8482948797825464426","potions_obtained":[{"floor":2,"key":"Energy Potion"},{"floor":3,"key":"Weak Potion"},{"floor":7,"key":"AttackPotion"},{"floor":14,"key":"SteroidPotion"},{"floor":16,"key":"PowerPotion"},{"floor":18,"key":"Regen Potion"},{"floor":24,"key":"Weak Potion"},{"floor":33,"key":"AttackPotion"},{"floor":41,"key":"EssenceOfSteel"},{"floor":44,"key":"PowerPotion"}],"is_trial":false,"path_per_floor":["M","M","M","M","?","R","E","?","T","R","E","R","$","E","R","B",null,"M","$","M","M","?","R","E","R","T","?","M","M","?","E","R","B",null,"M","M","?","M","$","R","M","E","T","E","M","R","$","?","R","B"],"character_chosen":"IRONCLAD","items_purchased":["Inflame","Rampage","True Grit","War Paint","StoneCalendar","Reaper","AttackPotion","Thread and Needle","Swift Potion"],"campfire_rested":4,"item_purchase_floors":[13,13,13,39,39,39,39,47,47],"current_hp_per_floor":[68,58,63,60,49,49,49,46,46,46,43,43,43,46,46,30,62,61,61,63,64,64,64,45,69,69,69,66,73,49,58,58,24,76,81,77,77,42,42,86,77,42,42,44,47,97,97,97,111,20],"gold":88,"neow_bonus":"ONE_RARE_RELIC","is_prod":false,"is_daily":false,"chose_seed":false,"campfire_upgraded":6,"win_rate":0,"timestamp":1538094369,"path_taken":["M","M","M","M","?","R","E","?","T","R","E","R","$","E","R","BOSS","M","?","M","M","?","R","E","R","T","?","M","M","?","E","R","BOSS","M","M","?","M","$","R","M","E","T","E","M","R","$","?","R","BOSS"],"build_version":"2018-09-27","purchased_purges":4,"victory":true,"max_hp_per_floor":[68,68,68,68,68,68,68,70,70,70,70,70,70,72,72,72,72,74,74,76,78,78,78,80,80,80,80,82,84,89,91,91,93,93,95,97,97,99,99,99,101,103,103,115,117,117,117,111,111,111],"card_choices":[{"not_picked":["Burning Pact","Warcry"],"picked":"Cleave","floor":1},{"not_picked":["Heavy Blade","Pommel Strike"],"picked":"Disarm","floor":2},{"not_picked":["Entrench","Disarm"],"picked":"Battle Trance","floor":3},{"not_picked":["Uppercut","Ghostly Armor"],"picked":"Carnage","floor":4},{"not_picked":["Hemokinesis","Heavy Blade"],"picked":"Thunderclap","floor":7},{"not_picked":["Havoc","Headbutt","Twin Strike"],"picked":"Singing Bowl","floor":8},{"not_picked":["Flex","Body Slam"],"picked":"Fiend Fire","floor":11},{"not_picked":["Second Wind","Rupture","Havoc"],"picked":"Singing Bowl","floor":14},{"not_picked":["Reaper","Bludgeon"],"picked":"Demon Form","floor":16},{"not_picked":["Sword Boomerang","Burning Pact","Anger"],"picked":"Singing Bowl","floor":18},{"not_picked":["Cleave","Combust","Pommel Strike"],"picked":"Singing Bowl","floor":20},{"not_picked":["Iron Wave+1","Perfected Strike","Infernal Blade"],"picked":"Singing Bowl","floor":21},{"not_picked":["Dark Embrace","Second Wind","Evolve"],"picked":"Singing Bowl","floor":24},{"not_picked":["Heavy Blade","Headbutt","Whirlwind"],"picked":"Singing Bowl","floor":28},{"not_picked":["Flex+1","Heavy Blade","Sword Boomerang"],"picked":"Singing Bowl","floor":29},{"not_picked":["Warcry","Iron Wave+1","Clash+1"],"picked":"Singing Bowl","floor":31},{"not_picked":["Juggernaut","Brutality","Demon Form"],"picked":"Singing Bowl","floor":33},{"not_picked":["Wild Strike+1","Dropkick","Sentinel+1"],"picked":"Singing Bowl","floor":35},{"not_picked":["Shrug It Off","Infernal Blade","Pommel Strike"],"picked":"Singing Bowl","floor":36},{"not_picked":["Cleave","Pommel Strike+1","Sword Boomerang"],"picked":"Singing Bowl","floor":38},{"not_picked":["Flex","Intimidate","Body Slam"],"picked":"Singing Bowl","floor":41},{"not_picked":["Berserk","Demon Form","Iron Wave+1"],"picked":"Singing Bowl","floor":42},{"not_picked":["Barricade","Flame Barrier","Inflame+1"],"picked":"Singing Bowl","floor":44},{"not_picked":["Thunderclap","Body Slam","Sword Boomerang"],"picked":"Singing Bowl","floor":45}],"player_experience":1268612,"relics_obtained":[{"floor":7,"key":"Orichalcum"},{"floor":8,"key":"Singing Bowl"},{"floor":9,"key":"Blood Vial"},{"floor":11,"key":"Juzu Bracelet"},{"floor":14,"key":"Ornamental Fan"},{"floor":24,"key":"MawBank"},{"floor":26,"key":"Regal Pillow"},{"floor":31,"key":"Bottled Tornado"},{"floor":42,"key":"PreservedInsect"},{"floor":43,"key":"Letter Opener"},{"floor":44,"key":"Pear"}],"event_choices":[{"event_name":"World of Goop","player_choice":"Gather Gold","floor":5,"damage_taken":0},{"event_name":"Dead Adventurer","player_choice":"Searched \u00273\u0027 times","floor":8,"damage_taken":0},{"event_name":"Addict","player_choice":"Stole Relic","floor":22,"damage_taken":0},{"event_name":"Ghosts","player_choice":"Ignored","floor":27,"damage_taken":0},{"event_name":"Forgotten Altar","player_choice":"Shed Blood","floor":30,"damage_taken":0},{"event_name":"MindBloom","player_choice":"Gold","floor":37,"damage_taken":0},{"event_name":"Winding Halls","player_choice":"Max HP","floor":48,"damage_taken":0}],"is_beta":false,"boss_relics":[{"not_picked":["Busted Crown","Philosopher\u0027s Stone"],"picked":"Snecko Eye"},{"not_picked":["Tiny House","Astrolabe"],"picked":"Runic Dome"}],"items_purged_floors":[13,19,39,47],"is_endless":false,"potions_floor_spawned":[2,3,7,14,16,18,24,29,31,33,41,44],"ascension_level":18}