{"gold_per_floor":[215,390,390,234,244,276,294,326,383,206,206,241,241,261,261,357,357],"floor_reached":17,"playtime":1489,"items_purged":["Doubt","Strike_R"],"score":199,"play_id":"6fb7ed75-21e6-488b-a70d-36e84bc97fd4","local_time":"20190305221111","is_ascension_mode":true,"campfire_choices":[{"data":"Clothesline","floor":13,"key":"SMITH"},{"floor":15,"key":"REST"}],"neow_cost":"NONE","seed_source_timestamp":42325147988844,"circlet_count":0,"master_deck":["Strike_R","Strike_R","Strike_R+1","Strike_R","Defend_R+1","Defend_R","Defend_R","Defend_R","Bash","Headbutt","Anger","True Grit","Clothesline+1","Hemokinesis","Second Wind","Iron Wave","Feel No Pain","Immolate+1","Shockwave","Fiend Fire+1"],"relics":["Burning Blood","Ancient Tea Set","Juzu Bracelet","Tiny Chest","Molten Egg 2"],"potions_floor_usage":[11],"damage_taken":[{"damage":0,"enemies":"2 Louse","floor":1,"turns":3},{"damage":2,"enemies":"Small Slimes","floor":5,"turns":3},{"damage":33,"enemies":"3 Sentries","floor":6,"turns":10},{"damage":0,"enemies":"Cultist","floor":7,"turns":3},{"damage":28,"enemies":"Lagavulin","floor":8,"turns":7},{"damage":2,"enemies":"The Mushroom Lair","floor":11,"turns":2},{"damage":20,"enemies":"Gremlin Nob","floor":12,"turns":5},{"damage":0,"enemies":"Looter","floor":14,"turns":1},{"damage":31,"enemies":"Hexaghost","floor":16,"turns":10}],"seed_played":"8814512562327888924","potions_obtained":[{"floor":1,"key":"Energy Potion"},{"floor":7,"key":"SmokeBomb"},{"floor":16,"key":"Weak Potion"}],"is_trial":false,"path_per_floor":["M","?","?","$","M","E","M","E","T","$","?","E","R","M","R","B",null],"character_chosen":"IRONCLAD","items_purchased":["Anger","True Grit","Feel No Pain"],"campfire_rested":1,"item_purchase_floors":[4,4,10],"current_hp_per_floor":[80,80,64,64,68,41,47,25,25,25,29,15,15,21,45,20,20],"gold":357,"neow_bonus":"HUNDRED_GOLD","is_prod":false,"is_daily":false,"chose_seed":false,"campfire_upgraded":1,"win_rate":0,"timestamp":1551816671,"path_taken":["M","?","?","$","M","E","M","E","T","$","?","E","R","M","R","BOSS"],"build_version":"2019-01-23","purchased_purges":2,"victory":false,"max_hp_per_floor":[80,80,80,80,80,80,80,80,80,80,80,80,80,80,80,80,80],"card_choices":[{"not_picked":["Inflame","True Grit"],"picked":"Headbutt","floor":1},{"not_picked":["Havoc","Seeing Red"],"picked":"Clothesline","floor":5},{"not_picked":["Sword Boomerang","Clash"],"picked":"Hemokinesis","floor":6},{"not_picked":["Berserk","Pommel Strike"],"picked":"Second Wind","floor":7},{"not_picked":["Cleave","Wild Strike"],"picked":"Iron Wave","floor":8},{"not_picked":["Spot Weakness","Heavy Blade"],"picked":"Immolate","floor":12},{"not_picked":["Clash+1","Power Through"],"picked":"Shockwave","floor":14},{"not_picked":["Limit Break","Bludgeon+1"],"picked":"Fiend Fire+1","floor":16}],"player_experience":662297,"relics_obtained":[{"floor":6,"key":"Ancient Tea Set"},{"floor":8,"key":"Juzu Bracelet"},{"floor":9,"key":"Tiny Chest"},{"floor":12,"key":"Molten Egg 2"}],"event_choices":[{"damage_healed":0,"gold_gain":175,"player_choice":"AGREE","damage_taken":0,"max_hp_gain":0,"max_hp_loss":0,"event_name":"Liars Game","floor":2,"gold_loss":0,"cards_obtained":["Doubt"]},{"damage_healed":0,"gold_gain":0,"player_choice":"Entered Light","damage_taken":16,"max_hp_gain":0,"max_hp_loss":0,"event_name":"Shining Light","floor":3,"gold_loss":0,"cards_upgraded":["Strike_R","Defend_R"]},{"damage_healed":0,"gold_gain":0,"player_choice":"Fought Mushrooms","damage_taken":0,"max_hp_gain":0,"max_hp_loss":0,"event_name":"Mushrooms","floor":11,"gold_loss":0}],"is_beta":false,"boss_relics":[],"items_purged_floors":[4,10],"is_endless":false,"potions_floor_spawned":[1,7,11,16],"ascension_level":3}