{"gold_per_floor":[112,129,145,145,214,244,244,272,272,288,288,288,321,337,337,411,411,429,441,441,37,50,50,80,355,423,453,470,485,503,173,173,252,252,267,283,333,333,333,333,364,364,364,364,379,410,422,449,449,449],"floor_reached":51,"playtime":3223,"items_purged":["Perfected Strike","Regret"],"score":1511,"play_id":"84bf6914-dde8-4505-865f-c688cd7a2317","local_time":"20180926185228","is_ascension_mode":true,"campfire_choices":[{"data":"Bludgeon","floor":7,"key":"SMITH"},{"data":"Clothesline","floor":11,"key":"SMITH"},{"data":"Battle Trance","floor":15,"key":"SMITH"},{"data":"Feed","floor":23,"key":"SMITH"},{"data":"Rampage","floor":32,"key":"SMITH"},{"data":"Burning Pact","floor":40,"key":"SMITH"},{"data":"Metallicize","floor":42,"key":"SMITH"},{"data":"Shrug It Off","floor":44,"key":"SMITH"},{"data":"Defend_R","floor":49,"key":"SMITH"}],"neow_cost":"TEN_PERCENT_HP_LOSS","seed_source_timestamp":593658296489717,"circlet_count":0,"master_deck":["Defend_R","Defend_R","Defend_R","Defend_R+1","Bash+1","AscendersBane","Battle Trance+1","Wild Strike","Bludgeon+1","Anger","Clothesline+1","Shrug It Off+1","Feed+1","Blood for Blood+1","Rampage+1","Bite","Bite","Bite","Bite","Bite","Disarm+1","Burning Pact+1","Pommel Strike+1","Impervious","PanicButton","Immolate","Offering","PanicButton","Madness","Flash of Steel","Metallicize+1","Thunderclap+1","Pommel Strike+1","Warcry+1"],"relics":["Burning Blood","Ginger","Mercury Hourglass","Meat on the Bone","Dodecahedron","Velvet Choker","Magic Flower","FossilizedHelix","Pear","Smiling Mask","Centennial Puzzle","Runic Cube","Torii","PreservedInsect","Shuriken","Ancient Tea Set","Pantograph","Art of War"],"potions_floor_usage":[6,16,33,50,50],"damage_taken":[{"damage":1,"enemies":"Small Slimes","floor":1,"turns":4},{"damage":5,"enemies":"2 Louse","floor":2,"turns":4},{"damage":2,"enemies":"Jaw Worm","floor":3,"turns":3},{"damage":25,"enemies":"3 Sentries","floor":6,"turns":7},{"damage":15,"enemies":"Lagavulin","floor":8,"turns":4},{"damage":8,"enemies":"Blue Slaver","floor":10,"turns":2},{"damage":24,"enemies":"Gremlin Nob","floor":13,"turns":4},{"damage":0,"enemies":"3 Louse","floor":14,"turns":2},{"damage":35,"enemies":"Hexaghost","floor":16,"turns":7},{"damage":30,"enemies":"Spheric Guardian","floor":18,"turns":4},{"damage":20,"enemies":"2 Thieves","floor":19,"turns":3},{"damage":28,"enemies":"Shelled Parasite and Fungi","floor":22,"turns":6},{"damage":27,"enemies":"Slavers","floor":24,"turns":5},{"damage":67,"enemies":"Book of Stabbing","floor":27,"turns":8},{"damage":78,"enemies":"Centurion and Healer","floor":28,"turns":36},{"damage":0,"enemies":"Cultist and Chosen","floor":29,"turns":3},{"damage":0,"enemies":"Snecko","floor":30,"turns":4},{"damage":93,"enemies":"Champ","floor":33,"turns":17},{"damage":9,"enemies":"3 Shapes","floor":35,"turns":4},{"damage":20,"enemies":"3 Darklings","floor":36,"turns":6},{"damage":23,"enemies":"Mysterious Sphere","floor":37,"turns":5},{"damage":55,"enemies":"2 Orb Walkers","floor":41,"turns":6},{"damage":20,"enemies":"Transient","floor":45,"turns":5},{"damage":33,"enemies":"Nemesis","floor":46,"turns":11},{"damage":38,"enemies":"Sphere and 2 Shapes","floor":47,"turns":5},{"damage":0,"enemies":"2 Orb Walkers","floor":48,"turns":3},{"damage":72,"enemies":"Donu and Deca","floor":50,"turns":8}],"seed_played":"-7598272211967234032","potions_obtained":[{"floor":1,"key":"Strength Potion"},{"floor":3,"key":"PowerPotion"},{"floor":10,"key":"BloodPotion"},{"floor":12,"key":"AttackPotion"},{"floor":24,"key":"Fire Potion"},{"floor":27,"key":"BloodPotion"},{"floor":28,"key":"Dexterity Potion"},{"floor":36,"key":"FearPotion"},{"floor":46,"key":"Fire Potion"}],"is_trial":false,"path_per_floor":["M","M","M","?","?","E","R","E","T","M","R","?","E","M","R","B",null,"M","M","?","$","M","R","E","?","T","E","M","M","M","$","R","B",null,"M","M","?","?","T","R","E","R","T","R","M","E","M","E","R","B"],"character_chosen":"IRONCLAD","items_purchased":["Magic Flower","Centennial Puzzle","PanicButton"],"campfire_rested":0,"item_purchase_floors":[21,31,31],"current_hp_per_floor":[68,68,68,68,68,49,49,40,40,52,52,52,48,56,56,41,61,51,42,42,42,49,49,55,55,65,37,92,96,96,96,96,41,82,94,104,102,92,92,92,70,70,70,70,74,68,72,93,93,68],"gold":449,"neow_bonus":"ONE_RARE_RELIC","is_prod":false,"is_daily":false,"chose_seed":false,"campfire_upgraded":9,"win_rate":0,"timestamp":1537980748,"path_taken":["M","M","M","?","?","E","R","E","T","M","R","?","E","M","R","BOSS","M","M","?","$","?","R","E","?","T","E","?","M","M","$","R","BOSS","M","M","?","?","?","R","E","R","T","R","M","E","?","E","R","BOSS"],"build_version":"2018-09-20","purchased_purges":2,"victory":true,"max_hp_per_floor":[68,68,68,68,68,68,68,68,68,68,68,68,68,68,68,68,68,68,71,71,71,74,74,78,78,88,88,92,96,96,96,96,96,96,100,104,108,108,108,108,108,108,108,108,108,108,112,116,116,116],"card_choices":[{"not_picked":["Cleave","Second Wind"],"picked":"Battle Trance","floor":1},{"not_picked":["Wild Strike","Sword Boomerang"],"picked":"Perfected Strike","floor":2},{"not_picked":["True Grit","Warcry"],"picked":"Wild Strike","floor":3},{"not_picked":["Pommel Strike","Cleave"],"picked":"Bludgeon","floor":6},{"not_picked":["Cleave","Berserk"],"picked":"Anger","floor":8},{"not_picked":["Feel No Pain","Warcry"],"picked":"Clothesline","floor":10},{"not_picked":["Heavy Blade","Warcry"],"picked":"Shrug It Off","floor":13},{"not_picked":["Warcry","Berserk","Feel No Pain"],"picked":"SKIP","floor":14},{"not_picked":["Reaper","Barricade"],"picked":"Feed","floor":16},{"not_picked":["Warcry","Wild Strike"],"picked":"Blood for Blood+1","floor":18},{"not_picked":["Thunderclap","Blood for Blood"],"picked":"Rampage","floor":19},{"not_picked":["Pommel Strike","Power Through"],"picked":"Disarm+1","floor":22},{"not_picked":["Sword Boomerang","Wild Strike"],"picked":"Burning Pact","floor":24},{"not_picked":["Shrug It Off","Havoc"],"picked":"Pommel Strike+1","floor":27},{"not_picked":["Wild Strike","Heavy Blade+1","Flex"],"picked":"SKIP","floor":28},{"not_picked":["Flex","Shrug It Off"],"picked":"Impervious","floor":29},{"not_picked":["Seeing Red","Headbutt","Evolve"],"picked":"SKIP","floor":30},{"not_picked":["Limit Break","Berserk"],"picked":"Immolate","floor":33},{"not_picked":["Iron Wave","Sword Boomerang","Anger"],"picked":"SKIP","floor":35},{"not_picked":["Headbutt","Heavy Blade+1"],"picked":"Offering","floor":36},{"not_picked":["Good Instincts","Jack Of All Trades"],"picked":"PanicButton","floor":38},{"not_picked":["Impatience","Good Instincts"],"picked":"Madness","floor":38},{"not_picked":["Transmutation","Dramatic Entrance"],"picked":"Flash of Steel","floor":38},{"not_picked":["Wild Strike","Seeing Red"],"picked":"Metallicize","floor":41},{"not_picked":["Iron Wave","Searing Blow"],"picked":"Thunderclap+1","floor":45},{"not_picked":["Sword Boomerang","Wild Strike"],"picked":"Pommel Strike+1","floor":46},{"not_picked":["Berserk","Uppercut","Clothesline"],"picked":"SKIP","floor":47},{"not_picked":["Clash","Double Tap"],"picked":"Warcry+1","floor":48}],"player_experience":1246044,"relics_obtained":[{"floor":6,"key":"Mercury Hourglass"},{"floor":8,"key":"Blood Vial"},{"floor":9,"key":"Meat on the Bone"},{"floor":13,"key":"Dodecahedron"},{"floor":24,"key":"FossilizedHelix"},{"floor":26,"key":"Pear"},{"floor":27,"key":"Smiling Mask"},{"floor":37,"key":"Torii"},{"floor":39,"key":"PreservedInsect"},{"floor":41,"key":"Shuriken"},{"floor":43,"key":"Ancient Tea Set"},{"floor":46,"key":"Pantograph"},{"floor":48,"key":"Art of War"}],"event_choices":[{"event_name":"Living Wall","player_choice":"Grow","floor":4,"damage_taken":0},{"event_name":"Golden Wing","player_choice":"Gained Gold","floor":5,"damage_taken":0},{"event_name":"The Lab","player_choice":"Got Potions","floor":12,"damage_taken":0},{"event_name":"Vampires","player_choice":"Became a vampire (Vial)","floor":20,"damage_taken":0},{"event_name":"Golden Shrine","player_choice":"Desecrate","floor":25,"damage_taken":0},{"event_name":"Mysterious Sphere","player_choice":"Fight","floor":37,"damage_taken":0},{"event_name":"SensoryStone","player_choice":"Memory 3","floor":38,"damage_taken":0}],"is_beta":false,"boss_relics":[{"not_picked":["Lizard Tail","Coffee Dripper"],"picked":"Velvet Choker"},{"not_picked":["Eternal Feather","Runic Pyramid"],"picked":"Runic Cube"}],"items_purged_floors":[21,31],"is_endless":false,"potions_floor_spawned":[1,3,10,14,24,27,28,36,41,46],"ascension_level":16}