{"gold_per_floor":[111,32,46,46,63,63,118,133,159,172,198,198,211,241,241,317,317,331,350,112,112,112,138,138,158,158,101,1,1],"floor_reached":29,"playtime":2928,"items_purged":["Strike_B","Shame"],"score":468,"play_id":"c23d00ad-8364-4f56-bb1e-811f746e6aea","local_time":"20190310002745","is_ascension_mode":true,"campfire_choices":[{"data":"Streamline","floor":6,"key":"SMITH"},{"data":"Defragment","floor":12,"key":"SMITH"},{"data":"Go for the Eyes","floor":15,"key":"SMITH"},{"data":"Ghostly","floor":24,"key":"SMITH"}],"neow_cost":"NONE","seed_source_timestamp":214162263808506,"circlet_count":0,"master_deck":["AscendersBane","Strike_B","Strike_B","Strike_B","Defend_B","Defend_B","Defend_B","Defend_B","Zap+1","Dualcast","Streamline+1","Self Repair","Compile Driver","Glacier","Defragment+1","Go for the Eyes+1","Cold Snap","Machine Learning","Ball Lightning","Ghostly+1","Ghostly","Ghostly","Sweeping Beam","Conserve Battery"],"relics":["Cracked Core","Tiny Chest","Lantern","PreservedInsect","Odd Mushroom","Cursed Key","Centennial Puzzle","DataDisk","Cables"],"potions_floor_usage":[10,14,18,23,23],"damage_taken":[{"damage":4,"enemies":"Small Slimes","floor":1,"turns":3},{"damage":2,"enemies":"Jaw Worm","floor":3,"turns":3},{"damage":0,"enemies":"2 Louse","floor":5,"turns":2},{"damage":10,"enemies":"Lagavulin","floor":7,"turns":7},{"damage":6,"enemies":"Looter","floor":8,"turns":3},{"damage":13,"enemies":"Large Slime","floor":10,"turns":4},{"damage":24,"enemies":"Gremlin Nob","floor":11,"turns":5},{"damage":1,"enemies":"2 Fungi Beasts","floor":13,"turns":4},{"damage":7,"enemies":"The Mushroom Lair","floor":14,"turns":3},{"damage":21,"enemies":"The Guardian","floor":16,"turns":12},{"damage":4,"enemies":"Spheric Guardian","floor":18,"turns":3},{"damage":25,"enemies":"2 Thieves","floor":19,"turns":4},{"damage":12,"enemies":"Book of Stabbing","floor":23,"turns":4},{"damage":30,"enemies":"Shelled Parasite and Fungi","floor":25,"turns":6},{"damage":15,"enemies":"Slavers","floor":29,"turns":1}],"seed_played":"7062300846091361086","potions_obtained":[{"floor":1,"key":"Fire Potion"},{"floor":7,"key":"Regen Potion"},{"floor":11,"key":"Weak Potion"},{"floor":14,"key":"Fire Potion"},{"floor":18,"key":"Regen Potion"},{"floor":19,"key":"PowerPotion"}],"is_trial":false,"path_per_floor":["?","?","?","?","$"],"character_chosen":"DEFECT","items_purchased":["Self Repair","Centennial Puzzle","Conserve Battery"],"campfire_rested":0,"item_purchase_floors":[2,20,27],"current_hp_per_floor":[60,60,58,58,65,65,62,63,63,69,52,52,58,58,58,44,64,67,49,49,35,35,35,35,12,12,12,12,0],"gold":1,"neow_bonus":"UPGRADE_CARD","is_prod":false,"is_daily":false,"chose_seed":false,"campfire_upgraded":4,"win_rate":0,"timestamp":1552195665,"path_taken":["M","$","M","?","M","R","E","M","T","M","E","R","M","?","R","BOSS","M","M","$","?","?","E","R","M","T","?","$","E"],"build_version":"2019-01-23","purchased_purges":2,"victory":false,"max_hp_per_floor":[71,71,71,71,71,71,71,71,71,71,71,71,71,71,71,71,71,71,71,71,35,35,35,35,35,35,35,35,35],"card_choices":[{"not_picked":["Heatsinks","Leap"],"picked":"Streamline","floor":1},{"not_picked":["Force Field","Barrage"],"picked":"Compile Driver","floor":3},{"not_picked":["Streamline","Barrage"],"picked":"Glacier","floor":5},{"not_picked":["Gash","Ball Lightning"],"picked":"Defragment","floor":7},{"not_picked":["Barrage","Chill"],"picked":"Go for the Eyes","floor":8},{"not_picked":["Steam","Chaos","Redo"],"picked":"SKIP","floor":10},{"not_picked":["Steam","Chaos","Redo"],"picked":"SKIP","floor":10},{"not_picked":["Leap","Multi-Cast","Gash"],"picked":"SKIP","floor":11},{"not_picked":["Ball Lightning","Redo"],"picked":"Cold Snap","floor":13},{"not_picked":["Reboot","Thunder Strike"],"picked":"Machine Learning","floor":16},{"not_picked":["Leap","Turbo+1"],"picked":"Ball Lightning","floor":18},{"not_picked":["Streamline","Compile Driver","Go for the Eyes+1"],"picked":"SKIP","floor":19},{"not_picked":["Go for the Eyes","Rebound"],"picked":"Sweeping Beam","floor":23},{"not_picked":["Go for the Eyes","Compile Driver","Turbo"],"picked":"SKIP","floor":25}],"player_experience":585530,"relics_obtained":[{"floor":7,"key":"Tiny Chest"},{"floor":9,"key":"Lantern"},{"floor":11,"key":"PreservedInsect"},{"floor":14,"key":"Odd Mushroom"},{"floor":23,"key":"DataDisk"},{"floor":26,"key":"Cables"}],"event_choices":[{"damage_healed":0,"gold_gain":0,"player_choice":"Ignored","damage_taken":0,"max_hp_gain":0,"max_hp_loss":0,"event_name":"Liars Game","floor":4,"gold_loss":0},{"damage_healed":0,"gold_gain":0,"player_choice":"Fought Mushrooms","damage_taken":0,"max_hp_gain":0,"max_hp_loss":0,"event_name":"Mushrooms","floor":14,"gold_loss":0},{"damage_healed":0,"gold_gain":0,"player_choice":"Became a Ghost","damage_taken":0,"max_hp_gain":0,"max_hp_loss":36,"event_name":"Ghosts","floor":21,"gold_loss":0,"cards_obtained":["Ghostly","Ghostly","Ghostly"]},{"damage_healed":0,"gold_gain":0,"player_choice":"Ignored","damage_taken":0,"max_hp_gain":0,"max_hp_loss":0,"event_name":"Beggar","floor":22,"gold_loss":0}],"is_beta":false,"boss_relics":[{"not_picked":["Tiny House","Orrery"],"picked":"Cursed Key"}],"items_purged_floors":[20,28],"is_endless":false,"potions_floor_spawned":[1,7,11,14,18,19],"killed_by":"Slavers","ascension_level":17}