{"gold_per_floor":[149,149,159,159,11,11,36,49,131,131,147,147,147,163,163,267,267,267,182,182,182,182,182,55,55,55,55,55,55,55,55,55,55,55,55,55,55,55,10,10,10,10,10,10,10,10,10,10,10,10],"floor_reached":51,"playtime":4332,"items_purged":["Strike_B"],"score":717,"play_id":"47d4bef1-3858-4d07-b01e-762f93a7b8db","local_time":"20181229162323","is_ascension_mode":false,"campfire_choices":[{"data":"Zap","floor":6.0,"key":"SMITH"},{"data":"Chill","floor":10.0,"key":"SMITH"},{"data":"Storm","floor":12.0,"key":"SMITH"},{"data":"Buffer","floor":15.0,"key":"SMITH"},{"data":"Electrodynamics","floor":23,"key":"SMITH"},{"data":"Beam Cell","floor":25,"key":"SMITH"},{"data":"Scrape","floor":29,"key":"SMITH"},{"data":"Dualcast","floor":32,"key":"SMITH"},{"data":"Loop","floor":40,"key":"SMITH"},{"data":"Buffer","floor":47,"key":"SMITH"},{"data":"Loop","floor":49,"key":"SMITH"}],"neow_cost":"NONE","seed_source_timestamp":0,"circlet_count":0,"master_deck":["Zap+1","Dualcast+1","Storm+1","Glacier","Scrape+1","Gash","Conserve Battery","Chill+1","Beam Cell+1","Chill","Buffer+1","Self Repair","Gash","Conserve Battery","Electrodynamics+1","Conserve Battery","Leap","Gash","Leap+1","Stack+1","Hologram+1","Force Field+1","Buffer+1","Multi-Cast","Electrodynamics","Aggregate","Loop+1","Ball Lightning","Lockon","Self Repair+1","BootSequence","White Noise+1","Loop+1","Jack Of All Trades","Steam","Parasite","Barrage+1","White Noise","Gash+1","Hologram+1","Beam Cell+1"],"special_seed":0,"relics":["Cracked Core","Tiny Chest","Potion Belt","Prayer Wheel","Pantograph","Ectoplasm","Dead Branch","MutagenicStrength","Bottled Tornado","Bronze Scales","Pandora\u0027s Box","Molten Egg 2","Darkstone Periapt"],"potions_floor_usage":[33,41,46,50,50,50],"damage_taken":[{"damage":7.0,"enemies":"2 Louse","floor":1.0,"turns":2.0},{"damage":1.0,"enemies":"Jaw Worm","floor":3.0,"turns":4.0},{"damage":19.0,"enemies":"3 Sentries","floor":7.0,"turns":11.0},{"damage":0.0,"enemies":"Small Slimes","floor":8.0,"turns":2.0},{"damage":0.0,"enemies":"3 Louse","floor":11.0,"turns":5.0},{"damage":1.0,"enemies":"Looter","floor":14.0,"turns":3.0},{"damage":17.0,"enemies":"Slime Boss","floor":16.0,"turns":12.0},{"damage":8.0,"enemies":"3 Byrds","floor":18.0,"turns":3.0},{"damage":3,"enemies":"Chosen","floor":22,"turns":4},{"damage":1,"enemies":"Snecko","floor":27,"turns":5},{"damage":2,"enemies":"Slavers","floor":28,"turns":4},{"damage":0,"enemies":"3 Cultists","floor":30,"turns":3},{"damage":17,"enemies":"Snake Plant","floor":31,"turns":3},{"damage":0,"enemies":"Collector","floor":33,"turns":11},{"damage":2,"enemies":"3 Darklings","floor":35,"turns":3},{"damage":0,"enemies":"3 Shapes","floor":37,"turns":2},{"damage":14,"enemies":"Writhing Mass","floor":41,"turns":4},{"damage":0,"enemies":"Jaw Worm Horde","floor":45,"turns":3},{"damage":0,"enemies":"Maw","floor":46,"turns":7},{"damage":0,"enemies":"Transient","floor":48,"turns":5},{"damage":54,"enemies":"Time Eater","floor":50,"turns":11}],"seed_played":"2697265152458999161","potions_obtained":[{"floor":1.0,"key":"Regen Potion"},{"floor":7.0,"key":"Regen Potion"},{"floor":11.0,"key":"Weak Potion"},{"floor":14.0,"key":"Energy Potion"},{"floor":22,"key":"Swift Potion"},{"floor":35,"key":"AttackPotion"},{"floor":46,"key":"Block Potion"}],"is_trial":false,"path_per_floor":["M","?","M","T","$","R","E","M","T","R","M","R","?","M","R","B",null,"M","?","?","?","M","R","$","R","T","M","E","R","M","M","R","B",null,"M","?","M","?","$","R","M","T","T","?","M","M","R","M","R","B",null],"character_chosen":"DEFECT","items_purchased":["Scrape","Gash","Conserve Battery","Gash","Steam"],"campfire_rested":0,"item_purchase_floors":[5,5,5,24,39],"current_hp_per_floor":[68,68,67,67,67,67,48,48,48,48,48,48,48,47,47,62,75,74,74,74,74,75,75,75,75,75,75,75,75,75,58,58,75,75,75,75,75,75,75,75,75,75,75,75,75,75,75,75,75,53],"gold":10,"neow_bonus":"RANDOM_COMMON_RELIC","is_prod":false,"is_daily":false,"chose_seed":false,"campfire_upgraded":11,"win_rate":0,"timestamp":1546061003,"path_taken":["M","?","M","?","$","R","E","M","T","R","?","R","?","M","R","BOSS","M","?","?","?","M","R","?","R","T","M","E","R","M","M","R","BOSS","M","?","M","?","$","R","M","?","T","?","M","?","R","M","R","BOSS"],"build_version":"2018-12-20","purchased_purges":1,"victory":true,"max_hp_per_floor":[75,75,75,75,75,75,75,75,75,75,75,75,75,75,75,75,75,75,75,75,75,75,75,75,75,75,75,75,75,75,75,75,75,75,75,75,75,75,75,75,75,75,75,75,75,75,75,75,75,75],"card_choices":[{"not_picked":["Fusion","Undo"],"picked":"Storm","floor":1.0},{"not_picked":["Beam Cell","Hologram"],"picked":"Glacier","floor":3.0},{"not_picked":["Storm","Rebound"],"picked":"Chill","floor":7.0},{"not_picked":["Compile Driver","Rebound"],"picked":"Beam Cell","floor":8.0},{"not_picked":["Ball Lightning","Streamline"],"picked":"Chill","floor":8.0},{"not_picked":["Storm","Tempest"],"picked":"Buffer","floor":11.0},{"not_picked":["Ball Lightning","Redo"],"picked":"Self Repair","floor":11.0},{"not_picked":["Lockon","Chaos"],"picked":"Gash","floor":14.0},{"not_picked":["Rebound","Ball Lightning"],"picked":"Conserve Battery","floor":14.0},{"not_picked":["Reboot","Biased Cognition"],"picked":"Electrodynamics","floor":16.0},{"not_picked":["Chaos","Streamline"],"picked":"Conserve Battery","floor":18.0},{"not_picked":["Steam Power","Cold Snap","Reprogram"],"picked":"SKIP","floor":18.0},{"not_picked":["Undo+1","Compile Driver+1"],"picked":"Leap","floor":22},{"not_picked":["Hologram","Beam Cell","Reboot"],"picked":"SKIP","floor":22},{"not_picked":["Darkness","Ball Lightning"],"picked":"Leap+1","floor":27},{"not_picked":["Sweeping Beam","Redo+1"],"picked":"Steam","floor":27},{"not_picked":["Sweeping Beam","Heatsinks+1"],"picked":"Stack+1","floor":28},{"not_picked":["Lockon+1","Sweeping Beam"],"picked":"Hologram+1","floor":30},{"not_picked":["Reinforced Body","Compile Driver","Blizzard"],"picked":"SKIP","floor":30},{"not_picked":["Self Repair","Stack"],"picked":"Force Field+1","floor":31},{"not_picked":["Conserve Battery","Thunder Strike","Melter+1"],"picked":"SKIP","floor":31},{"not_picked":["Seek","Fission"],"picked":"Buffer","floor":33},{"not_picked":["Reinforced Body+1","Streamline+1"],"picked":"Self Repair+1","floor":35},{"not_picked":["FTL","Gash"],"picked":"BootSequence","floor":35},{"not_picked":["Go for the Eyes+1","Coolheaded+1"],"picked":"White Noise+1","floor":37},{"not_picked":["Leap+1","Redo+1"],"picked":"Loop","floor":37},{"not_picked":["HandOfGreed","Enlightenment"],"picked":"Jack Of All Trades","floor":38},{"not_picked":["Rebound","Redo"],"picked":"Barrage+1","floor":41},{"not_picked":["Hologram+1","Compile Driver","Rebound+1"],"picked":"SKIP","floor":41},{"not_picked":["Barrage+1","Self Repair+1"],"picked":"White Noise","floor":45},{"not_picked":["Redo","Rip and Tear+1","Melter+1"],"picked":"SKIP","floor":45},{"not_picked":["Stack","Double Energy"],"picked":"Gash+1","floor":46},{"not_picked":["Compile Driver+1","Stack+1"],"picked":"Hologram+1","floor":46},{"not_picked":["Auto Shields+1","Skim+1"],"picked":"Beam Cell+1","floor":48},{"not_picked":["Rebound+1","Coolheaded","Barrage+1"],"picked":"SKIP","floor":48}],"player_experience":503006,"relics_obtained":[{"floor":4.0,"key":"Potion Belt"},{"floor":7.0,"key":"Prayer Wheel"},{"floor":9.0,"key":"Pantograph"},{"floor":26,"key":"Bottled Tornado"},{"floor":28,"key":"Bronze Scales"},{"floor":42,"key":"Molten Egg 2"},{"floor":43,"key":"Darkstone Periapt"}],"event_choices":[{"cards_removed":["Strike_B"],"damage_healed":0.0,"max_hp_gain":0.0,"max_hp_loss":0.0,"gold_gain":0.0,"event_name":"Living Wall","player_choice":"Forget","floor":2.0,"gold_loss":0.0,"damage_taken":0.0},{"damage_healed":0.0,"max_hp_gain":0.0,"max_hp_loss":0.0,"gold_gain":0.0,"event_name":"Liars Game","player_choice":"Ignored","floor":13.0,"gold_loss":0.0,"damage_taken":0.0},{"damage_healed":0.0,"max_hp_gain":0.0,"max_hp_loss":0.0,"gold_gain":0.0,"event_name":"Addict","player_choice":"Obtained Relic","floor":19.0,"gold_loss":85.0,"damage_taken":0.0,"relics_obtained":["Dead Branch"]},{"damage_healed":0,"gold_gain":0,"player_choice":"Ignored","damage_taken":0,"max_hp_gain":0,"max_hp_loss":0,"event_name":"Vampires","floor":20,"gold_loss":0},{"damage_healed":0,"gold_gain":0,"player_choice":"Inject Mutagens","damage_taken":0,"relics_obtained":["MutagenicStrength"],"max_hp_gain":0,"max_hp_loss":0,"event_name":"Drug Dealer","floor":21,"gold_loss":0},{"cards_removed":["Steam"],"damage_healed":0,"gold_gain":0,"player_choice":"Removed Skill","damage_taken":0,"max_hp_gain":0,"max_hp_loss":0,"event_name":"Falling","floor":36,"gold_loss":0},{"damage_healed":0,"gold_gain":0,"player_choice":"Memory 1","damage_taken":0,"max_hp_gain":0,"max_hp_loss":0,"event_name":"SensoryStone","floor":38,"gold_loss":0},{"damage_healed":0,"gold_gain":100,"player_choice":"Pray","damage_taken":0,"max_hp_gain":0,"max_hp_loss":0,"event_name":"Golden Shrine","floor":44,"gold_loss":0}],"is_beta":false,"boss_relics":[{"not_picked":["Empty Cage","FrozenCore"],"picked":"Ectoplasm"},{"not_picked":["Lizard Tail","Eternal Feather"],"picked":"Pandora\u0027s Box"}],"items_purged_floors":[24],"is_endless":false,"potions_floor_spawned":[1,7,11,14,22,28,30,35,37,46],"ascension_level":0}