{"gold_per_floor":[110,121,121,131,131,165,165,192,192,205,205,108,136,150,150,247,247,265,281,296,306,5,32,32,64,64,64,83,103,103,103,103,199,199,211,223,223,223,75,75,89,121,121,156,174,174,57,68,68,68],"floor_reached":51,"playtime":3617,"items_purged":["Strike_R","Perfected Strike+1"],"score":965,"play_id":"4b9d6264-05f8-43be-8de4-166973ec3170","local_time":"20190211004258","is_ascension_mode":true,"campfire_choices":[{"data":"Bash","floor":7.0,"key":"SMITH"},{"data":"Inflame","floor":11.0,"key":"SMITH"},{"floor":15.0,"key":"REST"},{"data":"Armaments","floor":24.0,"key":"SMITH"},{"data":"Metallicize","floor":27,"key":"SMITH"},{"data":"True Grit","floor":30,"key":"SMITH"},{"data":"Offering","floor":32,"key":"SMITH"},{"data":"Mayhem","floor":40,"key":"SMITH"},{"data":"Shrug It Off","floor":46,"key":"SMITH"},{"data":"Seeing Red","floor":49,"key":"SMITH"}],"neow_cost":"NONE","seed_source_timestamp":434410316199100,"circlet_count":0,"master_deck":["Defend_R","Defend_R","Defend_R","Defend_R","Bash+1","Ghostly Armor","Intimidate","Inflame+1","Cleave","Sword Boomerang","Metallicize+1","True Grit+1","Uppercut+1","Headbutt+1","Reaper+1","Metallicize+1","Offering+1","Havoc+1","Armaments+1","True Grit+1","Spot Weakness","Anger+1","Offering+1","Demon Form","Inflame+1","Feel No Pain+1","Mayhem+1","Heavy Blade+1","Shrug It Off+1","Rampage+1","Seeing Red+1"],"special_seed":0,"relics":["Burning Blood","Regal Pillow","Ancient Tea Set","Peace Pipe","Molten Egg 2","Blood Vial","Astrolabe","ClockworkSouvenir","Meat on the Bone","Vajra","Magic Flower","Runic Pyramid","Centennial Puzzle","Bag of Marbles","Incense Burner","Orichalcum"],"potions_floor_usage":[50],"damage_taken":[{"damage":0.0,"enemies":"2 Louse","floor":1.0,"turns":4.0},{"damage":0.0,"enemies":"Cultist","floor":2.0,"turns":4.0},{"damage":0.0,"enemies":"Jaw Worm","floor":4.0,"turns":5.0},{"damage":35.0,"enemies":"3 Sentries","floor":6.0,"turns":12.0},{"damage":26.0,"enemies":"Lagavulin","floor":8.0,"turns":8.0},{"damage":8.0,"enemies":"Exordium Wildlife","floor":10.0,"turns":2.0},{"damage":33.0,"enemies":"3 Sentries","floor":13.0,"turns":9.0},{"damage":3.0,"enemies":"Looter","floor":14.0,"turns":3.0},{"damage":32.0,"enemies":"Hexaghost","floor":16.0,"turns":11.0},{"damage":17.0,"enemies":"Spheric Guardian","floor":18.0,"turns":6.0},{"damage":8.0,"enemies":"Chosen","floor":19.0,"turns":5.0},{"damage":21.0,"enemies":"Snake Plant","floor":20.0,"turns":4.0},{"damage":18.0,"enemies":"Centurion and Healer","floor":21.0,"turns":7.0},{"damage":24.0,"enemies":"Slavers","floor":23.0,"turns":6.0},{"damage":56,"enemies":"Gremlin Leader","floor":25,"turns":8},{"damage":27,"enemies":"Shelled Parasite and Fungi","floor":28,"turns":6},{"damage":20,"enemies":"Sentry and Sphere","floor":29,"turns":6},{"damage":65,"enemies":"Automaton","floor":33,"turns":11},{"damage":57,"enemies":"3 Darklings","floor":35,"turns":4},{"damage":21,"enemies":"Orb Walker","floor":36,"turns":5},{"damage":12,"enemies":"Maw","floor":41,"turns":8},{"damage":45,"enemies":"Giant Head","floor":42,"turns":7},{"damage":28,"enemies":"Nemesis","floor":44,"turns":7},{"damage":25,"enemies":"Spire Growth","floor":45,"turns":5},{"damage":32,"enemies":"Transient","floor":48,"turns":5},{"damage":81,"enemies":"Time Eater","floor":50,"turns":10}],"seed_played":"8270580722645624874","potions_obtained":[{"floor":1.0,"key":"Poison Potion"},{"floor":2.0,"key":"Poison Potion"},{"floor":8.0,"key":"SpeedPotion"},{"floor":10.0,"key":"Weak Potion"},{"floor":19.0,"key":"BloodPotion"},{"floor":21.0,"key":"SkillPotion"},{"floor":33,"key":"Poison Potion"},{"floor":41,"key":"Energy Potion"}],"is_trial":false,"path_per_floor":["M","M","?","M","?","E","R","E","T","M","R","$","E","M","R","B",null,"M","M","M","M","$","E","R","E","T","R","M","M","R","?","R","B",null,"M","M","?","?","$","R","M","E","T","E","M","R","$","M","R","B",null],"character_chosen":"IRONCLAD","items_purchased":["True Grit","ClockworkSouvenir","Centennial Puzzle","Rampage+1","Seeing Red"],"campfire_rested":1,"item_purchase_floors":[12,22,39,47,47],"current_hp_per_floor":[78,80,85,85,85,56,56,36,36,34,34,34,7,12,52,28,71,70,82,69,77,77,85,85,57,57,57,69,78,78,78,78,62,79,64,85,85,75,75,75,85,67,67,53,63,63,63,57,57,35],"gold":68,"neow_bonus":"RANDOM_COMMON_RELIC","is_prod":false,"is_daily":false,"chose_seed":false,"campfire_upgraded":9,"win_rate":0,"timestamp":1549863778,"path_taken":["M","M","?","M","?","E","R","E","T","M","R","$","E","M","R","BOSS","M","M","M","?","$","E","R","E","T","R","M","M","R","?","R","BOSS","M","M","?","?","$","R","M","E","T","E","M","R","?","?","R","BOSS"],"build_version":"2019-01-23","purchased_purges":2,"victory":true,"max_hp_per_floor":[80,80,85,85,85,85,85,85,85,85,85,85,85,85,85,85,85,85,85,85,85,85,85,85,85,85,85,85,85,85,85,85,85,85,85,85,85,85,85,85,85,85,85,85,85,85,85,85,85,85],"card_choices":[{"not_picked":["Wild Strike","Sever Soul"],"picked":"Ghostly Armor","floor":1.0},{"not_picked":["Burning Pact","Iron Wave"],"picked":"Intimidate","floor":2.0},{"not_picked":["Headbutt","Disarm"],"picked":"Inflame","floor":4.0},{"not_picked":["Flex","Fire Breathing"],"picked":"Cleave","floor":6.0},{"not_picked":["Iron Wave","Ghostly Armor"],"picked":"Sword Boomerang","floor":8.0},{"not_picked":["Searing Blow+1","Heavy Blade+1"],"picked":"Metallicize","floor":10.0},{"not_picked":["Sever Soul+1","Clothesline+1"],"picked":"Uppercut+1","floor":13.0},{"not_picked":["Fiend Fire+1","Cleave+1"],"picked":"Headbutt+1","floor":14.0},{"not_picked":["Offering","Limit Break"],"picked":"Reaper+1","floor":16.0},{"not_picked":["Bloodletting","Cleave+1"],"picked":"Flex+1","floor":18.0},{"not_picked":["Iron Wave+1","Perfected Strike+1"],"picked":"Havoc+1","floor":19.0},{"not_picked":["Seeing Red","Burning Pact+1","Warcry"],"picked":"SKIP","floor":20.0},{"not_picked":["Seeing Red","Burning Pact+1","Warcry"],"picked":"SKIP","floor":20.0},{"not_picked":["Brutality","Iron Wave+1"],"picked":"Armaments","floor":21.0},{"not_picked":["Iron Wave+1","Wild Strike+1"],"picked":"True Grit+1","floor":23.0},{"not_picked":["Blood for Blood+1","Clash+1"],"picked":"Spot Weakness","floor":25},{"not_picked":["Sever Soul+1","Sword Boomerang+1","Thunderclap+1"],"picked":"SKIP","floor":28},{"not_picked":["Body Slam+1","Sentinel"],"picked":"Anger+1","floor":29},{"not_picked":["Brutality","Double Tap"],"picked":"Demon Form","floor":33},{"not_picked":["Rupture","Reckless Charge+1"],"picked":"Inflame+1","floor":35},{"not_picked":["Flex+1","Dropkick+1"],"picked":"Feel No Pain+1","floor":36},{"not_picked":["Good Instincts","Master of Strategy"],"picked":"Mayhem","floor":38},{"not_picked":["Uppercut+1","Sentinel"],"picked":"Heavy Blade+1","floor":41},{"not_picked":["Ghostly Armor+1","Pummel+1"],"picked":"Shrug It Off","floor":42},{"not_picked":["Spot Weakness+1","Sever Soul+1","Hemokinesis+1"],"picked":"SKIP","floor":44},{"not_picked":["True Grit","Clothesline+1","Wild Strike+1"],"picked":"SKIP","floor":45},{"not_picked":["Clash+1","Armaments","Heavy Blade+1"],"picked":"SKIP","floor":48}],"player_experience":208671,"relics_obtained":[{"floor":6.0,"key":"Ancient Tea Set"},{"floor":8.0,"key":"Peace Pipe"},{"floor":9.0,"key":"Molten Egg 2"},{"floor":13.0,"key":"Blood Vial"},{"floor":23.0,"key":"Meat on the Bone"},{"floor":25,"key":"Vajra"},{"floor":26,"key":"Magic Flower"},{"floor":42,"key":"Bag of Marbles"},{"floor":43,"key":"Incense Burner"},{"floor":44,"key":"Orichalcum"}],"event_choices":[{"damage_healed":0.0,"max_hp_gain":5.0,"max_hp_loss":0.0,"gold_gain":0.0,"event_name":"Big Fish","player_choice":"Donut","floor":3.0,"gold_loss":0.0,"damage_taken":0.0},{"cards_removed":["Strike_R"],"damage_healed":0.0,"max_hp_gain":0.0,"max_hp_loss":0.0,"gold_gain":0.0,"event_name":"Purifier","player_choice":"Purged","floor":5.0,"gold_loss":0.0,"damage_taken":0.0},{"damage_healed":0,"gold_gain":0,"player_choice":"Read","damage_taken":0,"max_hp_gain":0,"max_hp_loss":0,"event_name":"The Library","floor":31,"gold_loss":0,"cards_obtained":["Offering"]},{"cards_removed":["Flex"],"damage_healed":0,"gold_gain":0,"player_choice":"Removed Skill","damage_taken":0,"max_hp_gain":0,"max_hp_loss":0,"event_name":"Falling","floor":37,"gold_loss":0},{"damage_healed":0,"gold_gain":0,"player_choice":"Memory 3","damage_taken":10,"max_hp_gain":0,"max_hp_loss":0,"event_name":"SensoryStone","floor":38,"gold_loss":0}],"is_beta":false,"boss_relics":[{"not_picked":["Fusion Hammer","White Beast Statue"],"picked":"Astrolabe"},{"not_picked":["Lizard Tail","Orrery"],"picked":"Runic Pyramid"}],"items_purged_floors":[12,22],"is_endless":false,"potions_floor_spawned":[1,2,8,10,19,20,21,33,35,41],"ascension_level":6}