{"gold_per_floor":[362,362,378,395,407,425,456,456,502,472],"floor_reached":10,"playtime":310,"items_purged":[],"score":70,"play_id":"105b1ca7-0717-49bc-87b8-649a051c130f","local_time":"20190309063922","is_ascension_mode":false,"campfire_choices":[{"data":"Whirlwind","floor":8,"key":"SMITH"}],"neow_cost":"TEN_PERCENT_HP_LOSS","seed_source_timestamp":1710622883051,"circlet_count":0,"master_deck":["Strike_R","Strike_R","Strike_R","Strike_R","Strike_R","Defend_R","Defend_R","Defend_R","Defend_R","Bash","Shrug It Off","Whirlwind+1","Shrug It Off"],"relics":["Burning Blood","FaceOfCleric","Prayer Wheel","Vajra"],"potions_floor_usage":[7],"damage_taken":[{"damage":0,"enemies":"Small Slimes","floor":1,"turns":3},{"damage":10,"enemies":"Cultist","floor":3,"turns":4},{"damage":10,"enemies":"Jaw Worm","floor":4,"turns":4},{"damage":20,"enemies":"Looter","floor":5,"turns":3},{"damage":23,"enemies":"Lots of Slimes","floor":6,"turns":4},{"damage":31,"enemies":"3 Sentries","floor":7,"turns":6},{"damage":14,"enemies":"Exordium Thugs","floor":10,"turns":2}],"seed_played":"9164294192792637313","potions_obtained":[{"floor":1,"key":"EssenceOfSteel"},{"floor":6,"key":"Strength Potion"}],"is_trial":false,"path_per_floor":["M","?","M","M","M","M","E","R","T","M"],"character_chosen":"IRONCLAD","items_purchased":[],"campfire_rested":0,"item_purchase_floors":[],"current_hp_per_floor":[72,72,69,66,53,37,13,13,13,0],"gold":472,"neow_bonus":"TWO_FIFTY_GOLD","is_prod":false,"is_daily":false,"chose_seed":false,"campfire_upgraded":1,"win_rate":0,"timestamp":1552081162,"path_taken":["M","?","M","?","M","M","E","R","T","M"],"build_version":"2019-01-23","purchased_purges":0,"victory":false,"max_hp_per_floor":[72,72,73,74,75,76,77,77,77,77],"card_choices":[{"not_picked":["Seeing Red","Uppercut","Twin Strike"],"picked":"SKIP","floor":1},{"not_picked":["Twin Strike","Seeing Red"],"picked":"Shrug It Off","floor":3},{"not_picked":["Reckless Charge","Sword Boomerang"],"picked":"Whirlwind","floor":4},{"not_picked":["Armaments","Body Slam","Immolate"],"picked":"SKIP","floor":5},{"not_picked":["Twin Strike","Blood for Blood","Sword Boomerang"],"picked":"SKIP","floor":6},{"not_picked":["Metallicize","Sever Soul"],"picked":"Shrug It Off","floor":7}],"player_experience":238301,"relics_obtained":[{"floor":7,"key":"Prayer Wheel"},{"floor":9,"key":"Vajra"}],"event_choices":[{"damage_healed":0,"gold_gain":0,"player_choice":"Trade","damage_taken":0,"relics_obtained":["FaceOfCleric"],"max_hp_gain":0,"max_hp_loss":0,"event_name":"FaceTrader","floor":2,"gold_loss":0}],"is_beta":false,"boss_relics":[],"items_purged_floors":[],"is_endless":false,"potions_floor_spawned":[1,6],"killed_by":"Exordium Thugs","ascension_level":0}