{"gold_per_floor":[117,117,77,90,101,136,136,171,171,186,206,217,217],"floor_reached":13,"playtime":426,"items_purged":[],"score":189,"play_id":"e87b6a97-7fcf-40e4-a744-7909814b1de7","local_time":"20190310131100","is_ascension_mode":true,"campfire_choices":[{"data":"Go for the Eyes","floor":7,"key":"SMITH"}],"neow_cost":"NONE","seed_source_timestamp":78001748594900,"circlet_count":0,"master_deck":["AscendersBane","Strike_B","Strike_B","Strike_B","Strike_B","Defend_B","Defend_B","Defend_B","Defend_B","Zap","Dualcast","Go for the Eyes+1","Rip and Tear","Tempest","Conserve Battery","BootSequence","Coolheaded"],"relics":["Cracked Core","Lantern","Letter Opener","Dream Catcher"],"potions_floor_usage":[6,8],"damage_taken":[{"damage":3,"enemies":"2 Louse","floor":1,"turns":2},{"damage":2,"enemies":"Jaw Worm","floor":4,"turns":3},{"damage":1,"enemies":"Cultist","floor":5,"turns":3},{"damage":24,"enemies":"Gremlin Nob","floor":6,"turns":4},{"damage":29,"enemies":"3 Sentries","floor":8,"turns":8},{"damage":6,"enemies":"Lots of Slimes","floor":10,"turns":3},{"damage":1,"enemies":"Blue Slaver","floor":11,"turns":3},{"damage":0,"enemies":"2 Fungi Beasts","floor":12,"turns":2},{"damage":13,"enemies":"Large Slime","floor":13,"turns":3}],"seed_played":"-1258485154382886034","potions_obtained":[{"floor":3,"key":"Dexterity Potion"},{"floor":3,"key":"Block Potion"},{"floor":6,"key":"Poison Potion"},{"floor":10,"key":"Energy Potion"}],"is_trial":false,"path_per_floor":["M","?","?","M","M","E","R","E","T","M","M","M","M"],"character_chosen":"DEFECT","items_purchased":[],"campfire_rested":0,"item_purchase_floors":[],"current_hp_per_floor":[68,73,73,71,70,46,46,17,17,11,10,10,0],"gold":217,"neow_bonus":"TEN_PERCENT_HP_BONUS","is_prod":false,"is_daily":false,"chose_seed":false,"campfire_upgraded":1,"win_rate":0,"timestamp":1552237860,"path_taken":["M","?","?","M","M","E","R","E","T","M","M","?","M"],"build_version":"2019-01-23","purchased_purges":0,"victory":false,"max_hp_per_floor":[78,83,83,83,83,83,83,83,83,83,83,83,83],"card_choices":[{"not_picked":["Barrage","Chill"],"picked":"Go for the Eyes","floor":1},{"not_picked":["Hologram","Heatsinks","Stack"],"picked":"SKIP","floor":4},{"not_picked":["Go for the Eyes","Skim"],"picked":"Rip and Tear","floor":5},{"not_picked":["Hologram","Redo"],"picked":"Tempest","floor":6},{"not_picked":["Hyperbeam","Gash"],"picked":"Conserve Battery","floor":8},{"not_picked":["Hologram","Rip and Tear"],"picked":"BootSequence","floor":10},{"not_picked":["Force Field","Aggregate","Streamline"],"picked":"SKIP","floor":11},{"not_picked":["Redo","Rebound"],"picked":"Coolheaded","floor":12}],"player_experience":1304409,"relics_obtained":[{"floor":6,"key":"Lantern"},{"floor":8,"key":"Letter Opener"},{"floor":9,"key":"Dream Catcher"}],"event_choices":[{"damage_healed":0,"gold_gain":0,"player_choice":"Donut","damage_taken":0,"max_hp_gain":5,"max_hp_loss":0,"event_name":"Big Fish","floor":2,"gold_loss":0},{"damage_healed":0,"gold_gain":0,"player_choice":"Bought 3 Potions","damage_taken":0,"max_hp_gain":0,"max_hp_loss":0,"event_name":"The Woman in Blue","floor":3,"gold_loss":0}],"is_beta":false,"boss_relics":[],"items_purged_floors":[],"is_endless":false,"potions_floor_spawned":[4,5,6,10],"killed_by":"Large Slime","ascension_level":19}