{"gold_per_floor":[110,123,298,68,18,18,18,18,96,113,113,124,143,153,153,249,249,268,300,300,375,395,424,436,436,490,413,426,444,359,41,41,41],"floor_reached":33,"playtime":1577,"items_purged":["Doubt"],"score":296,"play_id":"5ff540c3-b22d-4fb1-8988-5ea8080a44be","local_time":"20190309214654","is_ascension_mode":true,"campfire_choices":[{"data":"Body Slam","floor":6,"key":"SMITH"},{"data":"Body Slam","floor":8,"key":"SMITH"},{"data":"Flame Barrier","floor":11,"key":"SMITH"},{"data":"Fiend Fire","floor":15,"key":"SMITH"},{"data":"Body Slam","floor":25,"key":"SMITH"},{"floor":32,"key":"REST"}],"neow_cost":"NONE","seed_source_timestamp":54894694456201,"circlet_count":0,"master_deck":["Strike_R","Strike_R","Defend_R","Defend_R","Defend_R","Defend_R","Bash","Body Slam+1","Flame Barrier+1","Body Slam+1","Fiend Fire+1","Metallicize","Exhume","Shrug It Off","Disarm","Body Slam+1","Armaments","Shrug It Off","Ghostly Armor","Fire Breathing","Wild Strike","Metallicize","Feel No Pain+1","Power Through","Reaper","Reckless Charge"],"relics":["Burning Blood","NeowsBlessing","Bronze Scales","Champion Belt","Gremlin Horn","Orrery","Red Mask","Centennial Puzzle","Vajra","Dodecahedron","Bottled Tornado"],"potions_floor_usage":[16,16,19,23,24,33],"damage_taken":[{"damage":0,"enemies":"Jaw Worm","floor":1,"turns":1},{"damage":0,"enemies":"Cultist","floor":2,"turns":1},{"damage":0,"enemies":"Small Slimes","floor":10,"turns":1},{"damage":6,"enemies":"Red Slaver","floor":12,"turns":4},{"damage":0,"enemies":"Looter","floor":13,"turns":2},{"damage":14,"enemies":"Large Slime","floor":14,"turns":7},{"damage":44,"enemies":"Hexaghost","floor":16,"turns":11},{"damage":0,"enemies":"Chosen","floor":18,"turns":4},{"damage":61,"enemies":"Masked Bandits","floor":19,"turns":6},{"damage":0,"enemies":"3 Byrds","floor":22,"turns":2},{"damage":0,"enemies":"Book of Stabbing","floor":23,"turns":5},{"damage":19,"enemies":"Cultist and Chosen","floor":24,"turns":12},{"damage":4,"enemies":"Shelled Parasite and Fungi","floor":28,"turns":7},{"damage":0,"enemies":"Snake Plant","floor":29,"turns":5},{"damage":61,"enemies":"Collector","floor":33,"turns":7}],"seed_played":"-3943149187449776517","potions_obtained":[{"floor":2,"key":"SkillPotion"},{"floor":10,"key":"Energy Potion"},{"floor":12,"key":"LiquidBronze"},{"floor":13,"key":"PowerPotion"},{"floor":16,"key":"Energy Potion"},{"floor":22,"key":"FearPotion"},{"floor":23,"key":"SpeedPotion"}],"is_trial":false,"path_per_floor":["M","M","?","$","?","R","T","R","T","M","R","M","M","M","R","B",null,"M","?","?","?","M","E","M","R","T","$","M","M","?","$","R","B"],"character_chosen":"IRONCLAD","items_purchased":["Bronze Scales","Flame Barrier","Body Slam","Power Through","Bottled Tornado"],"campfire_rested":1,"item_purchase_floors":[4,4,4,27,31],"current_hp_per_floor":[80,80,80,80,80,80,80,80,80,80,80,80,80,72,72,34,80,80,25,25,17,23,29,16,16,16,16,18,24,24,24,48,0],"gold":41,"neow_bonus":"THREE_ENEMY_KILL","is_prod":false,"is_daily":false,"chose_seed":false,"campfire_upgraded":5,"win_rate":0,"timestamp":1552135614,"path_taken":["M","M","?","$","?","R","?","R","T","M","R","M","?","M","R","BOSS","M","?","?","?","M","E","M","R","T","$","?","M","?","$","R","BOSS"],"build_version":"2019-01-23","purchased_purges":1,"victory":false,"max_hp_per_floor":[80,80,80,80,80,80,80,80,80,80,80,80,80,80,80,80,80,80,80,80,80,80,80,80,80,80,80,80,80,80,80,80,80],"card_choices":[{"not_picked":["Thunderclap","Anger"],"picked":"Body Slam","floor":1},{"not_picked":["Blood for Blood","Iron Wave","Infernal Blade"],"picked":"SKIP","floor":2},{"not_picked":["Dropkick","Infernal Blade","Searing Blow"],"picked":"SKIP","floor":10},{"not_picked":["Wild Strike","Body Slam"],"picked":"Fiend Fire","floor":12},{"not_picked":["Headbutt","Rage"],"picked":"Metallicize","floor":13},{"not_picked":["Pommel Strike","Headbutt","Warcry"],"picked":"SKIP","floor":14},{"not_picked":["Feed","Double Tap"],"picked":"Exhume","floor":16},{"not_picked":["Anger","Bloodletting"],"picked":"Shrug It Off","floor":17},{"not_picked":["Warcry","Intimidate"],"picked":"Disarm","floor":17},{"not_picked":["True Grit","Reckless Charge"],"picked":"Body Slam","floor":17},{"not_picked":["Power Through","Feed"],"picked":"Armaments","floor":18},{"not_picked":["Intimidate","Twin Strike"],"picked":"Shrug It Off","floor":19},{"not_picked":["Perfected Strike","Clash"],"picked":"Wild Strike","floor":22},{"not_picked":["Iron Wave","Rampage"],"picked":"Metallicize","floor":23},{"not_picked":["True Grit","Cleave"],"picked":"Feel No Pain+1","floor":24},{"not_picked":["Sword Boomerang","Rampage+1"],"picked":"Reaper","floor":28},{"not_picked":["Seeing Red","Flex+1"],"picked":"Reckless Charge","floor":29}],"player_experience":268219,"relics_obtained":[{"floor":7,"key":"Champion Belt"},{"floor":9,"key":"Gremlin Horn"},{"floor":19,"key":"Red Mask"},{"floor":23,"key":"Centennial Puzzle"},{"floor":26,"key":"Vajra"}],"event_choices":[{"damage_healed":0,"gold_gain":175,"player_choice":"AGREE","damage_taken":0,"max_hp_gain":0,"max_hp_loss":0,"event_name":"Liars Game","floor":3,"gold_loss":0,"cards_obtained":["Doubt"]},{"cards_removed":["Strike_R"],"damage_healed":0,"gold_gain":0,"player_choice":"Card Removal","damage_taken":0,"max_hp_gain":0,"max_hp_loss":0,"event_name":"The Cleric","floor":5,"gold_loss":50},{"damage_healed":0,"gold_gain":0,"player_choice":"Fought Bandits","damage_taken":0,"max_hp_gain":0,"max_hp_loss":0,"event_name":"Masked Bandits","floor":19,"gold_loss":0},{"damage_healed":0,"gold_gain":0,"cards_transformed":["Strike_R","Strike_R"],"player_choice":"Became Test Subject","damage_taken":0,"max_hp_gain":0,"max_hp_loss":0,"event_name":"Drug Dealer","floor":20,"gold_loss":0,"cards_obtained":["Ghostly Armor","Fire Breathing"]},{"damage_healed":0,"gold_gain":75,"player_choice":"Touch","damage_taken":8,"max_hp_gain":0,"max_hp_loss":0,"event_name":"FaceTrader","floor":21,"gold_loss":0},{"damage_healed":0,"gold_gain":0,"player_choice":"Obtained Relic","damage_taken":0,"relics_obtained":["Dodecahedron"],"max_hp_gain":0,"max_hp_loss":0,"event_name":"Addict","floor":30,"gold_loss":85}],"is_beta":false,"boss_relics":[{"not_picked":["Black Blood","Sozu"],"picked":"Orrery"}],"items_purged_floors":[31],"is_endless":false,"potions_floor_spawned":[2,10,12,13,16,22,23],"killed_by":"Collector","ascension_level":1}