{"gold_per_floor":[109,126,138,151,32,32,60,60,107,139,139,150,150,150,150,249,249,273,273,296,314,335,335,373,373,397,415,431,475,475,489,489,489],"floor_reached":33,"playtime":2266,"items_purged":["Strike_G"],"score":583,"play_id":"92f72bd3-799a-4e89-af6e-f86f8581e3a0","local_time":"20180926004317","is_ascension_mode":true,"campfire_choices":[{"data":"Cloak And Dagger","floor":6,"key":"SMITH"},{"data":"Neutralize","floor":8,"key":"SMITH"},{"data":"Quick Slash","floor":11,"key":"SMITH"},{"data":"Dagger Spray","floor":13,"key":"SMITH"},{"data":"Leg Sweep","floor":15,"key":"SMITH"},{"floor":23,"key":"REST"},{"floor":25,"key":"REST"},{"floor":30,"key":"REST"},{"floor":32,"key":"REST"}],"neow_cost":"TEN_PERCENT_HP_LOSS","seed_source_timestamp":529253919847406,"circlet_count":0,"master_deck":["Survivor","Neutralize+1","AscendersBane","Slice","Cloak And Dagger+1","Quick Slash+1","Dagger Spray+1","Terror","Poisoned Stab+1","Leg Sweep+1","Sucker Punch+1","Unload+1","Underhanded Strike+1","Concentrate","Deadly Poison","Dagger Spray+1","Footwork","Riddle With Holes+1","Backflip","Acrobatics","Crippling Poison","Malaise","Backflip","Poisoned Stab+1","Heel Hook+1","Crippling Poison"],"relics":["Ring of the Snake","Nunchaku","Molten Egg 2","Happy Flower","Bronze Scales","Golden Idol","Pandora\u0027s Box","Mercury Hourglass","Ancient Tea Set","Oddly Smooth Stone"],"potions_floor_usage":[7,20,21,24,27,33],"damage_taken":[{"damage":1,"enemies":"Cultist","floor":1,"turns":5},{"damage":14,"enemies":"Small Slimes","floor":2,"turns":4},{"damage":0,"enemies":"2 Louse","floor":3,"turns":2},{"damage":1,"enemies":"Looter","floor":4,"turns":4},{"damage":19,"enemies":"3 Sentries","floor":7,"turns":8},{"damage":0,"enemies":"Gremlin Nob","floor":10,"turns":3},{"damage":0,"enemies":"Exordium Wildlife","floor":12,"turns":2},{"damage":22,"enemies":"Slime Boss","floor":16,"turns":9},{"damage":0,"enemies":"Spheric Guardian","floor":18,"turns":2},{"damage":11,"enemies":"2 Thieves","floor":20,"turns":3},{"damage":11,"enemies":"Cultist and Chosen","floor":21,"turns":4},{"damage":6,"enemies":"Snake Plant","floor":22,"turns":4},{"damage":33,"enemies":"Slavers","floor":24,"turns":5},{"damage":13,"enemies":"Shelled Parasite and Fungi","floor":27,"turns":5},{"damage":13,"enemies":"Sentry and Sphere","floor":28,"turns":3},{"damage":6,"enemies":"Book of Stabbing","floor":29,"turns":5},{"damage":0,"enemies":"Snecko","floor":31,"turns":3},{"damage":62,"enemies":"Automaton","floor":33,"turns":6}],"seed_played":"1570148745553094458","potions_obtained":[{"floor":3,"key":"Weak Potion"},{"floor":4,"key":"Regen Potion"},{"floor":7,"key":"Explosive Potion"},{"floor":18,"key":"Fire Potion"},{"floor":21,"key":"Regen Potion"},{"floor":22,"key":"FearPotion"},{"floor":24,"key":"Ancient Potion"},{"floor":29,"key":"EssenceOfSteel"}],"is_trial":false,"path_per_floor":["M","M","M","M","$","R","E","R","T","E","R","M","R","?","R","B",null,"M","?","M","M","M","R","E","R","T","M","M","E","R","M","R"],"character_chosen":"THE_SILENT","items_purchased":["Terror"],"campfire_rested":4,"item_purchase_floors":[5],"current_hp_per_floor":[58,44,44,43,43,43,39,39,39,39,39,39,39,39,39,17,45,45,50,39,28,22,38,5,21,21,22,9,3,19,19,35,0],"gold":489,"neow_bonus":"ONE_RARE_RELIC","is_prod":false,"is_daily":false,"chose_seed":false,"campfire_upgraded":5,"win_rate":0,"timestamp":1537915397,"path_taken":["M","M","?","M","$","R","E","R","T","E","R","M","R","?","R","BOSS","M","?","?","M","M","R","E","R","T","M","?","E","R","M","R","BOSS"],"build_version":"2018-09-20","purchased_purges":1,"victory":false,"max_hp_per_floor":[60,60,60,60,60,60,60,60,60,60,60,60,60,54,54,54,54,54,54,54,54,54,54,54,54,54,54,54,54,54,54,54,54],"card_choices":[{"not_picked":["Tactician","Outmaneuver"],"picked":"Slice","floor":1},{"not_picked":["Expertise","Choke"],"picked":"Cloak And Dagger","floor":2},{"not_picked":["Blade Dance","Calculated Gamble"],"picked":"Quick Slash","floor":3},{"not_picked":["Concentrate","Deflect"],"picked":"Dagger Spray","floor":4},{"not_picked":["Masterful Stab","Burst"],"picked":"Poisoned Stab","floor":7},{"not_picked":["Calculated Gamble","Eviscerate+1"],"picked":"Leg Sweep","floor":10},{"not_picked":["Dodge and Roll","Accuracy"],"picked":"Sucker Punch+1","floor":12},{"not_picked":["Bullet Time","Tools of the Trade"],"picked":"Unload+1","floor":16},{"not_picked":["Bane+1","Prepared","Dagger Throw+1"],"picked":"SKIP","floor":18},{"not_picked":["Deadly Poison","Prepared"],"picked":"Crippling Poison","floor":20},{"not_picked":["Dagger Spray+1","Dodge and Roll"],"picked":"Malaise","floor":21},{"not_picked":["Dagger Throw+1","Bane+1","Tactician"],"picked":"SKIP","floor":22},{"not_picked":["Infinite Blades","Blur"],"picked":"Backflip","floor":24},{"not_picked":["Eviscerate+1","Dodge and Roll","Outmaneuver"],"picked":"SKIP","floor":27},{"not_picked":["Infinite Blades","Riddle With Holes+1"],"picked":"Poisoned Stab+1","floor":28},{"not_picked":["Quick Slash+1","Bane+1"],"picked":"Heel Hook+1","floor":29},{"not_picked":["Acrobatics","Prepared"],"picked":"Crippling Poison","floor":31}],"player_experience":1238545,"relics_obtained":[{"floor":7,"key":"Molten Egg 2"},{"floor":9,"key":"Happy Flower"},{"floor":10,"key":"Bronze Scales"},{"floor":24,"key":"Mercury Hourglass"},{"floor":26,"key":"Ancient Tea Set"},{"floor":29,"key":"Oddly Smooth Stone"}],"event_choices":[{"event_name":"Golden Idol","player_choice":"Lose Max HP","floor":14,"damage_taken":0},{"event_name":"Bonfire Elementals","player_choice":"COMMON","floor":19,"damage_taken":0}],"is_beta":false,"boss_relics":[{"not_picked":["Philosopher\u0027s Stone","Ring of the Serpent"],"picked":"Pandora\u0027s Box"}],"items_purged_floors":[5],"is_endless":false,"potions_floor_spawned":[3,4,7,12,18,21,22,24,29],"killed_by":"Automaton","ascension_level":16}