{"gold_per_floor":[115,115,130,146,146,180,180,157,211,43,43,43,54,64,64,161,161,161,161,161,161,161,161],"floor_reached":23,"playtime":1258,"items_purged":["Strike_G"],"score":229,"play_id":"49570770-0151-43cd-a7fe-568badaf7a5b","local_time":"20190206225234","is_ascension_mode":true,"campfire_choices":[{"data":"Dagger Spray","floor":7,"key":"SMITH"},{"data":"Infinite Blades","floor":11,"key":"SMITH"},{"floor":15,"key":"REST"}],"neow_cost":"NONE","seed_source_timestamp":84592813574500,"circlet_count":0,"master_deck":["Defend_G","Defend_G","Defend_G","Defend_G","Defend_G","Strike_G","Strike_G","Strike_G","Strike_G","Survivor","Neutralize+1","Dagger Spray+1","Prepared","Tactician","Backflip","Infinite Blades+1","Deadly Poison","Riddle With Holes","Burst","Caltrops","Dodge and Roll","Writhe","RitualDagger"],"relics":["Ring of the Snake","Regal Pillow","Art of War","Bag of Preparation","Ectoplasm","Turnip"],"potions_floor_usage":[16,16],"damage_taken":[{"damage":0,"enemies":"Cultist","floor":1,"turns":3},{"damage":3,"enemies":"2 Louse","floor":3,"turns":2},{"damage":0,"enemies":"Small Slimes","floor":4,"turns":3},{"damage":41,"enemies":"3 Sentries","floor":6,"turns":12},{"damage":0,"enemies":"3 Louse","floor":13,"turns":2},{"damage":0,"enemies":"2 Fungi Beasts","floor":14,"turns":2},{"damage":50,"enemies":"The Guardian","floor":16,"turns":9},{"damage":3,"enemies":"Chosen","floor":18,"turns":5},{"damage":0,"enemies":"3 Byrds","floor":19,"turns":5},{"damage":27,"enemies":"Shelled Parasite and Fungi","floor":22,"turns":5},{"damage":49,"enemies":"Slavers","floor":23,"turns":3}],"seed_played":"-8544575255508418433","potions_obtained":[{"floor":1,"key":"FearPotion"},{"floor":6,"key":"Strength Potion"}],"is_trial":false,"path_per_floor":["M","?","M","M","?","E","R","?","T","$","R","?","M","M","R","B",null,"M","M","?","?","M","E"],"character_chosen":"THE_SILENT","items_purchased":["Infinite Blades","Deadly Poison"],"campfire_rested":1,"item_purchase_floors":[10,10],"current_hp_per_floor":[70,75,72,72,72,31,31,31,31,31,31,24,24,24,61,11,75,72,72,72,66,39,0],"gold":161,"neow_bonus":"UPGRADE_CARD","is_prod":false,"is_daily":false,"chose_seed":false,"campfire_upgraded":2,"win_rate":0,"timestamp":1549511554,"path_taken":["M","?","M","M","?","E","R","?","T","$","R","?","M","M","R","BOSS","M","M","?","?","M","E"],"build_version":"2019-01-23","purchased_purges":1,"victory":false,"max_hp_per_floor":[70,75,75,75,75,75,75,75,75,75,75,75,75,75,75,75,75,75,75,75,75,75,75],"card_choices":[{"not_picked":["Flying Knee","Underhanded Strike"],"picked":"Dagger Spray","floor":1},{"not_picked":["Eviscerate","Bane"],"picked":"Prepared","floor":3},{"not_picked":["Dagger Throw","Terror"],"picked":"Tactician","floor":4},{"not_picked":["Deflect","Dagger Spray"],"picked":"Backflip","floor":6},{"not_picked":["Outmaneuver","Slice","Prepared"],"picked":"SKIP","floor":13},{"not_picked":["Unload","Bane"],"picked":"Riddle With Holes","floor":14},{"not_picked":["Grand Finale","Glass Knife"],"picked":"Burst","floor":16},{"not_picked":["Deadly Poison+1","Underhanded Strike"],"picked":"Caltrops","floor":18},{"not_picked":["Deflect","Deadly Poison+1"],"picked":"Dodge and Roll","floor":19},{"not_picked":["Burst","Quick Slash+1","Predator"],"picked":"SKIP","floor":22}],"player_experience":157624,"relics_obtained":[{"floor":6,"key":"Regal Pillow"},{"floor":9,"key":"Art of War"}],"event_choices":[{"damage_healed":0,"gold_gain":0,"player_choice":"Donut","damage_taken":0,"max_hp_gain":5,"max_hp_loss":0,"event_name":"Big Fish","floor":2,"gold_loss":0},{"damage_healed":0,"gold_gain":0,"player_choice":"Ignored","damage_taken":0,"max_hp_gain":0,"max_hp_loss":0,"event_name":"Liars Game","floor":5,"gold_loss":0},{"damage_healed":0,"gold_gain":0,"player_choice":"Left Gold","damage_taken":0,"max_hp_gain":0,"max_hp_loss":0,"event_name":"World of Goop","floor":8,"gold_loss":23},{"damage_healed":0,"gold_gain":0,"player_choice":"Success","damage_taken":7,"relics_obtained":["Bag of Preparation"],"max_hp_gain":0,"max_hp_loss":0,"event_name":"Scrap Ooze","floor":12,"gold_loss":0},{"damage_healed":0,"gold_gain":0,"player_choice":"Opened","damage_taken":0,"relics_obtained":["Turnip"],"max_hp_gain":0,"max_hp_loss":0,"event_name":"The Mausoleum","floor":20,"gold_loss":0,"cards_obtained":["Writhe"]},{"damage_healed":0,"gold_gain":0,"player_choice":"Joined the Cult","damage_taken":6,"max_hp_gain":0,"max_hp_loss":0,"event_name":"Nest","floor":21,"gold_loss":0,"cards_obtained":["RitualDagger"]}],"is_beta":false,"boss_relics":[{"not_picked":["Lizard Tail","Calling Bell"],"picked":"Ectoplasm"}],"items_purged_floors":[10],"is_endless":false,"potions_floor_spawned":[1,6],"killed_by":"Slavers","ascension_level":4}