{"gold_per_floor":[118,118,136,87,87,87,118,68,68,94,106,118,147,159,171,282,344,376,388,417,443,181,214,129,129,156,156],"floor_reached":27,"playtime":1093,"items_purged":["Strike_G"],"score":301,"play_id":"d9bcd1c3-f814-475f-ab74-85274e6e24bb","local_time":"20190307153814","is_ascension_mode":true,"campfire_choices":[{"data":"Neutralize","floor":6,"key":"SMITH"},{"data":"Footwork","floor":11,"key":"SMITH"},{"data":"Backflip","floor":15,"key":"SMITH"}],"neow_cost":"NONE","seed_source_timestamp":12089975616482,"circlet_count":0,"master_deck":["Defend_G","Defend_G","Defend_G","Defend_G","Defend_G","Strike_G","Strike_G","Strike_G","Survivor","Neutralize+1","Backflip+1","Bouncing Flask+1","Footwork+1","Flying Knee+1","Tools of the Trade","Terror","Deflect+1","Necronomicurse","Calculated Gamble+1","Setup+1","Backflip"],"relics":["Ring of the Snake","NeowsBlessing","Blue Candle","Question Card","Mercury Hourglass","MawBank","Tiny House","Necronomicon","TwistedFunnel","Boot","Bag of Preparation","Smiling Mask"],"potions_floor_usage":[10,18,20,21],"damage_taken":[{"damage":0,"enemies":"Jaw Worm","floor":1,"turns":1},{"damage":0,"enemies":"2 Louse","floor":3,"turns":1},{"damage":0,"enemies":"Lagavulin","floor":7,"turns":1},{"damage":24,"enemies":"3 Sentries","floor":10,"turns":6},{"damage":0,"enemies":"Small Slimes","floor":13,"turns":2},{"damage":11,"enemies":"The Guardian","floor":16,"turns":8},{"damage":0,"enemies":"Chosen","floor":18,"turns":4},{"damage":0,"enemies":"Shell Parasite","floor":20,"turns":6},{"damage":11,"enemies":"Snecko","floor":21,"turns":5},{"damage":43,"enemies":"Book of Stabbing","floor":23,"turns":10},{"damage":36,"enemies":"Chosen and Byrds","floor":27,"turns":6}],"seed_played":"-1261604624213244316","potions_obtained":[{"floor":3,"key":"Explosive Potion"},{"floor":16,"key":"AttackPotion"},{"floor":17,"key":"Swift Potion"},{"floor":18,"key":"GhostInAJar"}],"is_trial":false,"path_per_floor":["M","?","M","?","?","R","E","?","T","E","R","?","M","$","R","B",null,"M","?","M","M","$","E","?","?","T","M"],"character_chosen":"THE_SILENT","items_purchased":["TwistedFunnel"],"campfire_rested":0,"item_purchase_floors":[22],"current_hp_per_floor":[70,63,63,63,70,70,70,70,70,46,46,46,46,46,46,35,75,75,59,59,48,48,5,5,30,30,0],"gold":156,"neow_bonus":"THREE_ENEMY_KILL","is_prod":false,"is_daily":false,"chose_seed":false,"campfire_upgraded":3,"win_rate":0,"timestamp":1552001894,"path_taken":["M","?","M","?","?","R","E","?","T","E","R","?","?","$","R","BOSS","M","?","M","M","$","E","?","?","T","M"],"build_version":"2019-01-23","purchased_purges":1,"victory":false,"max_hp_per_floor":[70,70,70,70,70,70,70,70,70,70,70,70,70,70,70,70,75,75,75,75,75,75,75,75,75,75,75],"card_choices":[{"not_picked":["Dodge and Roll","Prepared"],"picked":"Backflip","floor":1},{"not_picked":["Distraction","Concentrate","Dodge and Roll"],"picked":"SKIP","floor":3},{"not_picked":["Concentrate","Endless Agony"],"picked":"Bouncing Flask","floor":7},{"not_picked":["Bane","Flying Knee","Outmaneuver"],"picked":"Footwork","floor":10},{"not_picked":["Tactician","Acrobatics","Underhanded Strike"],"picked":"Flying Knee","floor":13},{"not_picked":["Storm of Steel","After Image","Bullet Time"],"picked":"Tools of the Trade","floor":16},{"not_picked":["Concentrate","Blur","Prepared"],"picked":"Terror","floor":17},{"not_picked":["Deadly Poison","Riddle With Holes","All Out Attack"],"picked":"Deflect+1","floor":18},{"not_picked":["Dodge and Roll+1","Choke","Flying Knee+1"],"picked":"Calculated Gamble+1","floor":20},{"not_picked":["Flechettes","Dodge and Roll","Skewer"],"picked":"Setup+1","floor":21},{"not_picked":["Tactician","Accuracy","Poisoned Stab"],"picked":"Backflip","floor":23}],"player_experience":347584,"relics_obtained":[{"floor":7,"key":"Question Card"},{"floor":9,"key":"Mercury Hourglass"},{"floor":10,"key":"MawBank"},{"floor":19,"key":"Necronomicon"},{"floor":23,"key":"Boot"},{"floor":26,"key":"Smiling Mask"}],"event_choices":[{"damage_healed":0,"gold_gain":0,"player_choice":"Success","damage_taken":7,"relics_obtained":["Blue Candle"],"max_hp_gain":0,"max_hp_loss":0,"event_name":"Scrap Ooze","floor":2,"gold_loss":0},{"damage_healed":0,"gold_gain":0,"player_choice":"Left Gold","damage_taken":0,"max_hp_gain":0,"max_hp_loss":0,"event_name":"World of Goop","floor":4,"gold_loss":49},{"damage_healed":23,"gold_gain":0,"player_choice":"Banana","damage_taken":0,"max_hp_gain":0,"max_hp_loss":0,"event_name":"Big Fish","floor":5,"gold_loss":0},{"cards_removed":["Strike_G"],"damage_healed":0,"gold_gain":0,"player_choice":"Card Removal","damage_taken":0,"max_hp_gain":0,"max_hp_loss":0,"event_name":"The Cleric","floor":8,"gold_loss":50},{"damage_healed":0,"gold_gain":0,"player_choice":"Upgraded","damage_taken":0,"max_hp_gain":0,"max_hp_loss":0,"event_name":"Upgrade Shrine","floor":12,"gold_loss":0,"cards_upgraded":["Bouncing Flask"]},{"damage_healed":0,"gold_gain":0,"player_choice":"Obtained Book","damage_taken":16,"max_hp_gain":0,"max_hp_loss":0,"event_name":"Cursed Tome","floor":19,"gold_loss":0},{"damage_healed":0,"gold_gain":0,"player_choice":"Obtained Relic","damage_taken":0,"relics_obtained":["Bag of Preparation"],"max_hp_gain":0,"max_hp_loss":0,"event_name":"Addict","floor":24,"gold_loss":85},{"damage_healed":25,"gold_gain":0,"player_choice":"Heal","damage_taken":0,"max_hp_gain":0,"max_hp_loss":0,"event_name":"The Library","floor":25,"gold_loss":0}],"is_beta":false,"boss_relics":[{"not_picked":["Ring of the Serpent","HoveringKite"],"picked":"Tiny House"}],"items_purged_floors":[22],"is_endless":false,"potions_floor_spawned":[3,16,18],"killed_by":"Chosen and Byrds","ascension_level":3}