{"gold_per_floor":[119,119,136,149,161,161,161,161,161,188,203,222,256,181,181,258,258,272,172,87,4,4,17,35,63,63,63],"floor_reached":27,"playtime":1364,"items_purged":["Doubt","Riddle With Holes"],"score":536,"play_id":"b280fe0c-a014-4c2b-8728-3ea39c7756c3","local_time":"20190205191808","is_ascension_mode":true,"campfire_choices":[{"data":"Skewer","floor":6,"key":"SMITH"},{"data":"Poisoned Stab","floor":8,"key":"SMITH"},{"data":"Catalyst","floor":15,"key":"SMITH"}],"neow_cost":"NONE","seed_source_timestamp":1792608169424882,"circlet_count":0,"master_deck":["AscendersBane","Survivor","Neutralize+1","Poisoned Stab+1","Dodge and Roll","Terror","Skewer+1","Distraction","Backflip","Catalyst+1","Poisoned Stab","Catalyst","After Image","Crippling Poison","After Image","Skewer","Noxious Fumes","Backstab","Night Terror","Tools of the Trade","Deadly Poison","Escape Plan","Noxious Fumes","A Thousand Cuts","Bouncing Flask","Corpse Explosion"],"relics":["Ring of the Snake","Question Card","Centennial Puzzle","Ninja Scroll","Pandora\u0027s Box","Snake Skull","Art of War","Ornamental Fan"],"potions_floor_usage":[10,16,18,25,25],"damage_taken":[{"damage":7,"enemies":"Cultist","floor":1,"turns":5},{"damage":0,"enemies":"Small Slimes","floor":3,"turns":2},{"damage":1,"enemies":"Jaw Worm","floor":4,"turns":4},{"damage":2,"enemies":"2 Fungi Beasts","floor":5,"turns":6},{"damage":11,"enemies":"Lagavulin","floor":10,"turns":5},{"damage":1,"enemies":"3 Louse","floor":11,"turns":4},{"damage":1,"enemies":"Red Slaver","floor":12,"turns":3},{"damage":6,"enemies":"Gremlin Nob","floor":13,"turns":3},{"damage":25,"enemies":"The Guardian","floor":16,"turns":13},{"damage":7,"enemies":"2 Thieves","floor":18,"turns":5},{"damage":5,"enemies":"Chosen","floor":23,"turns":3},{"damage":15,"enemies":"3 Cultists","floor":24,"turns":5},{"damage":18,"enemies":"Gremlin Leader","floor":25,"turns":6},{"damage":8,"enemies":"Snecko","floor":27,"turns":2}],"seed_played":"-697638217497824639","potions_obtained":[{"floor":5,"key":"PowerPotion"},{"floor":11,"key":"Fire Potion"},{"floor":12,"key":"FearPotion"},{"floor":16,"key":"SneckoOil"},{"floor":23,"key":"PowerPotion"},{"floor":24,"key":"Block Potion"}],"is_trial":false,"path_per_floor":["M","?","M","M","M","R","?","R","T","E","M","M","E","$","R","B",null,"M","$","?","$","?","M","M","E","T","M"],"character_chosen":"THE_SILENT","items_purchased":["Noxious Fumes"],"campfire_rested":0,"item_purchase_floors":[21],"current_hp_per_floor":[52,52,52,51,49,49,49,49,49,38,37,36,30,30,30,5,51,44,44,44,44,44,39,24,6,6,0],"gold":63,"neow_bonus":"UPGRADE_CARD","is_prod":false,"is_daily":false,"chose_seed":false,"campfire_upgraded":3,"win_rate":0,"timestamp":1549390688,"path_taken":["M","?","?","M","?","R","?","R","T","E","M","M","E","$","R","BOSS","M","?","?","$","?","M","?","E","T","M"],"build_version":"2019-01-23","purchased_purges":2,"victory":false,"max_hp_per_floor":[66,66,66,66,66,66,66,66,66,66,66,66,66,66,66,66,66,66,66,66,66,66,66,66,66,66,66],"card_choices":[{"not_picked":["Flying Knee","Deflect"],"picked":"Poisoned Stab","floor":1},{"not_picked":["Prepared","Flying Knee"],"picked":"Dodge and Roll","floor":3},{"not_picked":["Accuracy","Dagger Throw"],"picked":"Terror","floor":4},{"not_picked":["Accuracy","Acrobatics"],"picked":"Skewer","floor":5},{"not_picked":["Tactician","Dagger Throw","Bane"],"picked":"Backflip","floor":10},{"not_picked":["Calculated Gamble","Acrobatics","Venomology"],"picked":"Catalyst","floor":11},{"not_picked":["Outmaneuver","Sucker Punch","Acrobatics"],"picked":"Poisoned Stab","floor":12},{"not_picked":["PiercingWail","Underhanded Strike","Acrobatics"],"picked":"Catalyst","floor":13},{"not_picked":["Envenom","Glass Knife","Tools of the Trade"],"picked":"After Image","floor":16},{"not_picked":["All Out Attack","Calculated Gamble","Flying Knee+1"],"picked":"Escape Plan","floor":18},{"not_picked":["All Out Attack","Slice","Outmaneuver","Expertise"],"picked":"SKIP","floor":23},{"not_picked":["Acrobatics","Flechettes+1","All Out Attack"],"picked":"Bouncing Flask","floor":24},{"not_picked":["Acrobatics","Distraction","Deadly Poison"],"picked":"Corpse Explosion","floor":25}],"player_experience":1865040,"relics_obtained":[{"floor":9,"key":"Question Card"},{"floor":10,"key":"Centennial Puzzle"},{"floor":13,"key":"Ninja Scroll"},{"floor":25,"key":"Art of War"},{"floor":26,"key":"Ornamental Fan"}],"event_choices":[{"damage_healed":0,"gold_gain":0,"player_choice":"1 cards matched","damage_taken":0,"max_hp_gain":0,"max_hp_loss":0,"event_name":"Match and Keep!","floor":2,"gold_loss":0,"cards_obtained":["Doubt"]},{"damage_healed":0,"gold_gain":0,"cards_transformed":["Strike_G"],"player_choice":"Transformed","damage_taken":0,"max_hp_gain":0,"max_hp_loss":0,"event_name":"Transmorgrifier","floor":7,"gold_loss":0,"cards_obtained":["Distraction"]},{"damage_healed":0,"gold_gain":0,"player_choice":"Obtained Relic","damage_taken":0,"relics_obtained":["Snake Skull"],"max_hp_gain":0,"max_hp_loss":0,"event_name":"Addict","floor":20,"gold_loss":85},{"damage_healed":0,"gold_gain":0,"player_choice":"1 cards matched","damage_taken":0,"max_hp_gain":0,"max_hp_loss":0,"event_name":"Match and Keep!","floor":22,"gold_loss":0,"cards_obtained":["A Thousand Cuts"]}],"is_beta":false,"boss_relics":[{"not_picked":["Busted Crown","Orrery"],"picked":"Pandora\u0027s Box"}],"items_purged_floors":[14,19],"is_endless":false,"potions_floor_spawned":[5,11,12,16,23,24],"killed_by":"Snecko","ascension_level":20}