{"gold_per_floor":[118,133,145,17,17,17,37,37,37,48,48,48],"floor_reached":12,"playtime":1412,"items_purged":[],"score":140,"play_id":"382f5560-3d02-4862-8590-d37d4e81a50d","local_time":"20190223184044","is_ascension_mode":true,"campfire_choices":[{"data":"Thunder Strike","floor":6,"key":"SMITH"},{"data":"Genetic Algorithm","floor":8,"key":"SMITH"}],"neow_cost":"NONE","seed_source_timestamp":666109220241105,"circlet_count":0,"master_deck":["AscendersBane","Strike_B","Strike_B","Strike_B","Strike_B","Defend_B","Defend_B","Defend_B","Defend_B","Zap","Dualcast","Thunder Strike+1","Reinforced Body","Doom and Gloom","Aggregate","FTL","Genetic Algorithm+1","Beam Cell"],"relics":["Cracked Core","Singing Bowl","Emotion Chip"],"potions_floor_usage":[10,12],"damage_taken":[{"damage":1,"enemies":"Cultist","floor":1,"turns":3},{"damage":0,"enemies":"2 Louse","floor":2,"turns":2},{"damage":7,"enemies":"Small Slimes","floor":3,"turns":3},{"damage":11,"enemies":"2 Fungi Beasts","floor":7,"turns":3},{"damage":27,"enemies":"Gremlin Gang","floor":10,"turns":5},{"damage":46,"enemies":"Gremlin Nob","floor":12,"turns":4}],"seed_played":"-8875687715647588012","potions_obtained":[{"floor":1,"key":"GamblersBrew"},{"floor":7,"key":"FocusPotion"},{"floor":10,"key":"Dexterity Potion"}],"is_trial":false,"path_per_floor":["M","M","M","$","?","R","M","R","T","M","?","E"],"character_chosen":"DEFECT","items_purchased":["FTL","AttackPotion"],"campfire_rested":0,"item_purchase_floors":[4,4],"current_hp_per_floor":[63,63,56,56,56,56,45,45,45,18,18,0],"gold":48,"neow_bonus":"ONE_RANDOM_RARE_CARD","is_prod":false,"is_daily":false,"chose_seed":false,"campfire_upgraded":2,"win_rate":0,"timestamp":1550940044,"path_taken":["M","?","M","$","?","R","?","R","T","M","?","E"],"build_version":"2019-01-23","purchased_purges":0,"victory":false,"max_hp_per_floor":[71,71,71,71,71,71,71,71,71,71,71,71],"card_choices":[{"not_picked":["Leap","Steam"],"picked":"Reinforced Body","floor":1},{"not_picked":["Rebound","Scrape"],"picked":"Doom and Gloom","floor":2},{"not_picked":["Gash","Hologram"],"picked":"Aggregate","floor":3},{"not_picked":["Go for the Eyes","Steam"],"picked":"Genetic Algorithm","floor":7},{"not_picked":["Aggregate","Hologram"],"picked":"Beam Cell","floor":10}],"player_experience":1550638,"relics_obtained":[{"floor":9,"key":"Emotion Chip"}],"event_choices":[{"damage_healed":0,"gold_gain":0,"player_choice":"Gave Potion","damage_taken":0,"relics_obtained":["Singing Bowl"],"max_hp_gain":0,"max_hp_loss":0,"event_name":"WeMeetAgain","floor":5,"gold_loss":0},{"damage_healed":0,"gold_gain":0,"player_choice":"Ignored","damage_taken":0,"max_hp_gain":0,"max_hp_loss":0,"event_name":"Shining Light","floor":11,"gold_loss":0}],"is_beta":false,"boss_relics":[],"items_purged_floors":[],"is_endless":false,"potions_floor_spawned":[1,7,10],"killed_by":"Gremlin Nob","ascension_level":20}