{"gold_per_floor":[212,10,20,34,44,44,70,70,94,106,124,151,168,27,27,122,122,139,67,77,77,88,88,115,115,138,138,168,180],"floor_reached":29,"playtime":2827,"items_purged":[],"score":385,"play_id":"ce5a283f-cb40-43f3-a392-1f784545dbee","local_time":"20190301184502","is_ascension_mode":true,"campfire_choices":[{"data":"Fission","floor":8.0,"key":"SMITH"},{"data":"Loop","floor":15.0,"key":"SMITH"},{"data":"Rainbow","floor":23.0,"key":"SMITH"},{"floor":25,"key":"REST"},{"data":"Creative AI","floor":27,"key":"SMITH"}],"neow_cost":"NONE","seed_source_timestamp":1351087950522800,"circlet_count":0,"master_deck":["Zap","Dualcast","Go for the Eyes","Coolheaded","Compile Driver","Defragment+1","Core Surge+1","Fission+1","Self Repair","Consume","Loop+1","Creative AI+1","Rainbow+1","BootSequence","Chaos","Multi-Cast","Aggregate","Rebound","Amplify","FTL","Multi-Cast","Reinforced Body+1","Storm","Ball Lightning+1","Capacitor","Coolheaded"],"special_seed":0,"relics":["Cracked Core","Orichalcum","Whetstone","Bronze Scales","Art of War","Pandora\u0027s Box","Juzu Bracelet","Oddly Smooth Stone","MawBank"],"potions_floor_usage":[24,24,29],"damage_taken":[{"damage":0.0,"enemies":"2 Louse","floor":1.0,"turns":3.0},{"damage":0.0,"enemies":"Cultist","floor":3.0,"turns":3.0},{"damage":0.0,"enemies":"Jaw Worm","floor":4.0,"turns":3.0},{"damage":16.0,"enemies":"Lots of Slimes","floor":5.0,"turns":4.0},{"damage":15.0,"enemies":"3 Sentries","floor":7.0,"turns":7.0},{"damage":7.0,"enemies":"Blue Slaver","floor":10.0,"turns":2.0},{"damage":0.0,"enemies":"Looter","floor":11.0,"turns":2.0},{"damage":13.0,"enemies":"Gremlin Nob","floor":12.0,"turns":4.0},{"damage":6.0,"enemies":"2 Fungi Beasts","floor":13.0,"turns":3.0},{"damage":6.0,"enemies":"Hexaghost","floor":16.0,"turns":10.0},{"damage":2.0,"enemies":"Chosen","floor":18.0,"turns":4.0},{"damage":3.0,"enemies":"Shell Parasite","floor":20.0,"turns":3.0},{"damage":27.0,"enemies":"Shelled Parasite and Fungi","floor":22.0,"turns":6.0},{"damage":28,"enemies":"Gremlin Leader","floor":24,"turns":6},{"damage":15,"enemies":"Book of Stabbing","floor":28,"turns":4},{"damage":41,"enemies":"3 Cultists","floor":29,"turns":4}],"seed_played":"1188848048083930349","potions_obtained":[{"floor":3.0,"key":"Energy Potion"},{"floor":7.0,"key":"EssenceOfSteel"},{"floor":11.0,"key":"SmokeBomb"},{"floor":16.0,"key":"AttackPotion"},{"floor":18.0,"key":"EssenceOfSteel"},{"floor":21.0,"key":"LiquidBronze"},{"floor":24,"key":"Strength Potion"}],"is_trial":false,"path_per_floor":["M","$","M","M","M","?","E","R","T","M","M","E","M","$","R","B",null,"M","$","M","?","M","R","E","R","T","R","E","M"],"character_chosen":"DEFECT","items_purchased":["Orichalcum","Coolheaded","Creative AI","Storm"],"campfire_rested":1,"item_purchase_floors":[2,2,14,19],"current_hp_per_floor":[68,68,68,68,52,52,37,37,37,30,30,24,25,25,25,26,63,68,68,65,65,45,45,24,46,46,46,38,0],"gold":180,"neow_bonus":"HUNDRED_GOLD","is_prod":false,"is_daily":false,"chose_seed":false,"campfire_upgraded":4,"win_rate":0,"timestamp":1551483902,"path_taken":["M","$","M","M","M","?","E","R","T","M","M","E","M","$","R","BOSS","M","?","M","?","M","R","E","R","T","R","E","M"],"build_version":"2019-01-23","purchased_purges":0,"victory":false,"max_hp_per_floor":[75,75,75,75,75,75,75,75,75,75,75,75,75,75,75,75,75,75,75,75,75,75,75,75,75,75,75,75,75],"card_choices":[{"not_picked":["Sunder","Barrage"],"picked":"Go for the Eyes","floor":1.0},{"not_picked":["Gash","Rebound"],"picked":"Compile Driver","floor":3.0},{"not_picked":["Sweeping Beam","Barrage"],"picked":"Defragment","floor":4.0},{"not_picked":["Streamline","Cold Snap"],"picked":"Core Surge","floor":5.0},{"not_picked":["Hello World","Double Energy"],"picked":"Fission","floor":7.0},{"not_picked":["Coolheaded","Beam Cell"],"picked":"Self Repair","floor":10.0},{"not_picked":["Compile Driver","White Noise"],"picked":"Consume","floor":11.0},{"not_picked":["Stack","Streamline"],"picked":"Loop","floor":12.0},{"not_picked":["Sweeping Beam","Aggregate","Rebound"],"picked":"SKIP","floor":13.0},{"not_picked":["Machine Learning","Reboot"],"picked":"Rainbow","floor":16.0},{"not_picked":["Redo","Scrape"],"picked":"Reinforced Body+1","floor":18.0},{"not_picked":["Rebound","Self Repair"],"picked":"Ball Lightning+1","floor":20.0},{"not_picked":["Double Energy+1","Reinforced Body","Turbo+1"],"picked":"SKIP","floor":22.0},{"not_picked":["Consume","Sunder"],"picked":"Capacitor","floor":24},{"not_picked":["Compile Driver","Steam"],"picked":"Coolheaded","floor":28}],"player_experience":319590,"relics_obtained":[{"floor":7.0,"key":"Whetstone"},{"floor":9.0,"key":"Bronze Scales"},{"floor":12.0,"key":"Art of War"},{"floor":24,"key":"Juzu Bracelet"},{"floor":26,"key":"Oddly Smooth Stone"},{"floor":28,"key":"MawBank"}],"event_choices":[{"damage_healed":0.0,"max_hp_gain":0.0,"max_hp_loss":0.0,"gold_gain":0.0,"event_name":"Upgrade Shrine","player_choice":"Upgraded","floor":6.0,"gold_loss":0.0,"damage_taken":0.0,"cards_upgraded":["Defragment"]},{"damage_healed":0.0,"max_hp_gain":0.0,"max_hp_loss":0.0,"gold_gain":0.0,"event_name":"Lab","player_choice":"Got Potions","floor":21.0,"gold_loss":0.0,"damage_taken":0.0}],"is_beta":false,"boss_relics":[{"not_picked":["Philosopher\u0027s Stone","White Beast Statue"],"picked":"Pandora\u0027s Box"}],"items_purged_floors":[],"is_endless":false,"potions_floor_spawned":[3,7,11,16,18,24],"killed_by":"3 Cultists","ascension_level":8}