{"gold_per_floor":[214,225,245,261,279,279,304,75,75,88,88,115,132,163,163,264,264,276,276,276,291,305,334,334,334,334,334,364,364,66,81,81,182,182,195,195,195,211,259,259,259],"floor_reached":41,"playtime":3017,"items_purged":["Strike_B","Strike_B+1"],"score":517,"play_id":"61c94c71-83db-45d9-92c8-392102ee3112","local_time":"20190212220518","is_ascension_mode":true,"campfire_choices":[{"data":"Zap","floor":6,"key":"SMITH"},{"floor":11,"key":"REST"},{"data":"Coolheaded","floor":15,"key":"SMITH"},{"floor":24,"key":"REST"},{"data":"Darkness","floor":27,"key":"SMITH"},{"data":"Hologram","floor":29,"key":"SMITH"},{"floor":32,"key":"REST"},{"floor":40,"key":"REST"}],"neow_cost":"NONE","seed_source_timestamp":598387107300800,"circlet_count":0,"master_deck":["Strike_B+1","Defend_B+1","Defend_B+1","Defend_B+1","Defend_B+1","Zap+1","Dualcast","Leap","Static Discharge","Barrage","Compile Driver","Machine Learning","Coolheaded+1","Darkness+1","Turbo","Echo Form","Hologram","RitualDagger","Doom and Gloom","BootSequence","Hologram+1","Conserve Battery+1","Defragment","Rainbow","Reinforced Body","Biased Cognition","Storm","Dark Shackles","Blizzard+1"],"relics":["Cracked Core","Du-Vu Doll","Oddly Smooth Stone","Mummified Hand","Bronze Scales","Mercury Hourglass","Velvet Choker","Happy Flower","Pantograph","Red Mask","Black Star","Prayer Wheel"],"potions_floor_usage":[12,16,16,16,39],"damage_taken":[{"damage":11,"enemies":"Small Slimes","floor":1,"turns":4},{"damage":1,"enemies":"2 Louse","floor":2,"turns":3},{"damage":0,"enemies":"Cultist","floor":3,"turns":3},{"damage":6,"enemies":"2 Fungi Beasts","floor":4,"turns":4},{"damage":1,"enemies":"Looter","floor":5,"turns":4},{"damage":31,"enemies":"3 Sentries","floor":7,"turns":7},{"damage":3,"enemies":"3 Louse","floor":10,"turns":3},{"damage":2,"enemies":"Lagavulin","floor":12,"turns":7},{"damage":0,"enemies":"Large Slime","floor":13,"turns":4},{"damage":8,"enemies":"3 Sentries","floor":14,"turns":6},{"damage":37,"enemies":"Slime Boss","floor":16,"turns":11},{"damage":0,"enemies":"3 Byrds","floor":18,"turns":3},{"damage":4,"enemies":"Chosen","floor":21,"turns":3},{"damage":10,"enemies":"3 Cultists","floor":22,"turns":3},{"damage":23,"enemies":"Slavers","floor":23,"turns":4},{"damage":3,"enemies":"Masked Bandits","floor":28,"turns":3},{"damage":25,"enemies":"Chosen and Byrds","floor":31,"turns":5},{"damage":33,"enemies":"Automaton","floor":33,"turns":9},{"damage":8,"enemies":"Orb Walker","floor":35,"turns":5},{"damage":5,"enemies":"3 Darklings","floor":38,"turns":4},{"damage":45,"enemies":"2 Orb Walkers","floor":39,"turns":5},{"damage":41,"enemies":"Giant Head","floor":41,"turns":8}],"seed_played":"-2288231338247239260","potions_obtained":[{"floor":1,"key":"Weak Potion"},{"floor":5,"key":"GamblersBrew"},{"floor":10,"key":"EssenceOfSteel"},{"floor":14,"key":"Regen Potion"},{"floor":16,"key":"Dexterity Potion"},{"floor":21,"key":"SteroidPotion"},{"floor":31,"key":"Fire Potion"},{"floor":39,"key":"Energy Potion"}],"is_trial":false,"path_per_floor":["M","M","M","M","M","R","E","$","T","M","R","E","M","E","R","B",null,"M","?","?","M","M","E","R","?","T","R","?","R","$","M","R","B",null,"M","?","?","M","?","R","E"],"character_chosen":"DEFECT","items_purchased":["Oddly Smooth Stone","Defragment","Rainbow"],"campfire_rested":4,"item_purchase_floors":[8,30,30],"current_hp_per_floor":[64,63,63,57,56,56,25,25,25,22,44,42,42,34,34,11,75,75,69,55,51,41,18,40,40,40,40,37,37,37,12,34,26,75,67,67,67,62,17,39,0],"gold":259,"neow_bonus":"HUNDRED_GOLD","is_prod":false,"is_daily":false,"chose_seed":false,"campfire_upgraded":4,"win_rate":0,"timestamp":1550027118,"path_taken":["M","M","M","M","M","R","E","$","T","M","R","E","M","E","R","BOSS","M","?","?","?","M","E","R","?","T","R","?","R","$","M","R","BOSS","M","?","?","M","?","R","E"],"build_version":"2019-01-23","purchased_purges":2,"victory":false,"max_hp_per_floor":[75,75,75,75,75,75,75,75,75,75,75,75,75,75,75,75,75,75,75,75,75,75,75,75,75,75,75,75,75,75,75,75,75,75,75,75,75,75,75,75,75],"card_choices":[{"not_picked":["Lockon","Hologram"],"picked":"Leap","floor":1},{"not_picked":["Scrape","Sweeping Beam","Redo"],"picked":"SKIP","floor":2},{"not_picked":["Rebound","Cold Snap"],"picked":"Static Discharge","floor":3},{"not_picked":["Sweeping Beam","Beam Cell"],"picked":"Barrage","floor":4},{"not_picked":["Chaos","Beam Cell"],"picked":"Compile Driver","floor":5},{"not_picked":["Gash","Go for the Eyes"],"picked":"Machine Learning","floor":7},{"not_picked":["Go for the Eyes","Redo"],"picked":"Coolheaded","floor":10},{"not_picked":["Sweeping Beam","Steam","Force Field"],"picked":"SKIP","floor":12},{"not_picked":["Barrage","Reboot"],"picked":"Darkness","floor":13},{"not_picked":["Gash","Barrage"],"picked":"Turbo","floor":14},{"not_picked":["Biased Cognition","Meteor Strike"],"picked":"Echo Form","floor":16},{"not_picked":["Chaos","Sweeping Beam+1"],"picked":"Hologram","floor":18},{"not_picked":["Stack","Compile Driver"],"picked":"Doom and Gloom","floor":21},{"not_picked":["BootSequence","Streamline","Redo+1"],"picked":"SKIP","floor":22},{"not_picked":["Streamline","Redo+1"],"picked":"BootSequence","floor":22},{"not_picked":["Cold Snap","Skim"],"picked":"Hologram","floor":23},{"not_picked":["Steam","Sunder"],"picked":"Conserve Battery+1","floor":28},{"not_picked":["Reboot","Rebound"],"picked":"Reinforced Body","floor":31},{"not_picked":["Fission","Amplify"],"picked":"Biased Cognition","floor":33},{"not_picked":["Lockon+1","Rebound+1"],"picked":"Storm","floor":35},{"not_picked":["PanicButton","Swift Strike"],"picked":"Dark Shackles","floor":37},{"not_picked":["Compile Driver+1","Hologram","Gash"],"picked":"SKIP","floor":38},{"not_picked":["Coolheaded+1","Reinforced Body+1"],"picked":"Blizzard+1","floor":39}],"player_experience":228064,"relics_obtained":[{"floor":7,"key":"Du-Vu Doll"},{"floor":9,"key":"Mummified Hand"},{"floor":12,"key":"Bronze Scales"},{"floor":14,"key":"Mercury Hourglass"},{"floor":23,"key":"Happy Flower"},{"floor":26,"key":"Pantograph"},{"floor":28,"key":"Red Mask"},{"floor":39,"key":"Prayer Wheel"}],"event_choices":[{"damage_healed":0,"gold_gain":0,"player_choice":"Joined the Cult","damage_taken":6,"max_hp_gain":0,"max_hp_loss":0,"event_name":"Nest","floor":19,"gold_loss":0,"cards_obtained":["RitualDagger"]},{"damage_healed":0,"gold_gain":0,"player_choice":"POTION ","damage_taken":14,"max_hp_gain":0,"max_hp_loss":0,"event_name":"Knowing Skull","floor":20,"potions_obtained":["FairyPotion"],"gold_loss":0,"cards_obtained":[]},{"damage_healed":0,"gold_gain":0,"player_choice":"Simplicity","damage_taken":0,"max_hp_gain":0,"max_hp_loss":0,"event_name":"Back to Basics","floor":25,"gold_loss":0,"cards_upgraded":["Strike_B","Strike_B","Strike_B","Defend_B","Defend_B","Defend_B","Defend_B"]},{"damage_healed":0,"gold_gain":0,"player_choice":"Fought Bandits","damage_taken":0,"max_hp_gain":0,"max_hp_loss":0,"event_name":"Masked Bandits","floor":28,"gold_loss":0},{"cards_removed":["Strike_B"],"damage_healed":0,"gold_gain":0,"player_choice":"Removed Attack","damage_taken":0,"max_hp_gain":0,"max_hp_loss":0,"event_name":"Falling","floor":36,"gold_loss":0},{"damage_healed":0,"gold_gain":0,"player_choice":"Memory 1","damage_taken":0,"max_hp_gain":0,"max_hp_loss":0,"event_name":"SensoryStone","floor":37,"gold_loss":0},{"damage_healed":0,"gold_gain":0,"player_choice":"Fight","damage_taken":0,"max_hp_gain":0,"max_hp_loss":0,"event_name":"Mysterious Sphere","floor":39,"gold_loss":0}],"is_beta":false,"boss_relics":[{"not_picked":["Coffee Dripper","Tiny House"],"picked":"Velvet Choker"},{"not_picked":["Orrery","Runic Dome"],"picked":"Black Star"}],"items_purged_floors":[8,30],"is_endless":false,"potions_floor_spawned":[1,5,10,14,16,21,31,33,35,39],"killed_by":"Giant Head","ascension_level":4}