{"gold_per_floor":[111,130,130,55,72,72,17,17,66,66,81,109,109,128,128,201,201,213,226,5,25,40,40],"floor_reached":23,"playtime":906,"items_purged":["Doubt"],"score":536,"play_id":"8c0ac17e-cb29-4382-b14f-63da966347e4","local_time":"20190117182804","is_ascension_mode":true,"campfire_choices":[{"data":"Cloak And Dagger","floor":6,"key":"SMITH"},{"data":"Cloak And Dagger","floor":8,"key":"SMITH"},{"data":"Blade Dance","floor":13,"key":"SMITH"},{"data":"Blade Dance","floor":15,"key":"SMITH"}],"neow_cost":"CURSE","seed_source_timestamp":148210554185609,"circlet_count":0,"master_deck":["AscendersBane","Defend_G","Defend_G","Defend_G","Defend_G+1","Defend_G","Strike_G","Strike_G","Strike_G","Strike_G","Strike_G","Survivor","Neutralize","A Thousand Cuts+1","Blade Dance+1","Terror","Cloak And Dagger+1","Cloak And Dagger+1","PiercingWail","Venomology","Blade Dance+1","Corpse Explosion","Predator","Crippling Poison","Cloak And Dagger","Predator+1"],"relics":["Ring of the Snake","Ornamental Fan","Happy Flower","Strawberry","Snecko Eye","Orichalcum"],"potions_floor_usage":[12,16,18,21,21,22,22],"damage_taken":[{"damage":1,"enemies":"2 Louse","floor":1,"turns":4},{"damage":16,"enemies":"Jaw Worm","floor":2,"turns":8},{"damage":1,"enemies":"Cultist","floor":5,"turns":4},{"damage":0,"enemies":"2 Fungi Beasts","floor":11,"turns":4},{"damage":0,"enemies":"Gremlin Nob","floor":12,"turns":4},{"damage":0,"enemies":"Red Slaver","floor":14,"turns":3},{"damage":0,"enemies":"Slime Boss","floor":16,"turns":6},{"damage":6,"enemies":"3 Byrds","floor":18,"turns":4},{"damage":0,"enemies":"Spheric Guardian","floor":19,"turns":3},{"damage":24,"enemies":"Centurion and Healer","floor":21,"turns":5},{"damage":15,"enemies":"Snake Plant","floor":22,"turns":4},{"damage":19,"enemies":"Slavers","floor":23,"turns":1}],"seed_played":"5347212532006483981","potions_obtained":[{"floor":1,"key":"GhostInAJar"},{"floor":12,"key":"PowerPotion"},{"floor":18,"key":"Weak Potion"},{"floor":21,"key":"PowerPotion"}],"is_trial":false,"path_per_floor":["M","M","?","$","M","R","$","R","T","?","M","E","R","M","R","B",null,"M","M","$","M","M","E"],"character_chosen":"THE_SILENT","items_purchased":["Cloak And Dagger","Orichalcum","Cloak And Dagger"],"campfire_rested":0,"item_purchase_floors":[7,20,20],"current_hp_per_floor":[58,42,37,37,36,36,36,36,36,16,16,23,23,23,23,23,61,55,55,55,31,16,0],"gold":40,"neow_bonus":"THREE_RARE_CARDS","is_prod":false,"is_daily":false,"chose_seed":false,"campfire_upgraded":4,"win_rate":0,"timestamp":1547746084,"path_taken":["M","M","?","$","M","R","$","R","T","?","M","E","R","M","R","BOSS","M","M","$","M","M","E"],"build_version":"2019-01-10","purchased_purges":1,"victory":false,"max_hp_per_floor":[66,66,66,66,66,66,66,66,66,66,66,73,73,73,73,73,73,73,73,73,73,73,73],"card_choices":[{"not_picked":["Bullet Time","Glass Knife"],"picked":"A Thousand Cuts","floor":0},{"not_picked":["Bane","Underhanded Strike"],"picked":"Blade Dance","floor":1},{"not_picked":["Bane","Quick Slash"],"picked":"Terror","floor":2},{"not_picked":["Blur","Quick Slash"],"picked":"Cloak And Dagger","floor":5},{"not_picked":["Bouncing Flask","Bane"],"picked":"PiercingWail","floor":11},{"not_picked":["Outmaneuver","Sucker Punch"],"picked":"Venomology","floor":12},{"not_picked":["Bane","Flying Knee"],"picked":"Blade Dance","floor":14},{"not_picked":["Tools of the Trade","Unload"],"picked":"Corpse Explosion","floor":16},{"not_picked":["Heel Hook","Blur"],"picked":"Predator","floor":18},{"not_picked":["Endless Agony","Dagger Throw+1"],"picked":"Crippling Poison","floor":19},{"not_picked":["Outmaneuver","Finisher"],"picked":"Predator+1","floor":21},{"not_picked":["Sucker Punch","Quick Slash","Escape Plan"],"picked":"SKIP","floor":22}],"player_experience":1792551,"relics_obtained":[{"floor":9,"key":"Happy Flower"},{"floor":12,"key":"Strawberry"}],"event_choices":[{"damage_healed":0,"gold_gain":0,"player_choice":"Success","damage_taken":5,"relics_obtained":["Ornamental Fan"],"max_hp_gain":0,"max_hp_loss":0,"event_name":"Scrap Ooze","floor":3,"gold_loss":0},{"damage_healed":0,"gold_gain":0,"player_choice":"Entered Light","damage_taken":20,"max_hp_gain":0,"max_hp_loss":0,"event_name":"Shining Light","floor":10,"gold_loss":0,"cards_upgraded":["Defend_G","A Thousand Cuts"]}],"is_beta":false,"boss_relics":[{"not_picked":["Busted Crown","Runic Dome"],"picked":"Snecko Eye"}],"items_purged_floors":[4],"is_endless":false,"potions_floor_spawned":[1,12,18,21],"killed_by":"Slavers","ascension_level":20}