{"gold_per_floor":[118,118,36,36,54,82,82,111,165,192,267,280,280,280,280,280],"floor_reached":16,"playtime":679,"items_purged":[],"score":212,"play_id":"f1d2e8a2-9356-4cc3-a02f-f4d75a2cfe38","local_time":"20190307150332","is_ascension_mode":true,"campfire_choices":[{"data":"Bash","floor":7.0,"key":"SMITH"},{"data":"Immolate","floor":13,"key":"SMITH"},{"data":"Cleave","floor":15,"key":"SMITH"}],"neow_cost":"NONE","seed_source_timestamp":0,"circlet_count":0,"master_deck":["AscendersBane","Strike_R","Strike_R","Strike_R","Strike_R","Strike_R","Defend_R","Defend_R","Defend_R","Defend_R","Bash+1","Perfected Strike","Feel No Pain","Warcry","Disarm","Anger","Armaments+1","Immolate+1","Cleave+1"],"special_seed":0,"relics":["Burning Blood","NeowsBlessing","Red Skull","Toxic Egg 2","Centennial Puzzle","Anchor","Pear"],"potions_floor_usage":[10,16],"damage_taken":[{"damage":0.0,"enemies":"2 Louse","floor":1.0,"turns":2.0},{"damage":0.0,"enemies":"Jaw Worm","floor":5.0,"turns":1.0},{"damage":0.0,"enemies":"Lagavulin","floor":6.0,"turns":2.0},{"damage":22.0,"enemies":"Gremlin Nob","floor":8.0,"turns":4.0},{"damage":20,"enemies":"Lagavulin","floor":10,"turns":5},{"damage":0,"enemies":"Cultist","floor":12,"turns":2},{"damage":56,"enemies":"Slime Boss","floor":16,"turns":11}],"seed_played":"-8033610556497421883","potions_obtained":[{"floor":1.0,"key":"SpeedPotion"},{"floor":5.0,"key":"Poison Potion"},{"floor":10,"key":"Block Potion"},{"floor":12,"key":"FearPotion"}],"is_trial":false,"path_per_floor":["M","?","$","?","M","E","R","E","T","E","?","M","R","T","R","B"],"character_chosen":"IRONCLAD","items_purchased":["Feel No Pain","Warcry"],"campfire_rested":0,"item_purchase_floors":[3,3],"current_hp_per_floor":[78,78,78,78,80,80,80,64,64,50,39,45,45,55,55,0],"gold":280,"neow_bonus":"THREE_ENEMY_KILL","is_prod":false,"is_daily":false,"chose_seed":false,"campfire_upgraded":3,"win_rate":0,"timestamp":1551989012,"path_taken":["M","?","$","?","M","E","R","E","T","E","?","?","R","?","R","BOSS"],"build_version":"2019-01-23","purchased_purges":0,"victory":false,"max_hp_per_floor":[80,80,80,80,80,80,80,80,80,80,80,80,80,90,90,90],"card_choices":[{"not_picked":["Burning Pact","Clash"],"picked":"Perfected Strike","floor":1.0},{"not_picked":["Wild Strike","Armaments"],"picked":"Disarm","floor":5.0},{"not_picked":["Thunderclap","Iron Wave"],"picked":"Anger","floor":6.0},{"not_picked":["Metallicize","Perfected Strike"],"picked":"Armaments","floor":8.0},{"not_picked":["Iron Wave","Twin Strike"],"picked":"Immolate","floor":10},{"not_picked":["Iron Wave","Searing Blow"],"picked":"Cleave","floor":12}],"player_experience":1733797,"relics_obtained":[{"floor":6.0,"key":"Red Skull"},{"floor":8.0,"key":"Toxic Egg 2"},{"floor":9.0,"key":"Centennial Puzzle"},{"floor":10,"key":"Anchor"},{"floor":14,"key":"Pear"}],"event_choices":[{"damage_healed":0.0,"max_hp_gain":0.0,"max_hp_loss":0.0,"gold_gain":0.0,"event_name":"The Cleric","player_choice":"Leave","floor":2.0,"gold_loss":0.0,"damage_taken":0.0},{"damage_healed":0.0,"max_hp_gain":0.0,"max_hp_loss":0.0,"gold_gain":0.0,"event_name":"Liars Game","player_choice":"Ignored","floor":4.0,"gold_loss":0.0,"damage_taken":0.0},{"damage_healed":0,"gold_gain":75,"player_choice":"Gather Gold","damage_taken":11,"max_hp_gain":0,"max_hp_loss":0,"event_name":"World of Goop","floor":11,"gold_loss":0}],"is_beta":false,"boss_relics":[],"items_purged_floors":[],"is_endless":false,"potions_floor_spawned":[1,5,10,12],"killed_by":"Slime Boss","ascension_level":10}