{"gold_per_floor":[111,126,126,138,6,41,53,53,53,53,81,81,115,130,130,204,204,217,217,236,236,23,23,41,41,65,91,141,141,141,159,159,235,235,247,272,282,295,115,115,115,140,167,181,181,193,193,227,227,227,227],"floor_reached":51,"playtime":3101,"items_purged":["Strike_B","Strike_B"],"score":1511,"play_id":"00632fa4-17f7-4c74-9a60-455b5c54e964","local_time":"20181104020009","is_ascension_mode":true,"campfire_choices":[{"data":"Doom and Gloom","floor":8,"key":"SMITH"},{"data":"Lockon","floor":12,"key":"SMITH"},{"data":"Consume","floor":15,"key":"SMITH"},{"floor":23,"key":"REST"},{"floor":25,"key":"REST"},{"floor":30,"key":"REST"},{"floor":32,"key":"REST"},{"floor":40,"key":"REST"},{"floor":47,"key":"REST"},{"floor":49,"key":"REST"}],"neow_cost":"NONE","seed_source_timestamp":1577058179911723,"circlet_count":0,"master_deck":["AscendersBane","Strike_B","Defend_B","Defend_B","Defend_B","Defend_B","Zap","Dualcast","Lockon+1","Chill","Lockon","Consume+1","Doom and Gloom+1","White Noise","Blizzard","Compile Driver","Coolheaded","Go for the Eyes","Seek","Sweeping Beam","Capacitor","Sweeping Beam+1","Defragment","Sweeping Beam","Rainbow","Fusion+1","Glacier","Coolheaded","Chill","Blind","Hologram","Multi-Cast"],"relics":["Cracked Core","Kunai","Gambling Chip","Thread and Needle","Letter Opener","Fusion Hammer","FaceOfCleric","Bronze Scales","Boot","Potion Belt","Runic Dome","Lantern","Anchor","Centennial Puzzle","Strawberry"],"potions_floor_usage":[6,20,37,38,42,48,48,50],"damage_taken":[{"damage":0,"enemies":"2 Louse","floor":1,"turns":3},{"damage":0,"enemies":"Cultist","floor":2,"turns":3},{"damage":2,"enemies":"Small Slimes","floor":4,"turns":3},{"damage":12,"enemies":"Lagavulin","floor":6,"turns":7},{"damage":10,"enemies":"Red Slaver","floor":7,"turns":3},{"damage":12,"enemies":"3 Sentries","floor":11,"turns":8},{"damage":11,"enemies":"Lagavulin","floor":13,"turns":8},{"damage":2,"enemies":"Blue Slaver","floor":14,"turns":3},{"damage":0,"enemies":"The Guardian","floor":16,"turns":11},{"damage":7,"enemies":"Chosen","floor":18,"turns":7},{"damage":3,"enemies":"2 Thieves","floor":20,"turns":4},{"damage":11,"enemies":"Cultist and Chosen","floor":24,"turns":7},{"damage":43,"enemies":"Gremlin Leader","floor":27,"turns":6},{"damage":0,"enemies":"Centurion and Healer","floor":31,"turns":7},{"damage":40,"enemies":"Automaton","floor":33,"turns":9},{"damage":6,"enemies":"3 Darklings","floor":35,"turns":4},{"damage":18,"enemies":"Orb Walker","floor":37,"turns":3},{"damage":10,"enemies":"Transient","floor":38,"turns":6},{"damage":29,"enemies":"Nemesis","floor":42,"turns":9},{"damage":1,"enemies":"Sphere and 2 Shapes","floor":44,"turns":5},{"damage":13,"enemies":"Spire Growth","floor":46,"turns":5},{"damage":28,"enemies":"Giant Head","floor":48,"turns":11},{"damage":54,"enemies":"Donu and Deca","floor":50,"turns":14},{"damage":16,"enemies":"Awakened One","floor":51,"turns":5}],"seed_played":"-804765479590362512","potions_obtained":[{"floor":2,"key":"AttackPotion"},{"floor":6,"key":"Strength Potion"},{"floor":7,"key":"LiquidBronze"},{"floor":24,"key":"LiquidBronze"},{"floor":29,"key":"FairyPotion"},{"floor":29,"key":"Weak Potion"},{"floor":31,"key":"SkillPotion"},{"floor":38,"key":"GamblersBrew"},{"floor":44,"key":"EssenceOfSteel"},{"floor":46,"key":"Dexterity Potion"}],"is_trial":false,"path_per_floor":["M","M","?","M","$","E","M","R","T","?","E","R","E","M","R","B",null,"M","?","M","?","$","R","M","R","T","E","?","?","R","M","R","B",null,"M","T","M","M","$","R","?","E","T","M","?","M","R","E","R","B","B"],"character_chosen":"DEFECT","items_purchased":["FearPotion","Capacitor","Bronze Scales","GamblersBrew"],"campfire_rested":7,"item_purchase_floors":[5,22,22,39],"current_hp_per_floor":[64,64,69,67,67,55,45,45,45,45,33,33,22,20,20,20,62,55,55,53,53,53,76,66,78,78,36,36,36,59,60,80,41,71,66,66,49,40,40,65,65,37,37,37,37,25,49,29,56,3,0],"gold":227,"neow_bonus":"THREE_CARDS","is_prod":false,"is_daily":false,"chose_seed":false,"campfire_upgraded":3,"win_rate":0,"timestamp":1541293209,"path_taken":["M","M","?","M","$","E","M","R","T","?","E","R","E","?","R","BOSS","M","?","?","?","$","R","M","R","T","E","?","?","R","M","R","BOSS","M","?","?","?","$","R","?","E","T","M","?","M","R","E","R","BOSS","BOSS"],"build_version":"2018-11-01","purchased_purges":2,"victory":false,"max_hp_per_floor":[71,71,76,76,76,76,76,76,76,76,76,76,76,76,76,76,76,76,76,77,77,77,77,78,78,78,79,79,79,79,80,80,81,81,82,82,83,84,84,84,80,81,81,82,82,83,83,91,91,92,92],"card_choices":[{"not_picked":["Streamline","Leap"],"picked":"Lockon","floor":0},{"not_picked":["Barrage","Streamline"],"picked":"Chill","floor":1},{"not_picked":["Heatsinks","Turbo"],"picked":"Lockon","floor":2},{"not_picked":["Barrage","Coolheaded"],"picked":"Consume","floor":4},{"not_picked":["Conserve Battery","Blizzard"],"picked":"Doom and Gloom","floor":6},{"not_picked":["Blizzard","Redo"],"picked":"White Noise","floor":7},{"not_picked":["Barrage","Fusion"],"picked":"Compile Driver","floor":11},{"not_picked":["Hello World","All For One"],"picked":"Coolheaded","floor":13},{"not_picked":["Redo","Conserve Battery"],"picked":"Go for the Eyes","floor":14},{"not_picked":["Machine Learning","All For One"],"picked":"Seek","floor":16},{"not_picked":["Static Discharge","Darkness","Rebound"],"picked":"SKIP","floor":18},{"not_picked":["Lockon","Beam Cell"],"picked":"Sweeping Beam","floor":20},{"not_picked":["Hologram","Skim"],"picked":"Sweeping Beam+1","floor":24},{"not_picked":["Machine Learning","Beam Cell"],"picked":"Defragment","floor":27},{"not_picked":["Streamline","Go for the Eyes"],"picked":"Sweeping Beam","floor":31},{"not_picked":["All For One","Buffer"],"picked":"Rainbow","floor":33},{"not_picked":["Stack","Reprogram+1"],"picked":"Fusion+1","floor":35},{"not_picked":["Rebound","Steam Power"],"picked":"Glacier","floor":37},{"not_picked":["Leap","Streamline","Melter"],"picked":"SKIP","floor":38},{"not_picked":["Rebound","Hyperbeam"],"picked":"Coolheaded","floor":42},{"not_picked":["Hologram","Doom and Gloom"],"picked":"Chill","floor":44},{"not_picked":["Sadistic Nature","Dramatic Entrance"],"picked":"Blind","floor":45},{"not_picked":["Conserve Battery","Ball Lightning+1"],"picked":"Hologram","floor":46},{"not_picked":["Doom and Gloom","Leap"],"picked":"Multi-Cast","floor":48}],"player_experience":1544108,"relics_obtained":[{"floor":6,"key":"Kunai"},{"floor":9,"key":"Gambling Chip"},{"floor":11,"key":"Thread and Needle"},{"floor":13,"key":"Letter Opener"},{"floor":26,"key":"Boot"},{"floor":27,"key":"Potion Belt"},{"floor":36,"key":"Lantern"},{"floor":42,"key":"Anchor"},{"floor":43,"key":"Centennial Puzzle"},{"floor":48,"key":"Strawberry"}],"event_choices":[{"damage_healed":0,"gold_gain":0,"player_choice":"Donut","damage_taken":0,"max_hp_gain":5,"max_hp_loss":0,"event_name":"Big Fish","floor":3,"gold_loss":0},{"damage_healed":0,"gold_gain":0,"cards_transformed":["Strike_B"],"player_choice":"Transformed","damage_taken":0,"max_hp_gain":0,"max_hp_loss":0,"event_name":"Transmorgrifier","floor":10,"gold_loss":0,"cards_obtained":["Blizzard"]},{"damage_healed":0,"gold_gain":0,"player_choice":"Trade","damage_taken":0,"relics_obtained":["FaceOfCleric"],"max_hp_gain":0,"max_hp_loss":0,"event_name":"FaceTrader","floor":19,"gold_loss":0},{"damage_healed":0,"gold_gain":0,"player_choice":"Ignored","damage_taken":0,"max_hp_gain":0,"max_hp_loss":0,"event_name":"Vampires","floor":21,"gold_loss":0},{"damage_healed":0,"gold_gain":50,"player_choice":"Stole From Cult","damage_taken":0,"max_hp_gain":0,"max_hp_loss":0,"event_name":"Nest","floor":28,"gold_loss":0},{"damage_healed":0,"gold_gain":0,"player_choice":"Got Potions","damage_taken":0,"max_hp_gain":0,"max_hp_loss":0,"event_name":"Lab","floor":29,"gold_loss":0},{"damage_healed":0,"gold_gain":0,"player_choice":"Max HP","damage_taken":0,"max_hp_gain":0,"max_hp_loss":4,"event_name":"Winding Halls","floor":41,"gold_loss":0},{"damage_healed":0,"gold_gain":0,"player_choice":"Memory 1","damage_taken":0,"max_hp_gain":0,"max_hp_loss":0,"event_name":"SensoryStone","floor":45,"gold_loss":0}],"is_beta":false,"boss_relics":[{"not_picked":["Ectoplasm","Tiny House"],"picked":"Fusion Hammer"},{"not_picked":["Eternal Feather","Pandora\u0027s Box"],"picked":"Runic Dome"}],"items_purged_floors":[5,39],"is_endless":false,"potions_floor_spawned":[2,6,7,13,14,24,31,38,44,46],"killed_by":"Awakened One","ascension_level":20}