{"gold_per_floor":[119,130,144,144,157,190,190,225,225,225,258,270,270,285,285,380,380,391,405,405,89,89],"floor_reached":22,"playtime":1498,"items_purged":["Strike_R"],"score":278,"play_id":"1a626891-c7c9-4203-b792-05b8a83317a8","local_time":"20190211232917","is_ascension_mode":true,"campfire_choices":[{"floor":10,"key":"REST"},{"floor":15,"key":"REST"}],"neow_cost":"NONE","seed_source_timestamp":518518811138700,"circlet_count":0,"master_deck":["Strike_R","Strike_R+1","Strike_R+1","Defend_R","Defend_R","Defend_R","Defend_R","Bash+1","Rampage","True Grit","Rage","Armaments","Dark Embrace","Pommel Strike","Impervious","Headbutt","Shrug It Off","Clothesline","Shrug It Off","Corruption+1","Cleave","Metallicize","Inflame"],"special_seed":0,"relics":["Burning Blood","StoneCalendar","Ornamental Fan","Bottled Lightning","Mummified Hand","Dream Catcher","Orrery","Bronze Scales"],"potions_floor_usage":[8,16,19,19,19,19],"damage_taken":[{"damage":4.0,"enemies":"Small Slimes","floor":1.0,"turns":4.0},{"damage":7.0,"enemies":"2 Louse","floor":2.0,"turns":3.0},{"damage":6.0,"enemies":"Cultist","floor":3.0,"turns":3.0},{"damage":11.0,"enemies":"Looter","floor":5.0,"turns":2.0},{"damage":16,"enemies":"Gremlin Nob","floor":6,"turns":3},{"damage":22,"enemies":"Lagavulin","floor":8,"turns":6},{"damage":23,"enemies":"3 Sentries","floor":11,"turns":7},{"damage":16,"enemies":"Lots of Slimes","floor":12,"turns":6},{"damage":1,"enemies":"Blue Slaver","floor":14,"turns":4},{"damage":28,"enemies":"Slime Boss","floor":16,"turns":10},{"damage":52,"enemies":"3 Byrds","floor":18,"turns":7},{"damage":4,"enemies":"Chosen","floor":19,"turns":6},{"damage":12,"enemies":"3 Cultists","floor":22,"turns":4}],"seed_played":"7881095596896923891","potions_obtained":[{"floor":1.0,"key":"SkillPotion"},{"floor":2.0,"key":"Ancient Potion"},{"floor":8,"key":"SpeedPotion"},{"floor":14,"key":"EntropicBrew"},{"floor":16,"key":"FearPotion"}],"is_trial":false,"path_per_floor":["M","M","M","?","M","E","?","E","T","R","E","M","?","M","R","B",null,"M","M","?","$","M"],"character_chosen":"IRONCLAD","items_purchased":["Inflame","Bronze Scales","Block Potion"],"campfire_rested":2,"item_purchase_floors":[21,21,21],"current_hp_per_floor":[74,73,73,57,52,42,39,23,23,47,30,20,20,25,49,27,67,21,23,23,23,11],"gold":89,"neow_bonus":"UPGRADE_CARD","is_prod":false,"is_daily":false,"chose_seed":false,"campfire_upgraded":0,"win_rate":0,"timestamp":1549945757,"path_taken":["M","M","M","?","M","E","?","E","T","R","E","M","?","?","R","BOSS","M","M","?","$","M"],"build_version":"2019-01-23","purchased_purges":1,"victory":false,"max_hp_per_floor":[80,80,80,80,80,80,80,80,80,80,80,80,80,80,80,80,80,80,80,80,80,80],"card_choices":[{"not_picked":["Thunderclap","Power Through"],"picked":"Rampage","floor":1.0},{"not_picked":["Pummel","Heavy Blade","Iron Wave"],"picked":"SKIP","floor":2.0},{"not_picked":["Clash","Cleave","Perfected Strike"],"picked":"SKIP","floor":3.0},{"not_picked":["Wild Strike","Warcry"],"picked":"True Grit","floor":5.0},{"not_picked":["Berserk","True Grit"],"picked":"Rage","floor":6},{"not_picked":["Offering","Pommel Strike"],"picked":"Armaments","floor":8},{"not_picked":["Perfected Strike","True Grit"],"picked":"Dark Embrace","floor":11},{"not_picked":["Clash","Flex"],"picked":"Pommel Strike","floor":12},{"not_picked":["Dual Wield","Clash","Perfected Strike"],"picked":"SKIP","floor":14},{"not_picked":["Reaper","Dark Embrace"],"picked":"Impervious","floor":16},{"not_picked":["Perfected Strike","Warcry"],"picked":"Headbutt","floor":17},{"not_picked":["Combust","Evolve"],"picked":"Shrug It Off","floor":17},{"not_picked":["Pommel Strike","Flex"],"picked":"Clothesline","floor":17},{"not_picked":["Twin Strike","Headbutt"],"picked":"Shrug It Off","floor":17},{"not_picked":["Sentinel","Armaments"],"picked":"Corruption","floor":17},{"not_picked":["Infernal Blade","Pommel Strike+1"],"picked":"Cleave","floor":18},{"not_picked":["Anger","Clothesline"],"picked":"Metallicize","floor":19}],"player_experience":214857,"relics_obtained":[{"floor":6,"key":"StoneCalendar"},{"floor":8,"key":"Bottled Lightning"},{"floor":9,"key":"Mummified Hand"},{"floor":11,"key":"Dream Catcher"}],"event_choices":[{"damage_healed":0.0,"max_hp_gain":0.0,"max_hp_loss":0.0,"gold_gain":0.0,"event_name":"Shining Light","player_choice":"Entered Light","floor":4.0,"gold_loss":0.0,"damage_taken":16.0,"cards_upgraded":["Strike_R","Strike_R"]},{"damage_healed":0,"gold_gain":0,"player_choice":"Success","damage_taken":3,"relics_obtained":["Ornamental Fan"],"max_hp_gain":0,"max_hp_loss":0,"event_name":"Scrap Ooze","floor":7,"gold_loss":0},{"cards_removed":["Strike_R"],"damage_healed":0,"gold_gain":0,"player_choice":"Purged","damage_taken":0,"max_hp_gain":0,"max_hp_loss":0,"event_name":"Purifier","floor":13,"gold_loss":0},{"damage_healed":0,"gold_gain":0,"player_choice":"Forge","damage_taken":0,"max_hp_gain":0,"max_hp_loss":0,"event_name":"Accursed Blacksmith","floor":20,"gold_loss":0,"cards_upgraded":["Corruption"]}],"is_beta":false,"boss_relics":[{"not_picked":["Busted Crown","Black Star"],"picked":"Orrery"}],"items_purged_floors":[21],"is_endless":false,"potions_floor_spawned":[1,2,8,14,16,18],"killed_by":"3 Cultists","ascension_level":7}