{"gold_per_floor":[112,112,126,144,319,319,349,379,379,389,339,339,339],"floor_reached":13,"playtime":1005,"items_purged":["Normality"],"score":95,"play_id":"0dac9775-17b0-4294-b0da-f22ac4d12132","local_time":"20190310221441","is_ascension_mode":true,"campfire_choices":[{"data":"Bash","floor":6,"key":"SMITH"},{"data":"Perfected Strike","floor":12,"key":"SMITH"}],"neow_cost":"CURSE","seed_source_timestamp":40791852764616,"circlet_count":0,"master_deck":["Strike_R","Strike_R","Strike_R","Strike_R","Strike_R","Defend_R","Defend_R","Defend_R","Defend_R","Bash+1","Dark Embrace","Pommel Strike+1","Flex","Perfected Strike+1","Doubt","Power Through","Feel No Pain"],"relics":["Burning Blood","Dodecahedron","Strawberry","Smiling Mask"],"potions_floor_usage":[13,13],"damage_taken":[{"damage":6,"enemies":"Cultist","floor":1,"turns":5},{"damage":2,"enemies":"2 Louse","floor":3,"turns":2},{"damage":0,"enemies":"Small Slimes","floor":4,"turns":3},{"damage":45,"enemies":"3 Sentries","floor":7,"turns":8},{"damage":29,"enemies":"Exordium Thugs","floor":10,"turns":5},{"damage":20,"enemies":"Lagavulin","floor":13,"turns":4}],"seed_played":"-5319152446066689015","potions_obtained":[{"floor":4,"key":"GamblersBrew"},{"floor":7,"key":"Weak Potion"}],"is_trial":false,"path_per_floor":["M","?","M","M","?","R","E","?","T","M","$","R","E"],"character_chosen":"IRONCLAD","items_purchased":[],"campfire_rested":0,"item_purchase_floors":[],"current_hp_per_floor":[80,80,80,80,80,80,41,48,48,25,25,25,5],"gold":339,"neow_bonus":"THREE_RARE_CARDS","is_prod":false,"is_daily":false,"chose_seed":false,"campfire_upgraded":2,"win_rate":0,"timestamp":1552223681,"path_taken":["M","?","M","?","?","R","E","?","T","M","$","R","E"],"build_version":"2019-01-23","purchased_purges":1,"victory":false,"max_hp_per_floor":[80,80,80,80,80,80,80,87,87,87,87,87,87],"card_choices":[{"not_picked":["Demon Form","Exhume"],"picked":"Dark Embrace","floor":0},{"not_picked":["Havoc","Anger"],"picked":"Pommel Strike","floor":1},{"not_picked":["Body Slam","Clash"],"picked":"Flex","floor":3},{"not_picked":["Burning Pact","Twin Strike"],"picked":"Perfected Strike","floor":4},{"not_picked":["Ghostly Armor","Headbutt"],"picked":"Power Through","floor":7},{"not_picked":["Hemokinesis","Perfected Strike"],"picked":"Feel No Pain","floor":10}],"player_experience":285118,"relics_obtained":[{"floor":7,"key":"Dodecahedron"},{"floor":9,"key":"Smiling Mask"}],"event_choices":[{"damage_healed":0,"gold_gain":0,"player_choice":"Upgraded","damage_taken":0,"max_hp_gain":0,"max_hp_loss":0,"event_name":"Upgrade Shrine","floor":2,"gold_loss":0,"cards_upgraded":["Pommel Strike"]},{"damage_healed":0,"gold_gain":175,"player_choice":"AGREE","damage_taken":0,"max_hp_gain":0,"max_hp_loss":0,"event_name":"Liars Game","floor":5,"gold_loss":0,"cards_obtained":["Doubt"]},{"damage_healed":0,"gold_gain":30,"player_choice":"Searched \u00272\u0027 times","damage_taken":0,"relics_obtained":["Strawberry"],"max_hp_gain":0,"max_hp_loss":0,"event_name":"Dead Adventurer","floor":8,"gold_loss":0}],"is_beta":false,"boss_relics":[],"items_purged_floors":[11],"is_endless":false,"potions_floor_spawned":[4,7],"killed_by":"Lagavulin","ascension_level":3}