{"gold_per_floor":[11,24,39,53,69,401,401,428,428,363,363,363],"floor_reached":12,"playtime":508,"items_purged":[],"score":171,"play_id":"86acba4a-6630-4327-a211-bb09dfed6a0f","local_time":"20180928135231","is_ascension_mode":true,"campfire_choices":[{"floor":7,"key":"REST"},{"floor":11,"key":"REST"}],"neow_cost":"NO_GOLD","seed_source_timestamp":751193199145872,"circlet_count":0,"master_deck":["Strike_B","Strike_B","Defend_B","Defend_B","Defend_B","Defend_B","Zap","Dualcast","AscendersBane","Ball Lightning","Go for the Eyes","Cold Snap","Hologram","Core Surge","Hologram"],"relics":["Cracked Core","Old Coin","Sundial","Prayer Wheel"],"potions_floor_usage":[4,12],"damage_taken":[{"damage":7,"enemies":"2 Louse","floor":1,"turns":3},{"damage":7,"enemies":"Jaw Worm","floor":2,"turns":3},{"damage":3,"enemies":"Small Slimes","floor":3,"turns":3},{"damage":3,"enemies":"Gremlin Gang","floor":4,"turns":4},{"damage":4,"enemies":"Looter","floor":5,"turns":4},{"damage":36,"enemies":"Gremlin Nob","floor":6,"turns":5},{"damage":24,"enemies":"Lagavulin","floor":8,"turns":9},{"damage":24,"enemies":"3 Sentries","floor":12,"turns":6}],"seed_played":"1449537101294572174","potions_obtained":[{"floor":1,"key":"SteroidPotion"},{"floor":8,"key":"Swift Potion"}],"is_trial":false,"path_per_floor":["M","M","M","M","M","E","R","E","T","?","R"],"character_chosen":"DEFECT","items_purchased":[],"campfire_rested":2,"item_purchase_floors":[],"current_hp_per_floor":[57,50,47,44,40,4,25,1,1,1,22,0],"gold":363,"neow_bonus":"REMOVE_TWO","is_prod":false,"is_daily":false,"chose_seed":false,"campfire_upgraded":0,"win_rate":0,"timestamp":1538135551,"path_taken":["M","M","M","M","M","E","R","E","T","?","R","E"],"build_version":"2018-09-27","purchased_purges":0,"victory":false,"max_hp_per_floor":[71,71,71,71,71,71,71,71,71,71,71,71],"card_choices":[{"not_picked":["White Noise","Streamline"],"picked":"Ball Lightning","floor":1},{"not_picked":["Beam Cell","Rebound","Consume"],"picked":"SKIP","floor":2},{"not_picked":["Consume","Streamline"],"picked":"Go for the Eyes","floor":3},{"not_picked":["Consume","Blizzard"],"picked":"Cold Snap","floor":4},{"not_picked":["Redo","Gash"],"picked":"Hologram","floor":5},{"not_picked":["Turbo","Redo"],"picked":"Core Surge","floor":6},{"not_picked":["Recycle","Double Energy"],"picked":"Hologram","floor":8}],"player_experience":1274410,"relics_obtained":[{"floor":6,"key":"Old Coin"},{"floor":8,"key":"Sundial"},{"floor":9,"key":"Prayer Wheel"}],"event_choices":[{"event_name":"World of Goop","player_choice":"Left","floor":10,"damage_taken":0}],"is_beta":false,"boss_relics":[],"items_purged_floors":[],"is_endless":false,"potions_floor_spawned":[1,8],"killed_by":"3 Sentries","ascension_level":18}