{"gold_per_floor":[165,165,177,190,190,190,225,4,4,21,21,41,41,75,75,150,150,161,211,211,2,18,44,44,62,62,92,104,127,139,165,177,263,275,305,317,341,113,113,142,142,160,160,172,185,61,61,94,94,94,94,94,43,75,75],"floor_reached":56,"playtime":4910,"items_purged":["Strike_B","Strike_B","Gash"],"score":1921,"play_id":"cbde85be-7b15-45e4-9580-896eb05a8b8b","local_time":"20190228193201","is_ascension_mode":true,"campfire_choices":[{"data":"Sunder","floor":6,"key":"SMITH"},{"data":"Sunder","floor":11,"key":"SMITH"},{"data":"Go for the Eyes","floor":13,"key":"SMITH"},{"data":"Consume","floor":15,"key":"SMITH"},{"data":"Electrodynamics","floor":24,"key":"SMITH"},{"floor":30,"key":"REST"},{"data":"Coolheaded","floor":32,"key":"SMITH"},{"floor":41,"key":"RECALL"},{"data":"Loop","floor":47,"key":"SMITH"},{"data":"Biased Cognition","floor":49,"key":"SMITH"},{"data":"Biased Cognition","floor":52,"key":"SMITH"}],"neow_cost":"NONE","seed_source_timestamp":33589382915967,"circlet_count":0,"master_deck":["AscendersBane","Defend_B","Defend_B","Defend_B","Defend_B","Zap","Dualcast+1","Cold Snap","Ball Lightning","Sunder+1","Sunder+1","Chill","Go for the Eyes+1","Capacitor+1","Consume+1","Machine Learning","Coolheaded+1","Undo+1","Electrodynamics+1","Conserve Battery","Self Repair","Conserve Battery","Biased Cognition+1","Force Field","Biased Cognition+1","Tempest","Loop+1","Reinforced Body+1"],"relics":["Tiny House","Sundial","Bronze Scales","Pantograph","Turnip","Velvet Choker","OrangePellets","Smiling Mask","MawBank","Runic Pyramid","Potion Belt","Centennial Puzzle","Symbiotic Virus","Cables","Letter Opener"],"potions_floor_usage":[10,14,18,23,27,33,40,40,45,55,55],"damage_taken":[{"damage":0,"enemies":"Small Slimes","floor":1,"turns":3},{"damage":0,"enemies":"Cultist","floor":3,"turns":3},{"damage":0,"enemies":"2 Louse","floor":4,"turns":2},{"damage":33,"enemies":"Lagavulin","floor":7,"turns":7},{"damage":9,"enemies":"Exordium Thugs","floor":10,"turns":3},{"damage":0,"enemies":"2 Fungi Beasts","floor":12,"turns":2},{"damage":14,"enemies":"Gremlin Nob","floor":14,"turns":3},{"damage":9,"enemies":"Hexaghost","floor":16,"turns":8},{"damage":5,"enemies":"Shell Parasite","floor":18,"turns":5},{"damage":0,"enemies":"Spheric Guardian","floor":22,"turns":4},{"damage":14,"enemies":"Gremlin Leader","floor":23,"turns":9},{"damage":5,"enemies":"3 Cultists","floor":25,"turns":4},{"damage":23,"enemies":"Book of Stabbing","floor":27,"turns":5},{"damage":7,"enemies":"Shelled Parasite and Fungi","floor":29,"turns":7},{"damage":8,"enemies":"Snecko","floor":31,"turns":5},{"damage":1,"enemies":"Champ","floor":33,"turns":49},{"damage":17,"enemies":"3 Darklings","floor":35,"turns":4},{"damage":0,"enemies":"3 Shapes","floor":37,"turns":3},{"damage":31,"enemies":"Reptomancer","floor":40,"turns":6},{"damage":0,"enemies":"Jaw Worm Horde","floor":42,"turns":3},{"damage":14,"enemies":"Writhing Mass","floor":44,"turns":6},{"damage":22,"enemies":"3 Darklings","floor":45,"turns":5},{"damage":1,"enemies":"Giant Head","floor":48,"turns":9},{"damage":3,"enemies":"Time Eater","floor":50,"turns":7},{"damage":27,"enemies":"Shield and Spear","floor":54,"turns":6},{"damage":16,"enemies":"The Heart","floor":55,"turns":8}],"seed_played":"3982552094053869834","potions_obtained":[{"floor":0,"key":"LiquidBronze"},{"floor":3,"key":"Fruit Juice"},{"floor":10,"key":"FearPotion"},{"floor":14,"key":"Block Potion"},{"floor":18,"key":"SteroidPotion"},{"floor":23,"key":"GamblersBrew"},{"floor":31,"key":"Strength Potion"},{"floor":37,"key":"PowerPotion"},{"floor":40,"key":"Explosive Potion"},{"floor":44,"key":"Ancient Potion"}],"is_trial":false,"path_per_floor":["M","?","M","M","?","R","E","$","T","M","R","M","R","E","R","B",null,"M","?","?","$","M","E","R","M","T","E","?","M","R","M","R","B",null,"M","?","M","$","?","E","R","M","T","M","M","$","R","E","R","B",null,"R","$","E","B",null],"character_chosen":"DEFECT","items_purchased":["Bronze Scales","OrangePellets","Potion Belt","Force Field","Loop","SpeedPotion"],"campfire_rested":1,"item_purchase_floors":[8,21,38,38,46,53],"current_hp_per_floor":[69,69,69,69,69,69,36,36,36,32,32,32,32,18,18,34,69,64,64,64,64,64,50,50,45,45,22,10,10,34,33,33,64,77,67,67,74,74,74,57,57,64,64,57,42,42,42,48,48,77,80,80,80,60,65],"gold":75,"neow_bonus":"BOSS_RELIC","is_prod":false,"is_daily":false,"chose_seed":false,"campfire_upgraded":9,"win_rate":0,"timestamp":1551400321,"path_taken":["M","?","?","M","?","R","E","$","T","M","R","M","R","E","R","BOSS","M","?","?","$","M","E","R","?","T","E","?","?","R","M","R","BOSS","M","?","M","$","?","E","R","M","T","M","?","$","R","E","R","BOSS","R","$","E","BOSS"],"build_version":"2019-01-23","purchased_purges":3,"victory":true,"max_hp_per_floor":[76,76,76,76,76,76,76,76,76,81,81,81,81,81,81,81,81,81,81,81,81,81,81,81,81,81,81,81,81,81,81,81,81,81,81,81,81,81,81,81,81,81,81,81,81,81,81,81,81,81,81,81,81,81,81],"card_choices":[{"not_picked":["Coolheaded","Steam"],"picked":"Cold Snap","floor":0},{"not_picked":["Defragment","Recycle"],"picked":"Ball Lightning","floor":1},{"not_picked":["Hello World","Barrage"],"picked":"Sunder","floor":3},{"not_picked":["Rebound","BootSequence"],"picked":"Sunder","floor":4},{"not_picked":["Ball Lightning","Meteor Strike"],"picked":"Chill","floor":7},{"not_picked":["Double Energy","Force Field"],"picked":"Go for the Eyes","floor":10},{"not_picked":["Ball Lightning","Go for the Eyes"],"picked":"Capacitor","floor":12},{"not_picked":["Go for the Eyes","Genetic Algorithm"],"picked":"Consume","floor":14},{"not_picked":["Amplify","Multi-Cast"],"picked":"Machine Learning","floor":16},{"not_picked":["Heatsinks","Stack"],"picked":"Coolheaded","floor":18},{"not_picked":["Melter","Compile Driver"],"picked":"Undo+1","floor":22},{"not_picked":["Go for the Eyes+1","Turbo"],"picked":"Electrodynamics","floor":23},{"not_picked":["White Noise","Double Energy+1"],"picked":"Conserve Battery","floor":25},{"not_picked":["Chill","Steam Power+1"],"picked":"Self Repair","floor":27},{"not_picked":["Streamline","Sunder","Consume"],"picked":"SKIP","floor":29},{"not_picked":["Auto Shields","Hello World"],"picked":"Conserve Battery","floor":31},{"not_picked":["Multi-Cast","Reboot"],"picked":"Biased Cognition","floor":33},{"not_picked":["Redo","Ball Lightning+1","Leap"],"picked":"SKIP","floor":35},{"not_picked":["Steam","Coolheaded","Lockon"],"picked":"SKIP","floor":37},{"not_picked":["Barrage","Go for the Eyes"],"picked":"Biased Cognition","floor":40},{"not_picked":["Hologram","Stack","Ball Lightning"],"picked":"SKIP","floor":42},{"not_picked":["Rebound","Conserve Battery"],"picked":"Tempest","floor":44},{"not_picked":["Blizzard","Gash","Conserve Battery"],"picked":"SKIP","floor":45},{"not_picked":["Undo","Barrage+1"],"picked":"Reinforced Body+1","floor":48},{"not_picked":["Compile Driver+1","Ball Lightning","Steam"],"picked":"SKIP","floor":54}],"player_experience":1757617,"relics_obtained":[{"floor":7,"key":"Sundial"},{"floor":9,"key":"Pantograph"},{"floor":14,"key":"Turnip"},{"floor":23,"key":"Smiling Mask"},{"floor":27,"key":"MawBank"},{"floor":40,"key":"Centennial Puzzle"},{"floor":43,"key":"Symbiotic Virus"},{"floor":48,"key":"Cables"},{"floor":54,"key":"Letter Opener"}],"event_choices":[{"damage_healed":0,"gold_gain":0,"cards_transformed":["Strike_B"],"player_choice":"Transformed","damage_taken":0,"max_hp_gain":0,"max_hp_loss":0,"event_name":"Transmorgrifier","floor":2,"gold_loss":0,"cards_obtained":["Gash"]},{"damage_healed":0,"gold_gain":0,"player_choice":"Leave","damage_taken":0,"max_hp_gain":0,"max_hp_loss":0,"event_name":"The Cleric","floor":5,"gold_loss":0},{"damage_healed":0,"gold_gain":50,"player_choice":"Stole From Cult","damage_taken":0,"max_hp_gain":0,"max_hp_loss":0,"event_name":"Nest","floor":19,"gold_loss":0},{"damage_healed":0,"gold_gain":0,"player_choice":"Upgraded","damage_taken":0,"max_hp_gain":0,"max_hp_loss":0,"event_name":"Upgrade Shrine","floor":20,"gold_loss":0,"cards_upgraded":["Capacitor"]},{"damage_healed":0,"gold_gain":0,"player_choice":"Damaged","damage_taken":12,"max_hp_gain":0,"max_hp_loss":0,"event_name":"Wheel of Change","floor":28,"gold_loss":0},{"damage_healed":0,"gold_gain":0,"player_choice":"Ignored","damage_taken":0,"max_hp_gain":0,"max_hp_loss":0,"event_name":"Tomb of Lord Red Mask","floor":36,"gold_loss":0},{"cards_removed":["Strike_B"],"damage_healed":0,"gold_gain":0,"player_choice":"Purged","damage_taken":0,"max_hp_gain":0,"max_hp_loss":0,"event_name":"Purifier","floor":39,"gold_loss":0}],"is_beta":false,"boss_relics":[{"not_picked":["Pandora\u0027s Box","Eternal Feather"],"picked":"Velvet Choker"},{"not_picked":["Philosopher\u0027s Stone","Nuclear Battery"],"picked":"Runic Pyramid"}],"items_purged_floors":[8,38,46],"is_endless":false,"potions_floor_spawned":[3,10,14,16,18,23,31,37,40,44],"ascension_level":15}