{"gold_per_floor":[117,128,50,63,80,106,106,106,106,118,43,43,93,107,107,181,181,195,205,237,237,256,256,12,12,12,43,43,62,42,42,42,120,120,136,154,254,254,254],"floor_reached":39,"playtime":2784,"items_purged":["Defend_B"],"score":798,"play_id":"bf089985-de56-4641-9b2d-1f431ca0a8a6","local_time":"20190205171610","is_ascension_mode":true,"campfire_choices":[{"data":"Multi-Cast","floor":7.0,"key":"SMITH"},{"data":"Hyperbeam","floor":15.0,"key":"SMITH"},{"floor":23,"key":"REST"},{"floor":25,"key":"REST"},{"floor":32,"key":"REST"}],"neow_cost":"NONE","seed_source_timestamp":585958020577434,"circlet_count":0,"master_deck":["AscendersBane","Defend_B","Defend_B","Zap","Dualcast","Chill","Ball Lightning","Rip and Tear","Multi-Cast+1","Leap","Biased Cognition","Leap","Hyperbeam+1","Machine Learning","White Noise","Undo","Hologram","Heatsinks","Doom and Gloom","Genetic Algorithm","Core Surge","Conserve Battery","Creative AI","Coolheaded+1"],"special_seed":0,"relics":["Cracked Core","Juzu Bracelet","Mercury Hourglass","Velvet Choker","Red Mask","Bag of Preparation","Ice Cream","Blue Candle","Snecko Eye","Girya","Letter Opener"],"potions_floor_usage":[20,27,27,33,33,36,39],"damage_taken":[{"damage":1.0,"enemies":"Cultist","floor":1.0,"turns":3.0},{"damage":7.0,"enemies":"Jaw Worm","floor":2.0,"turns":4.0},{"damage":1.0,"enemies":"2 Louse","floor":4.0,"turns":3.0},{"damage":6.0,"enemies":"Looter","floor":5.0,"turns":3.0},{"damage":13.0,"enemies":"Lagavulin","floor":6.0,"turns":6.0},{"damage":6.0,"enemies":"Lots of Slimes","floor":10.0,"turns":2.0},{"damage":0.0,"enemies":"Exordium Thugs","floor":14.0,"turns":3.0},{"damage":25.0,"enemies":"Slime Boss","floor":16.0,"turns":5.0},{"damage":21.0,"enemies":"2 Thieves","floor":18.0,"turns":4.0},{"damage":1.0,"enemies":"Spheric Guardian","floor":19.0,"turns":3.0},{"damage":22,"enemies":"Masked Bandits","floor":20,"turns":3},{"damage":0,"enemies":"3 Cultists","floor":22,"turns":3},{"damage":27,"enemies":"Book of Stabbing","floor":27,"turns":8},{"damage":6,"enemies":"Centurion and Healer","floor":29,"turns":8},{"damage":18,"enemies":"Collector","floor":33,"turns":7},{"damage":19,"enemies":"3 Shapes","floor":35,"turns":5},{"damage":28,"enemies":"3 Darklings","floor":36,"turns":3},{"damage":0,"enemies":"Mind Bloom Boss Battle","floor":37,"turns":8},{"damage":22,"enemies":"Transient","floor":39,"turns":3}],"seed_played":"-8704879585071316714","potions_obtained":[{"floor":1.0,"key":"Block Potion"},{"floor":2.0,"key":"Dexterity Potion"},{"floor":14.0,"key":"SteroidPotion"},{"floor":18.0,"key":"FearPotion"},{"floor":22,"key":"Swift Potion"},{"floor":27,"key":"SkillPotion"},{"floor":30,"key":"Swift Potion"},{"floor":35,"key":"SteroidPotion"},{"floor":37,"key":"Swift Potion"}],"is_trial":false,"path_per_floor":["M","M","$","M","M","E","R","?","T","M","?","?","?","M","R","B",null,"M","M","?","?","M","R","$","R","T","E","?","M","?","$","R","B",null,"M","M","?","T","M"],"character_chosen":"DEFECT","items_purchased":["Rip and Tear","Bag of Preparation"],"campfire_rested":3,"item_purchase_floors":[3,24],"current_hp_per_floor":[63,56,56,55,49,36,36,36,36,30,30,30,30,30,30,5,55,34,33,11,11,11,32,32,53,53,26,26,20,20,20,41,23,59,40,12,12,12,0],"gold":254,"neow_bonus":"REMOVE_CARD","is_prod":false,"is_daily":false,"chose_seed":false,"campfire_upgraded":2,"win_rate":0,"timestamp":1549379770,"path_taken":["M","M","$","M","?","E","R","?","T","M","?","?","?","M","R","BOSS","M","M","?","?","M","R","$","R","T","E","?","M","?","$","R","BOSS","M","M","?","?","M"],"build_version":"2019-01-23","purchased_purges":1,"victory":false,"max_hp_per_floor":[71,71,71,71,71,71,71,71,71,71,71,71,71,71,71,71,71,71,71,71,71,71,71,71,71,71,71,71,71,71,71,71,71,71,71,71,71,71,71],"card_choices":[{"not_picked":["Reprogram","Compile Driver"],"picked":"Chill","floor":1.0},{"not_picked":["Skim","Streamline"],"picked":"Ball Lightning","floor":2.0},{"not_picked":["Force Field","Redo"],"picked":"Multi-Cast","floor":4.0},{"not_picked":["Rebound","Stack"],"picked":"Leap","floor":5.0},{"not_picked":["Compile Driver","Hologram"],"picked":"Biased Cognition","floor":6.0},{"not_picked":["Blizzard","Rebound"],"picked":"Leap","floor":10.0},{"not_picked":["Gash","Hologram"],"picked":"Hyperbeam","floor":14.0},{"not_picked":["All For One","Fission"],"picked":"Machine Learning","floor":16.0},{"not_picked":["Lockon","Hello World"],"picked":"White Noise","floor":18.0},{"not_picked":["Beam Cell","Rebound+1"],"picked":"Undo","floor":19.0},{"not_picked":["Reprogram","Recycle+1"],"picked":"Hologram","floor":20},{"not_picked":["Go for the Eyes","Ball Lightning","Gash+1"],"picked":"SKIP","floor":22},{"not_picked":["Heatsinks","Steam"],"picked":"Genetic Algorithm","floor":27},{"not_picked":["Steam Power","Gash"],"picked":"Conserve Battery","floor":29},{"not_picked":["Amplify","All For One"],"picked":"Creative AI","floor":33},{"not_picked":["Sweeping Beam","Redo+1","Ball Lightning+1"],"picked":"SKIP","floor":35},{"not_picked":["Redo","Chaos"],"picked":"Coolheaded+1","floor":36}],"player_experience":1527156,"relics_obtained":[{"floor":6.0,"key":"Juzu Bracelet"},{"floor":9.0,"key":"Mercury Hourglass"},{"floor":20,"key":"Red Mask"},{"floor":26,"key":"Ice Cream"},{"floor":27,"key":"Blue Candle"},{"floor":37,"key":"Girya"},{"floor":38,"key":"Letter Opener"}],"event_choices":[{"cards_removed":["Strike_B"],"damage_healed":0.0,"max_hp_gain":0.0,"max_hp_loss":0.0,"gold_gain":0.0,"event_name":"Purifier","player_choice":"Purged","floor":8.0,"gold_loss":0.0,"damage_taken":0.0},{"cards_removed":["Defend_B"],"damage_healed":0.0,"max_hp_gain":0.0,"max_hp_loss":0.0,"gold_gain":0.0,"event_name":"The Cleric","player_choice":"Card Removal","floor":11.0,"gold_loss":75.0,"damage_taken":0.0},{"damage_healed":0.0,"max_hp_gain":0.0,"max_hp_loss":0.0,"gold_gain":0.0,"event_name":"Scrap Ooze","player_choice":"Fled","floor":12.0,"gold_loss":0.0,"damage_taken":0.0},{"damage_healed":0.0,"max_hp_gain":0.0,"max_hp_loss":0.0,"gold_gain":50.0,"event_name":"Golden Shrine","player_choice":"Pray","floor":13.0,"gold_loss":0.0,"damage_taken":0.0},{"damage_healed":0,"gold_gain":0,"player_choice":"Fought Bandits","damage_taken":0,"max_hp_gain":0,"max_hp_loss":0,"event_name":"Masked Bandits","floor":20,"gold_loss":0},{"damage_healed":0,"gold_gain":0,"cards_transformed":["Strike_B","Strike_B"],"player_choice":"Became Test Subject","damage_taken":0,"max_hp_gain":0,"max_hp_loss":0,"event_name":"Drug Dealer","floor":21,"gold_loss":0,"cards_obtained":["Heatsinks","Doom and Gloom"]},{"damage_healed":0,"gold_gain":0,"player_choice":"1 cards matched","damage_taken":0,"max_hp_gain":0,"max_hp_loss":0,"event_name":"Match and Keep!","floor":28,"gold_loss":0,"cards_obtained":["Core Surge"]},{"damage_healed":0,"gold_gain":0,"player_choice":"Bought 1 Potion","damage_taken":0,"max_hp_gain":0,"max_hp_loss":0,"event_name":"The Woman in Blue","floor":30,"gold_loss":0},{"damage_healed":0,"gold_gain":0,"player_choice":"Fight","damage_taken":0,"max_hp_gain":0,"max_hp_loss":0,"event_name":"MindBloom","floor":37,"gold_loss":0}],"is_beta":false,"boss_relics":[{"not_picked":["Fusion Hammer","Pandora\u0027s Box"],"picked":"Velvet Choker"},{"not_picked":["Tiny House","Astrolabe"],"picked":"Snecko Eye"}],"items_purged_floors":[24],"is_endless":false,"potions_floor_spawned":[1,2,5,14,18,22,27,35,37],"killed_by":"Transient","ascension_level":20}