{"gold_per_floor":[115,40,40,109,178,178,211,211,211,261,261,461,492,21,21,96,96,115,80,130,149,167,181,210,210,210,260,310,88,88,115,115,189,189,205,355,405,345,361,388,388,406,406,406,433,445,2,16,16,16,16,16,16,16,41,41],"floor_reached":57,"playtime":4281,"items_purged":["Doubt","Writhe"],"score":3368,"play_id":"54d6a484-0d68-4bd3-b16b-b123c78f8943","local_time":"20181227203223","is_ascension_mode":true,"campfire_choices":[{"data":"Predator","floor":6,"key":"SMITH"},{"data":"Backflip","floor":8,"key":"SMITH"},{"floor":11,"key":"REST"},{"data":"Bouncing Flask","floor":15,"key":"SMITH"},{"floor":25,"key":"REST"},{"floor":30,"key":"RECALL"},{"floor":32,"key":"REST"},{"floor":41,"key":"REST"},{"floor":44,"key":"REST"},{"floor":49,"key":"REST"},{"floor":53,"key":"REST"}],"neow_cost":"NONE","seed_source_timestamp":244906270987872,"circlet_count":0,"master_deck":["AscendersBane","Defend_G","Defend_G+1","Defend_G","Defend_G","Defend_G+1","Strike_G+1","Survivor","Neutralize","Predator+1","Well Laid Plans","PiercingWail","Backflip+1","Backflip","Bouncing Flask+1","Burst","Backflip","Backflip","Blur","Burst","Wraith Form v2","Ghostly","Ghostly","Ghostly","Adrenaline","Skewer+1","Escape Plan+1"],"relics":["Ring of the Snake","NeowsBlessing","SsserpentHead","Gambling Chip","Bottled Lightning","Lantern","Snake Skull","Art of War","Fusion Hammer","Bag of Preparation","Pocketwatch","Juzu Bracelet","Kunai","Strange Spoon","Dream Catcher","Philosopher\u0027s Stone","Bird Faced Urn","Ice Cream","Bronze Scales","Incense Burner","Tough Bandages"],"potions_floor_usage":[23,24,56,56],"damage_taken":[{"damage":0,"enemies":"Small Slimes","floor":1,"turns":1},{"damage":0,"enemies":"2 Louse","floor":4,"turns":1},{"damage":0,"enemies":"Cultist","floor":5,"turns":1},{"damage":24,"enemies":"3 Sentries","floor":7,"turns":11},{"damage":24,"enemies":"Lagavulin","floor":13,"turns":8},{"damage":0,"enemies":"Hexaghost","floor":16,"turns":7},{"damage":0,"enemies":"3 Byrds","floor":18,"turns":4},{"damage":0,"enemies":"Spheric Guardian","floor":21,"turns":2},{"damage":0,"enemies":"Cultist and Chosen","floor":22,"turns":5},{"damage":8,"enemies":"Shelled Parasite and Fungi","floor":23,"turns":6},{"damage":30,"enemies":"Gremlin Leader","floor":24,"turns":10},{"damage":0,"enemies":"Book of Stabbing","floor":31,"turns":5},{"damage":0,"enemies":"Collector","floor":33,"turns":10},{"damage":0,"enemies":"3 Darklings","floor":35,"turns":14},{"damage":0,"enemies":"Mind Bloom Boss Battle","floor":36,"turns":6},{"damage":0,"enemies":"3 Shapes","floor":39,"turns":5},{"damage":0,"enemies":"Giant Head","floor":40,"turns":8},{"damage":0,"enemies":"Transient","floor":42,"turns":6},{"damage":0,"enemies":"Nemesis","floor":45,"turns":7},{"damage":0,"enemies":"Writhing Mass","floor":46,"turns":4},{"damage":0,"enemies":"Maw","floor":48,"turns":7},{"damage":0,"enemies":"Donu and Deca","floor":50,"turns":13},{"damage":0,"enemies":"Awakened One","floor":51,"turns":14},{"damage":0,"enemies":"Shield and Spear","floor":55,"turns":8},{"damage":11,"enemies":"The Heart","floor":56,"turns":9}],"seed_played":"-4679353662363096188","potions_obtained":[{"floor":1,"key":"Weak Potion"},{"floor":5,"key":"Ancient Potion"},{"floor":23,"key":"Swift Potion"},{"floor":24,"key":"SpeedPotion"},{"floor":33,"key":"Energy Potion"},{"floor":36,"key":"Block Potion"},{"floor":55,"key":"LiquidBronze"}],"is_trial":false,"path_per_floor":["M","?","?","M","M","R","E","R","T","?","R","?","E","$","R","B",null,"M","?","?","M","M","M","E","R","T","?","?","$","R","E","R","B",null,"M","?","?","?","M","E","R","M","T","R","E","M","$","M","R","B","B",null,"R","$","E","B",null],"character_chosen":"THE_SILENT","items_purchased":["Bouncing Flask","Snake Skull","Art of War","Strange Spoon","Incense Burner"],"campfire_rested":7,"item_purchase_floors":[14,14,14,29,47],"current_hp_per_floor":[59,59,59,59,59,59,35,35,35,15,34,34,10,10,10,10,52,52,52,52,52,52,44,14,33,33,33,33,33,33,33,33,33,33,33,33,31,31,31,31,31,31,31,31,31,31,31,31,31,31,31,31,31,31,31,20],"gold":41,"neow_bonus":"THREE_ENEMY_KILL","is_prod":false,"is_daily":false,"chose_seed":false,"campfire_upgraded":3,"win_rate":0,"timestamp":1545939143,"path_taken":["M","?","?","?","?","R","E","R","T","?","R","?","E","$","R","BOSS","M","?","?","M","M","M","E","R","T","?","?","$","R","E","R","BOSS","M","?","?","?","M","E","R","M","T","R","E","M","$","M","R","BOSS","BOSS","R","$","E","BOSS"],"build_version":"2018-12-20","purchased_purges":2,"victory":true,"max_hp_per_floor":[66,66,66,66,66,66,66,66,66,66,66,66,66,66,66,66,66,66,66,66,66,66,66,66,66,66,66,33,33,33,33,33,33,33,33,33,31,31,31,31,31,31,31,31,31,31,31,31,31,31,31,31,31,31,31,31],"card_choices":[{"not_picked":["All Out Attack","Dodge and Roll"],"picked":"Predator","floor":1},{"not_picked":["Deadly Poison","Prepared"],"picked":"Well Laid Plans","floor":4},{"not_picked":["Underhanded Strike","Dagger Spray"],"picked":"PiercingWail","floor":5},{"not_picked":["Eviscerate","Blade Dance"],"picked":"Backflip","floor":7},{"not_picked":["Blur","Caltrops"],"picked":"Backflip","floor":13},{"not_picked":["A Thousand Cuts","Doppelganger"],"picked":"Burst","floor":16},{"not_picked":["Outmaneuver","Blade Dance"],"picked":"Backflip","floor":18},{"not_picked":["Predator+1","All Out Attack"],"picked":"Backflip","floor":21},{"not_picked":["Concentrate","Flechettes"],"picked":"Blur","floor":22},{"not_picked":["Setup","Riddle With Holes","Predator"],"picked":"SKIP","floor":23},{"not_picked":["Dodge and Roll","Flying Knee","Accuracy+1"],"picked":"SKIP","floor":24},{"not_picked":["Bane+1","Outmaneuver","Dagger Throw"],"picked":"SKIP","floor":31},{"not_picked":["Corpse Explosion","Envenom"],"picked":"Adrenaline","floor":33},{"not_picked":["Prepared","Infinite Blades","Blade Dance+1"],"picked":"SKIP","floor":35},{"not_picked":["Footwork","Infinite Blades","Cloak And Dagger+1"],"picked":"SKIP","floor":39},{"not_picked":["Masterful Stab","Sucker Punch"],"picked":"Skewer+1","floor":40},{"not_picked":["Tactician","Bane+1","Poisoned Stab"],"picked":"SKIP","floor":42},{"not_picked":["Poisoned Stab","Deflect"],"picked":"Escape Plan+1","floor":44},{"not_picked":["Leg Sweep","Underhanded Strike+1","Backflip"],"picked":"SKIP","floor":45},{"not_picked":["Sucker Punch","Dodge and Roll","Backflip"],"picked":"SKIP","floor":46},{"not_picked":["Acrobatics","Slice","Underhanded Strike+1"],"picked":"SKIP","floor":48},{"not_picked":["Caltrops","Quick Slash","Choke+1"],"picked":"SKIP","floor":55}],"player_experience":1745592,"relics_obtained":[{"floor":7,"key":"Gambling Chip"},{"floor":9,"key":"Bottled Lightning"},{"floor":13,"key":"Lantern"},{"floor":24,"key":"Juzu Bracelet"},{"floor":26,"key":"Kunai"},{"floor":31,"key":"Dream Catcher"},{"floor":36,"key":"Bird Faced Urn"},{"floor":40,"key":"Ice Cream"},{"floor":45,"key":"Bronze Scales"},{"floor":55,"key":"Tough Bandages"}],"event_choices":[{"cards_removed":["Strike_G"],"damage_healed":0,"gold_gain":0,"player_choice":"Card Removal","damage_taken":0,"max_hp_gain":0,"max_hp_loss":0,"event_name":"The Cleric","floor":2,"gold_loss":75},{"damage_healed":0,"gold_gain":0,"player_choice":"Trade","damage_taken":0,"relics_obtained":["SsserpentHead"],"max_hp_gain":0,"max_hp_loss":0,"event_name":"FaceTrader","floor":3,"gold_loss":0},{"damage_healed":0,"gold_gain":0,"player_choice":"Entered Light","damage_taken":20,"max_hp_gain":0,"max_hp_loss":0,"event_name":"Shining Light","floor":10,"gold_loss":0,"cards_upgraded":["Defend_G","Strike_G"]},{"damage_healed":0,"gold_gain":150,"player_choice":"AGREE","damage_taken":0,"max_hp_gain":0,"max_hp_loss":0,"event_name":"Liars Game","floor":12,"gold_loss":0,"cards_obtained":["Doubt"]},{"damage_healed":0,"gold_gain":0,"player_choice":"Obtained Relic","damage_taken":0,"relics_obtained":["Bag of Preparation"],"max_hp_gain":0,"max_hp_loss":0,"event_name":"Addict","floor":19,"gold_loss":85},{"damage_healed":0,"gold_gain":0,"player_choice":"Opened","damage_taken":0,"relics_obtained":["Pocketwatch"],"max_hp_gain":0,"max_hp_loss":0,"event_name":"The Mausoleum","floor":20,"gold_loss":0,"cards_obtained":["Writhe"]},{"damage_healed":0,"gold_gain":0,"cards_transformed":["Strike_G","Strike_G"],"player_choice":"Became Test Subject","damage_taken":0,"max_hp_gain":0,"max_hp_loss":0,"event_name":"Drug Dealer","floor":27,"gold_loss":0,"cards_obtained":["Burst","Wraith Form v2"]},{"damage_healed":0,"gold_gain":0,"player_choice":"Became a Ghost","damage_taken":0,"max_hp_gain":0,"max_hp_loss":33,"event_name":"Ghosts","floor":28,"gold_loss":0,"cards_obtained":["Ghostly","Ghostly","Ghostly"]},{"damage_healed":0,"gold_gain":0,"player_choice":"Fight","damage_taken":0,"max_hp_gain":0,"max_hp_loss":0,"event_name":"MindBloom","floor":36,"gold_loss":0},{"damage_healed":0,"gold_gain":0,"player_choice":"Max HP","damage_taken":0,"max_hp_gain":0,"max_hp_loss":2,"event_name":"Winding Halls","floor":37,"gold_loss":0},{"cards_removed":["Strike_G"],"damage_healed":0,"gold_gain":0,"player_choice":"Upgrade and Remove","damage_taken":0,"max_hp_gain":0,"max_hp_loss":0,"event_name":"Designer","floor":38,"gold_loss":110,"cards_upgraded":["Defend_G"]}],"is_beta":false,"boss_relics":[{"not_picked":["Pandora\u0027s Box","White Beast Statue"],"picked":"Fusion Hammer"},{"not_picked":["Ring of the Serpent","Runic Pyramid"],"picked":"Philosopher\u0027s Stone"}],"items_purged_floors":[14,47],"is_endless":false,"potions_floor_spawned":[1,5,13,23,24,33,36,40,42,48,55],"ascension_level":20}