{"gold_per_floor":[118,43,43,43,58,58,87,37,37,67,67,67,87,87],"floor_reached":14,"playtime":346,"items_purged":["Strike_G"],"score":242,"play_id":"e8e34804-b63d-43fd-b29b-964ee1d5effd","local_time":"20181227034220","is_ascension_mode":true,"campfire_choices":[{"data":"Footwork","floor":6,"key":"SMITH"},{"data":"Bouncing Flask","floor":11,"key":"SMITH"}],"neow_cost":"NONE","seed_source_timestamp":188274740002687,"circlet_count":0,"master_deck":["AscendersBane","Defend_G","Defend_G","Defend_G+1","Defend_G","Defend_G+1","Strike_G","Strike_G","Strike_G","Strike_G","Survivor","Neutralize","Poisoned Stab+1","Footwork+1","PiercingWail","Dodge and Roll+1","Bouncing Flask+1"],"relics":["Ring of the Snake","NeowsBlessing","War Paint","Pear","Dream Catcher"],"potions_floor_usage":[14],"damage_taken":[{"damage":0,"enemies":"Jaw Worm","floor":1,"turns":1},{"damage":0,"enemies":"2 Louse","floor":5,"turns":1},{"damage":0,"enemies":"3 Sentries","floor":7,"turns":1},{"damage":28,"enemies":"Lagavulin","floor":10,"turns":14},{"damage":0,"enemies":"Cultist","floor":13,"turns":3},{"damage":32,"enemies":"3 Sentries","floor":14,"turns":9}],"seed_played":"-4825943390372697127","potions_obtained":[{"floor":5,"key":"Ancient Potion"},{"floor":13,"key":"Strength Potion"}],"is_trial":false,"path_per_floor":["M","$","?","?","M","R","E","$","T","E","R","?","M","E"],"character_chosen":"THE_SILENT","items_purchased":["Dodge and Roll"],"campfire_rested":0,"item_purchase_floors":[8],"current_hp_per_floor":[59,59,41,41,41,41,51,51,51,23,23,23,23,0],"gold":87,"neow_bonus":"THREE_ENEMY_KILL","is_prod":false,"is_daily":false,"chose_seed":false,"campfire_upgraded":2,"win_rate":0,"timestamp":1545878540,"path_taken":["M","$","?","?","?","R","E","$","T","E","R","?","M","E"],"build_version":"2018-12-20","purchased_purges":1,"victory":false,"max_hp_per_floor":[66,66,66,66,66,66,76,76,76,76,76,76,76,76],"card_choices":[{"not_picked":["Cloak And Dagger","Flechettes"],"picked":"Poisoned Stab","floor":1},{"not_picked":["Accuracy","Underhanded Strike"],"picked":"Footwork","floor":5},{"not_picked":["Phantasmal Killer","Backflip"],"picked":"PiercingWail","floor":7},{"not_picked":["Cloak And Dagger","Tactician"],"picked":"Bouncing Flask","floor":10},{"not_picked":["Slice","Blade Dance","Prepared"],"picked":"SKIP","floor":13}],"player_experience":1738991,"relics_obtained":[{"floor":7,"key":"Pear"},{"floor":10,"key":"Dream Catcher"}],"event_choices":[{"damage_healed":0,"gold_gain":0,"player_choice":"Success","damage_taken":18,"relics_obtained":["War Paint"],"max_hp_gain":0,"max_hp_loss":0,"event_name":"Scrap Ooze","floor":3,"gold_loss":0},{"damage_healed":0,"gold_gain":0,"player_choice":"Upgraded","damage_taken":0,"max_hp_gain":0,"max_hp_loss":0,"event_name":"Upgrade Shrine","floor":4,"gold_loss":0,"cards_upgraded":["Poisoned Stab"]},{"damage_healed":0,"gold_gain":0,"player_choice":"Forge","damage_taken":0,"max_hp_gain":0,"max_hp_loss":0,"event_name":"Accursed Blacksmith","floor":12,"gold_loss":0,"cards_upgraded":["Dodge and Roll"]}],"is_beta":false,"boss_relics":[],"items_purged_floors":[2],"is_endless":false,"potions_floor_spawned":[5,13],"killed_by":"3 Sentries","ascension_level":20}