{"gold_per_floor":[111,130,130,143,157,183,183,193,216,216,230,230,259,282,294,407,419,441,453,52,52,71,71,104,121,147,147,180,180,196,196,196,196],"floor_reached":33,"playtime":3649,"items_purged":["Strike_B"],"score":426,"play_id":"1f837aa7-4234-491f-8277-0e8f03c0e5d1","local_time":"20190226151600","is_ascension_mode":true,"campfire_choices":[{"data":"Zap","floor":7.0,"key":"SMITH"},{"data":"Glacier","floor":10.0,"key":"SMITH"},{"floor":12.0,"key":"REST"},{"data":"Coolheaded","floor":15.0,"key":"SMITH"},{"data":"Ghostly","floor":23,"key":"SMITH"},{"floor":27,"key":"REST"},{"data":"Ghostly","floor":29,"key":"SMITH"},{"data":"Ghostly","floor":32,"key":"SMITH"}],"neow_cost":"NONE","seed_source_timestamp":1078557543719500,"circlet_count":0,"master_deck":["Strike_B","Strike_B","Strike_B","Defend_B","Defend_B","Defend_B","Defend_B","Zap+1","Dualcast","Ball Lightning","Darkness","Cold Snap","Static Discharge","Glacier+1","Coolheaded+1","Go for the Eyes","Creative AI","Ghostly+1","Ghostly+1","Ghostly+1","Ghostly","Ghostly+1","Reinforced Body","Multi-Cast","Coolheaded","Normality","BootSequence+1"],"special_seed":0,"relics":["Cracked Core","NeowsBlessing","Bottled Tornado","Oddly Smooth Stone","MawBank","Cursed Key","Strawberry","Lee\u0027s Waffle","Smiling Mask","Blood Vial","Pantograph"],"potions_floor_usage":[25,25,33],"damage_taken":[{"damage":0.0,"enemies":"Cultist","floor":1.0,"turns":1.0},{"damage":0.0,"enemies":"Jaw Worm","floor":2.0,"turns":1.0},{"damage":0.0,"enemies":"Small Slimes","floor":4.0,"turns":1.0},{"damage":4.0,"enemies":"Exordium Thugs","floor":5.0,"turns":4.0},{"damage":13.0,"enemies":"Lagavulin","floor":6.0,"turns":6.0},{"damage":26.0,"enemies":"Gremlin Gang","floor":8.0,"turns":5.0},{"damage":0.0,"enemies":"Exordium Wildlife","floor":11.0,"turns":3.0},{"damage":14.0,"enemies":"Gremlin Nob","floor":13.0,"turns":3.0},{"damage":6.0,"enemies":"Large Slime","floor":14.0,"turns":7.0},{"damage":28.0,"enemies":"The Guardian","floor":16.0,"turns":14.0},{"damage":12.0,"enemies":"Chosen","floor":18.0,"turns":4.0},{"damage":0,"enemies":"Spheric Guardian","floor":22,"turns":6},{"damage":11,"enemies":"Gremlin Leader","floor":24,"turns":10},{"damage":31,"enemies":"3 Cultists","floor":25,"turns":7},{"damage":1,"enemies":"Slavers","floor":28,"turns":9},{"damage":8,"enemies":"Snake Plant","floor":30,"turns":6},{"damage":68,"enemies":"Collector","floor":33,"turns":13}],"seed_played":"-5729178453793320822","potions_obtained":[{"floor":2.0,"key":"SpeedPotion"},{"floor":3.0,"key":"AttackPotion"},{"floor":3.0,"key":"AttackPotion"},{"floor":5.0,"key":"SpeedPotion"},{"floor":6.0,"key":"Regen Potion"},{"floor":8.0,"key":"SteroidPotion"},{"floor":13.0,"key":"PowerPotion"},{"floor":16.0,"key":"Fire Potion"},{"floor":18.0,"key":"Energy Potion"},{"floor":25,"key":"SpeedPotion"},{"floor":30,"key":"LiquidBronze"}],"is_trial":false,"path_per_floor":["M","M","?","M","M","E","R","M","T","R","M","R","E","M","R","B",null,"M","?","$","?","M","R","E","M","T","R","E","R","M","?","R","B"],"character_chosen":"DEFECT","items_purchased":["Strawberry","Lee\u0027s Waffle"],"campfire_rested":2,"item_purchase_floors":[20,20],"current_hp_per_floor":[68,68,68,68,64,51,51,25,25,25,25,47,33,27,27,14,60,48,37,51,51,51,51,40,9,9,24,25,25,19,19,19,0],"gold":196,"neow_bonus":"THREE_ENEMY_KILL","is_prod":false,"is_daily":false,"chose_seed":false,"campfire_upgraded":6,"win_rate":0,"timestamp":1551212160,"path_taken":["M","?","?","M","M","E","R","M","T","R","?","R","E","M","R","BOSS","M","?","$","?","M","R","E","M","T","R","E","R","?","?","R","BOSS"],"build_version":"2019-01-23","purchased_purges":1,"victory":false,"max_hp_per_floor":[75,75,75,75,75,75,75,75,75,75,75,75,75,75,75,75,75,75,37,51,51,51,51,51,51,51,51,51,51,51,51,51,51],"card_choices":[{"not_picked":["FTL","Sunder"],"picked":"Ball Lightning","floor":1.0},{"not_picked":["Steam","Consume"],"picked":"Darkness","floor":2.0},{"not_picked":["Aggregate","Stack"],"picked":"Cold Snap","floor":4.0},{"not_picked":["Recycle","Chaos"],"picked":"Static Discharge","floor":5.0},{"not_picked":["Tempest","Gash"],"picked":"Glacier","floor":6.0},{"not_picked":["Streamline","Stack","Recycle"],"picked":"SKIP","floor":8.0},{"not_picked":["Recycle","Ball Lightning"],"picked":"Coolheaded","floor":11.0},{"not_picked":["Sweeping Beam","Hello World","Beam Cell"],"picked":"SKIP","floor":13.0},{"not_picked":["Rebound","Leap"],"picked":"Go for the Eyes","floor":14.0},{"not_picked":["Amplify","Rainbow"],"picked":"Creative AI","floor":16.0},{"not_picked":["Turbo","Compile Driver","Darkness"],"picked":"SKIP","floor":18.0},{"not_picked":["Turbo","Ball Lightning"],"picked":"Reinforced Body","floor":22},{"not_picked":["Reinforced Body+1","Force Field"],"picked":"Multi-Cast","floor":24},{"not_picked":["Gash","FTL"],"picked":"Coolheaded","floor":25},{"not_picked":["Compile Driver","Streamline","Recycle"],"picked":"SKIP","floor":28},{"not_picked":["Loop","Chaos"],"picked":"BootSequence+1","floor":30}],"player_experience":301316,"relics_obtained":[{"floor":6.0,"key":"Bottled Tornado"},{"floor":9.0,"key":"Oddly Smooth Stone"},{"floor":13.0,"key":"MawBank"},{"floor":24,"key":"Smiling Mask"},{"floor":26,"key":"Blood Vial"},{"floor":28,"key":"Pantograph"}],"event_choices":[{"damage_healed":0.0,"max_hp_gain":0.0,"max_hp_loss":0.0,"gold_gain":0.0,"event_name":"Lab","player_choice":"Got Potions","floor":3.0,"gold_loss":0.0,"damage_taken":0.0},{"damage_healed":0.0,"max_hp_gain":0.0,"max_hp_loss":38.0,"gold_gain":0.0,"event_name":"Ghosts","player_choice":"Became a Ghost","floor":19.0,"gold_loss":0.0,"damage_taken":0.0,"cards_obtained":["Ghostly","Ghostly","Ghostly","Ghostly","Ghostly"]},{"damage_healed":0,"gold_gain":0,"player_choice":"Leave","damage_taken":0,"max_hp_gain":0,"max_hp_loss":0,"event_name":"FaceTrader","floor":21,"gold_loss":0},{"damage_healed":0,"gold_gain":0,"player_choice":"Forge","damage_taken":0,"max_hp_gain":0,"max_hp_loss":0,"event_name":"Accursed Blacksmith","floor":31,"gold_loss":0,"cards_upgraded":["Ghostly"]}],"is_beta":false,"boss_relics":[{"not_picked":["Philosopher\u0027s Stone","Tiny House"],"picked":"Cursed Key"}],"items_purged_floors":[20],"is_endless":false,"potions_floor_spawned":[2,5,6,8,13,16,18,25,30],"killed_by":"Collector","ascension_level":7}