{"gold_per_floor":[109,109,129,146,296,296,330,330,330,330,10,21,39,69,69,148,148,159,159,79,91,111,111,136,136,136,6,6],"floor_reached":28,"playtime":1366,"items_purged":["Doubt","Strike_B"],"score":492,"play_id":"e80b9a30-e875-4dd9-9744-75d1657c227b","local_time":"20190201152839","is_ascension_mode":true,"campfire_choices":[{"data":"Cold Snap","floor":6,"key":"SMITH"},{"data":"Consume","floor":8,"key":"SMITH"},{"data":"Defragment","floor":15,"key":"SMITH"},{"data":"Fission","floor":23,"key":"SMITH"},{"data":"Self Repair","floor":25,"key":"SMITH"}],"neow_cost":"NONE","seed_source_timestamp":1433187255346575,"circlet_count":0,"master_deck":["AscendersBane","Strike_B","Strike_B","Strike_B","Defend_B","Defend_B","Defend_B","Defend_B","Zap+1","Dualcast","Compile Driver+1","White Noise","Cold Snap+1","Consume+1","Defragment+1","Coolheaded","Genetic Algorithm","Self Repair+1","Fission+1","Genetic Algorithm","Echo Form","White Noise","Cold Snap+1"],"relics":["Cracked Core","Dodecahedron","The Courier","Tiny Chest","Bronze Scales","Centennial Puzzle","Runic Dome","Nunchaku","Bag of Preparation"],"potions_floor_usage":[16,24,24],"damage_taken":[{"damage":7,"enemies":"Jaw Worm","floor":1,"turns":4},{"damage":0,"enemies":"Cultist","floor":3,"turns":3},{"damage":0,"enemies":"Small Slimes","floor":4,"turns":2},{"damage":26,"enemies":"Gremlin Nob","floor":7,"turns":4},{"damage":1,"enemies":"Looter","floor":12,"turns":3},{"damage":9,"enemies":"Red Slaver","floor":13,"turns":3},{"damage":5,"enemies":"Lagavulin","floor":14,"turns":6},{"damage":40,"enemies":"Slime Boss","floor":16,"turns":10},{"damage":8,"enemies":"3 Byrds","floor":18,"turns":3},{"damage":10,"enemies":"Spheric Guardian","floor":21,"turns":5},{"damage":17,"enemies":"Snecko","floor":22,"turns":6},{"damage":38,"enemies":"Slavers","floor":24,"turns":5},{"damage":34,"enemies":"Gremlin Leader","floor":28,"turns":6}],"seed_played":"7775842574628541653","potions_obtained":[{"floor":1,"key":"SpeedPotion"},{"floor":7,"key":"SteroidPotion"},{"floor":12,"key":"Fire Potion"},{"floor":14,"key":"AttackPotion"},{"floor":18,"key":"Strength Potion"},{"floor":21,"key":"Block Potion"}],"is_trial":false,"path_per_floor":["M","?","M","M","?","R","E","R","T","?","$","M","M","E","R","B",null,"M","?","$","M","M","R","E","R","T","$","E"],"character_chosen":"DEFECT","items_purchased":["Defragment","Tiny Chest","Bronze Scales","Bag of Preparation"],"campfire_rested":0,"item_purchase_floors":[11,11,11,27],"current_hp_per_floor":[57,57,57,57,57,57,31,31,31,71,71,70,61,56,56,23,59,58,58,58,55,52,52,14,14,14,14,0],"gold":6,"neow_bonus":"UPGRADE_CARD","is_prod":false,"is_daily":false,"chose_seed":false,"campfire_upgraded":5,"win_rate":0,"timestamp":1549031319,"path_taken":["M","?","M","?","?","R","E","R","T","?","$","?","M","E","R","BOSS","M","?","$","M","M","R","E","R","T","?","E"],"build_version":"2019-01-23","purchased_purges":2,"victory":false,"max_hp_per_floor":[71,71,71,71,71,71,71,71,71,71,71,71,71,71,71,71,71,71,71,71,71,71,71,71,71,71,71,71],"card_choices":[{"not_picked":["Static Discharge","Streamline"],"picked":"Compile Driver","floor":1},{"not_picked":["Recycle","Melter"],"picked":"White Noise","floor":3},{"not_picked":["Gash","Rebound"],"picked":"Cold Snap","floor":4},{"not_picked":["Storm","Multi-Cast"],"picked":"Consume","floor":7},{"not_picked":["Conserve Battery","Rebound"],"picked":"Coolheaded","floor":12},{"not_picked":["Scrape","Rip and Tear"],"picked":"Genetic Algorithm","floor":13},{"not_picked":["Go for the Eyes","Beam Cell"],"picked":"Self Repair","floor":14},{"not_picked":["Rainbow","All For One"],"picked":"Fission","floor":16},{"not_picked":["Gash","Turbo"],"picked":"Genetic Algorithm","floor":18},{"not_picked":["Streamline","Hologram"],"picked":"White Noise","floor":21},{"not_picked":["Beam Cell","Turbo","Thunder Strike"],"picked":"SKIP","floor":22},{"not_picked":["Cold Snap+1","Beam Cell","Turbo"],"picked":"SKIP","floor":24},{"not_picked":["Beam Cell","Turbo"],"picked":"Cold Snap+1","floor":24}],"player_experience":1831306,"relics_obtained":[{"floor":7,"key":"Dodecahedron"},{"floor":9,"key":"The Courier"},{"floor":14,"key":"Centennial Puzzle"},{"floor":24,"key":"Nunchaku"}],"event_choices":[{"damage_healed":0,"gold_gain":0,"player_choice":"Upgraded","damage_taken":0,"max_hp_gain":0,"max_hp_loss":0,"event_name":"Upgrade Shrine","floor":2,"gold_loss":0,"cards_upgraded":["Compile Driver"]},{"damage_healed":0,"gold_gain":150,"player_choice":"AGREE","damage_taken":0,"max_hp_gain":0,"max_hp_loss":0,"event_name":"Liars Game","floor":5,"gold_loss":0,"cards_obtained":["Doubt"]},{"damage_healed":40,"gold_gain":0,"player_choice":"Full Heal","damage_taken":0,"max_hp_gain":0,"max_hp_loss":0,"event_name":"Wheel of Change","floor":10,"gold_loss":0},{"damage_healed":0,"gold_gain":0,"player_choice":"1 cards matched","damage_taken":0,"max_hp_gain":0,"max_hp_loss":0,"event_name":"Match and Keep!","floor":19,"gold_loss":0,"cards_obtained":["Echo Form"]}],"is_beta":false,"boss_relics":[{"not_picked":["Lizard Tail","Busted Crown"],"picked":"Runic Dome"}],"items_purged_floors":[11,20],"is_endless":false,"potions_floor_spawned":[1,7,12,14,18,21],"killed_by":"Gremlin Leader","ascension_level":20}