{"gold_per_floor":[109,124,124,141,66,66,96,68,68,68,83,48,48,67,67,141,141,151,66,66,66,79,79,94,109,184,201,214,214,214,114,114,114],"floor_reached":33,"playtime":1615,"items_purged":["Strike_B","Decay"],"score":519,"play_id":"cfef0075-3870-4fee-a902-e2bdd1323693","local_time":"20190205153403","is_ascension_mode":true,"campfire_choices":[{"data":"1","floor":6,"key":"LIFT"},{"data":"2","floor":10,"key":"LIFT"},{"data":"3","floor":13,"key":"LIFT"},{"data":"Ball Lightning","floor":15,"key":"SMITH"},{"data":"Beam Cell","floor":23,"key":"SMITH"},{"data":"Reinforced Body","floor":29,"key":"SMITH"},{"data":"Chaos","floor":32,"key":"SMITH"}],"neow_cost":"TEN_PERCENT_HP_LOSS","seed_source_timestamp":581076790246636,"circlet_count":0,"master_deck":["AscendersBane","Defend_B","Defend_B","Defend_B","Defend_B","Zap","Dualcast","Ball Lightning+1","Chaos+1","Glacier","Machine Learning","Sweeping Beam","Reinforced Body+1","Melter","Beam Cell+1","Machine Learning+1","Core Surge","Leap","Bite","Bite","Bite","Bite","Bite","Glacier","White Noise","Buffer+1","FTL","FTL+1"],"relics":["Cracked Core","Girya","Frozen Egg 2","Boot","Velvet Choker","Centennial Puzzle","Sundial"],"potions_floor_usage":[7,16,16,22,28,33],"damage_taken":[{"damage":2,"enemies":"Cultist","floor":1,"turns":4},{"damage":7,"enemies":"Jaw Worm","floor":2,"turns":4},{"damage":0,"enemies":"2 Louse","floor":4,"turns":3},{"damage":28,"enemies":"Gremlin Nob","floor":7,"turns":4},{"damage":1,"enemies":"2 Fungi Beasts","floor":11,"turns":3},{"damage":9,"enemies":"Red Slaver","floor":14,"turns":2},{"damage":27,"enemies":"Hexaghost","floor":16,"turns":13},{"damage":21,"enemies":"Shell Parasite","floor":18,"turns":3},{"damage":9,"enemies":"2 Thieves","floor":22,"turns":3},{"damage":16,"enemies":"Shelled Parasite and Fungi","floor":24,"turns":5},{"damage":3,"enemies":"Centurion and Healer","floor":25,"turns":4},{"damage":0,"enemies":"Snecko","floor":27,"turns":5},{"damage":0,"enemies":"Snake Plant","floor":28,"turns":4},{"damage":64,"enemies":"Champ","floor":33,"turns":8}],"seed_played":"-4271352436285482739","potions_obtained":[{"floor":2,"key":"Fire Potion"},{"floor":4,"key":"FocusPotion"},{"floor":11,"key":"EssenceOfSteel"},{"floor":21,"key":"GamblersBrew"},{"floor":21,"key":"Strength Potion"},{"floor":24,"key":"SpeedPotion"}],"is_trial":false,"path_per_floor":["M","M","?","M","$","R","E","$","T","R","M","?","R","M","R","B",null,"M","?","?","?","M","R","M","M","T","M","M","R","?","$","R","B"],"character_chosen":"DEFECT","items_purchased":["Beam Cell"],"campfire_rested":0,"item_purchase_floors":[8],"current_hp_per_floor":[62,55,55,55,55,55,27,27,27,27,26,42,42,33,33,6,50,29,29,29,29,30,30,26,33,33,39,41,41,41,41,41,0],"gold":114,"neow_bonus":"ONE_RARE_RELIC","is_prod":false,"is_daily":false,"chose_seed":false,"campfire_upgraded":4,"win_rate":0,"timestamp":1549373643,"path_taken":["M","M","?","?","$","R","E","?","T","R","M","?","R","M","R","BOSS","M","?","?","?","?","R","M","M","T","M","M","R","?","$","R","BOSS"],"build_version":"2019-01-23","purchased_purges":2,"victory":false,"max_hp_per_floor":[64,64,64,64,64,64,64,64,64,64,64,64,64,64,64,64,64,64,64,44,44,44,44,44,44,44,44,44,44,44,44,44,44],"card_choices":[{"not_picked":["Reinforced Body","Auto Shields"],"picked":"Ball Lightning","floor":1},{"not_picked":["Conserve Battery","Go for the Eyes"],"picked":"Chaos","floor":2},{"not_picked":["Chaos","Gash"],"picked":"Reinforced Body","floor":4},{"not_picked":["Turbo","Reinforced Body"],"picked":"Melter","floor":7},{"not_picked":["Redo","Conserve Battery","Hologram"],"picked":"SKIP","floor":11},{"not_picked":["Tempest","Streamline"],"picked":"Machine Learning+1","floor":14},{"not_picked":["Reboot","Machine Learning+1"],"picked":"Core Surge","floor":16},{"not_picked":["Gash","Redo"],"picked":"Leap","floor":18},{"not_picked":["Chaos","Sunder"],"picked":"Glacier","floor":22},{"not_picked":["Sweeping Beam","Compile Driver"],"picked":"White Noise","floor":24},{"not_picked":["Capacitor+1","Streamline"],"picked":"Buffer+1","floor":25},{"not_picked":["Leap+1","Rebound"],"picked":"FTL","floor":27},{"not_picked":["Conserve Battery","Leap"],"picked":"FTL+1","floor":28}],"player_experience":1522536,"relics_obtained":[{"floor":7,"key":"Frozen Egg 2"},{"floor":9,"key":"Boot"},{"floor":26,"key":"Sundial"}],"event_choices":[{"damage_healed":0,"gold_gain":0,"player_choice":"3 cards matched","damage_taken":0,"max_hp_gain":0,"max_hp_loss":0,"event_name":"Match and Keep!","floor":3,"gold_loss":0,"cards_obtained":["Glacier","Machine Learning","Sweeping Beam"]},{"damage_healed":16,"gold_gain":0,"player_choice":"Healed","damage_taken":0,"max_hp_gain":0,"max_hp_loss":0,"event_name":"The Cleric","floor":12,"gold_loss":35},{"damage_healed":0,"gold_gain":0,"player_choice":"Obtained Relic","damage_taken":0,"relics_obtained":["Centennial Puzzle"],"max_hp_gain":0,"max_hp_loss":0,"event_name":"Addict","floor":19,"gold_loss":85},{"damage_healed":0,"gold_gain":0,"player_choice":"Became a vampire","damage_taken":0,"max_hp_gain":0,"max_hp_loss":20,"event_name":"Vampires","floor":20,"gold_loss":0,"cards_obtained":["Bite","Bite","Bite","Bite","Bite"]},{"damage_healed":0,"gold_gain":0,"player_choice":"Got Potions","damage_taken":0,"max_hp_gain":0,"max_hp_loss":0,"event_name":"Lab","floor":21,"gold_loss":0},{"damage_healed":0,"gold_gain":0,"player_choice":"Smashed Altar","damage_taken":0,"max_hp_gain":0,"max_hp_loss":0,"event_name":"Forgotten Altar","floor":30,"gold_loss":0,"cards_obtained":["Decay"]}],"is_beta":false,"boss_relics":[{"not_picked":["Black Star","White Beast Statue"],"picked":"Velvet Choker"}],"items_purged_floors":[5,31],"is_endless":false,"potions_floor_spawned":[2,4,11,14,24,25,27],"killed_by":"Champ","ascension_level":20}