{"gold_per_floor":[117,117,267,267,80,111,129,156,156,156,175,193,193,209,209,287,287,300,300,320,320,338,338,356,356,382,382,66,96,96,126,126,126],"floor_reached":33,"playtime":1263,"items_purged":["Doubt","Strike_G"],"score":736,"play_id":"2ba47686-f97a-46d4-b32e-c08d655dab24","local_time":"20190122132405","is_ascension_mode":true,"campfire_choices":[{"data":"Bouncing Flask","floor":10,"key":"SMITH"},{"data":"Deadly Poison","floor":13,"key":"SMITH"},{"data":"Deadly Poison","floor":15,"key":"SMITH"},{"data":"Neutralize","floor":23,"key":"SMITH"},{"data":"Well Laid Plans","floor":25,"key":"SMITH"},{"data":"Die Die Die","floor":32,"key":"SMITH"}],"neow_cost":"NONE","seed_source_timestamp":561677810020644,"circlet_count":0,"master_deck":["AscendersBane","Defend_G","Defend_G","Defend_G","Defend_G","Defend_G","Strike_G","Strike_G","Survivor","Neutralize+1","Bouncing Flask+1","Die Die Die+1","Well Laid Plans+1","Deadly Poison+1","PiercingWail","Deadly Poison+1","Dagger Spray+1","Wraith Form v2+1","Endless Agony+1","PiercingWail","Dash+1","Grand Finale+1"],"relics":["Ring of the Snake","NeowsBlessing","Molten Egg 2","Gremlin Horn","Kunai","Snecko Eye","Paper Crane","Bag of Marbles","TwistedFunnel","Letter Opener","Oddly Smooth Stone"],"potions_floor_usage":[8],"damage_taken":[{"damage":0,"enemies":"2 Louse","floor":1,"turns":1},{"damage":0,"enemies":"Lagavulin","floor":6,"turns":1},{"damage":0,"enemies":"Cultist","floor":7,"turns":1},{"damage":0,"enemies":"Gremlin Nob","floor":8,"turns":3},{"damage":0,"enemies":"Small Slimes","floor":11,"turns":3},{"damage":0,"enemies":"Blue Slaver","floor":12,"turns":3},{"damage":1,"enemies":"Exordium Thugs","floor":14,"turns":4},{"damage":2,"enemies":"The Guardian","floor":16,"turns":9},{"damage":0,"enemies":"Chosen","floor":18,"turns":4},{"damage":20,"enemies":"2 Thieves","floor":20,"turns":4},{"damage":2,"enemies":"Sentry and Sphere","floor":22,"turns":3},{"damage":0,"enemies":"Cultist and Chosen","floor":24,"turns":6},{"damage":0,"enemies":"Gremlin Leader","floor":29,"turns":4},{"damage":1,"enemies":"Book of Stabbing","floor":31,"turns":5},{"damage":56,"enemies":"Champ","floor":33,"turns":12}],"seed_played":"-5858808716756192436","potions_obtained":[{"floor":7,"key":"Strength Potion"},{"floor":8,"key":"GamblersBrew"},{"floor":12,"key":"Strength Potion"},{"floor":31,"key":"Explosive Potion"}],"is_trial":false,"path_per_floor":["M","?","?","?","$","E","M","E","T","R","M","M","R","M","R","B",null,"M","T","M","?","M","R","M","R","T","?","$","E","?","E","R","B"],"character_chosen":"THE_SILENT","items_purchased":["Deadly Poison","Fire Potion","TwistedFunnel"],"campfire_rested":0,"item_purchase_floors":[5,5,28],"current_hp_per_floor":[59,52,52,52,52,52,52,52,52,52,52,52,52,51,51,49,62,62,62,42,42,40,40,40,40,40,40,40,40,40,39,39,0],"gold":126,"neow_bonus":"THREE_ENEMY_KILL","is_prod":false,"is_daily":false,"chose_seed":false,"campfire_upgraded":6,"win_rate":0,"timestamp":1548159845,"path_taken":["M","?","?","?","$","E","M","E","T","R","M","M","R","M","R","BOSS","M","?","M","?","M","R","?","R","T","?","$","E","?","E","R","BOSS"],"build_version":"2019-01-17v2","purchased_purges":2,"victory":false,"max_hp_per_floor":[66,66,66,66,66,66,66,66,66,66,66,66,66,66,66,66,66,66,66,66,66,66,66,66,66,66,66,66,66,66,66,66,66],"card_choices":[{"not_picked":["PiercingWail","Slice"],"picked":"Bouncing Flask","floor":1},{"not_picked":["Bullet Time","Underhanded Strike"],"picked":"PiercingWail","floor":6},{"not_picked":["Sucker Punch+1","Prepared","Finisher+1"],"picked":"SKIP","floor":7},{"not_picked":["Deflect","Masterful Stab+1","Dagger Throw+1"],"picked":"SKIP","floor":8},{"not_picked":["Poisoned Stab+1","Flying Knee+1"],"picked":"Deadly Poison","floor":11},{"not_picked":["Riddle With Holes+1","Accuracy","Bane+1"],"picked":"SKIP","floor":12},{"not_picked":["Underhanded Strike+1","Blade Dance"],"picked":"Dagger Spray+1","floor":14},{"not_picked":["Phantasmal Killer","Unload+1"],"picked":"Wraith Form v2","floor":16},{"not_picked":["All Out Attack+1","Quick Slash+1","Blur"],"picked":"SKIP","floor":18},{"not_picked":["Dagger Throw+1","Flying Knee+1"],"picked":"Endless Agony+1","floor":20},{"not_picked":["Poisoned Stab+1","Underhanded Strike+1"],"picked":"PiercingWail","floor":22},{"not_picked":["Setup","Bane+1"],"picked":"Dash+1","floor":24},{"not_picked":["Acrobatics","Distraction","Quick Slash+1"],"picked":"SKIP","floor":29},{"not_picked":["Prepared","Underhanded Strike+1","Tactician"],"picked":"SKIP","floor":31}],"player_experience":1807439,"relics_obtained":[{"floor":6,"key":"Molten Egg 2"},{"floor":8,"key":"Gremlin Horn"},{"floor":9,"key":"Kunai"},{"floor":19,"key":"Paper Crane"},{"floor":26,"key":"Bag of Marbles"},{"floor":29,"key":"Letter Opener"},{"floor":31,"key":"Oddly Smooth Stone"}],"event_choices":[{"cards_removed":["Strike_G"],"damage_healed":0,"gold_gain":0,"player_choice":"Card Removal","damage_taken":7,"max_hp_gain":0,"max_hp_loss":0,"event_name":"Golden Wing","floor":2,"gold_loss":0},{"damage_healed":0,"gold_gain":150,"player_choice":"AGREE","damage_taken":0,"max_hp_gain":0,"max_hp_loss":0,"event_name":"Liars Game","floor":3,"gold_loss":0,"cards_obtained":["Doubt"]},{"damage_healed":0,"gold_gain":0,"player_choice":"2 cards matched","damage_taken":0,"max_hp_gain":0,"max_hp_loss":0,"event_name":"Match and Keep!","floor":4,"gold_loss":0,"cards_obtained":["Die Die Die","Well Laid Plans"]},{"damage_healed":0,"gold_gain":0,"player_choice":"Upgraded","damage_taken":0,"max_hp_gain":0,"max_hp_loss":0,"event_name":"Upgrade Shrine","floor":21,"gold_loss":0,"cards_upgraded":["Wraith Form v2"]},{"damage_healed":0,"gold_gain":0,"player_choice":"Ignored","damage_taken":0,"max_hp_gain":0,"max_hp_loss":0,"event_name":"The Mausoleum","floor":27,"gold_loss":0},{"damage_healed":0,"gold_gain":0,"cards_transformed":["Strike_G"],"player_choice":"Transformed","damage_taken":0,"max_hp_gain":0,"max_hp_loss":0,"event_name":"Transmorgrifier","floor":30,"gold_loss":0,"cards_obtained":["Grand Finale"]}],"is_beta":false,"boss_relics":[{"not_picked":["Ectoplasm","Velvet Choker"],"picked":"Snecko Eye"}],"items_purged_floors":[5,28],"is_endless":false,"potions_floor_spawned":[7,8,12,14,16,22,31],"killed_by":"Champ","ascension_level":20}