{"gold_per_floor":[113,12,28,46,60,95,95,126,149,184,184,206,206,206,206,283,283,302,30,30,300,310,335,335,363,363,383,383,417,430,465,465,538,588,600,614,629,639,658,658,683,695,695,748,748,761,775,808,808,808],"floor_reached":50,"playtime":3448,"items_purged":["Strike_R","Strike_R"],"score":1229,"play_id":"da382b25-256b-4e11-84b0-f267c24f55f7","local_time":"20190128204651","is_ascension_mode":true,"campfire_choices":[{"data":"Bash","floor":7,"key":"SMITH"},{"data":"True Grit","floor":11,"key":"SMITH"},{"data":"Carnage","floor":13,"key":"SMITH"},{"data":"Power Through","floor":15,"key":"SMITH"},{"data":"Demon Form","floor":24,"key":"SMITH"},{"data":"Shrug It Off","floor":28,"key":"SMITH"},{"data":"True Grit","floor":32,"key":"SMITH"},{"data":"Limit Break","floor":40,"key":"SMITH"},{"floor":49,"key":"RECALL"}],"neow_cost":"NONE","seed_source_timestamp":1104544761964566,"circlet_count":0,"master_deck":["AscendersBane","Strike_R+1","Strike_R+1","Defend_R","Defend_R","Defend_R","Defend_R","Bash+1","Anger","Anger+1","Reaper","True Grit+1","Power Through+1","Limit Break+1","Carnage+1","Offering","Pommel Strike+1","Demon Form+1","Shrug It Off+1","Battle Trance","True Grit+1","Shrug It Off","Havoc+1","Offering","True Grit+1","Shrug It Off+1","Shockwave","Heavy Blade+1"],"relics":["Burning Blood","Ancient Tea Set","Meat on the Bone","Whetstone","Blood Vial","Boot","Odd Mushroom","Velvet Choker","Vajra","Potion Belt","Red Skull","StoneCalendar","Mummified Hand","Bag of Preparation","Tiny House","Ornamental Fan","Dead Branch","Frozen Egg 2"],"potions_floor_usage":[6,10,23,25,50,50,50,50,50],"damage_taken":[{"damage":5,"enemies":"Small Slimes","floor":1,"turns":4},{"damage":4,"enemies":"Jaw Worm","floor":3,"turns":4},{"damage":6,"enemies":"Cultist","floor":4,"turns":3},{"damage":28,"enemies":"Lots of Slimes","floor":5,"turns":6},{"damage":33,"enemies":"3 Sentries","floor":6,"turns":9},{"damage":40,"enemies":"Lagavulin","floor":8,"turns":8},{"damage":31,"enemies":"3 Sentries","floor":10,"turns":9},{"damage":14,"enemies":"The Mushroom Lair","floor":12,"turns":5},{"damage":56,"enemies":"Slime Boss","floor":16,"turns":10},{"damage":35,"enemies":"Shell Parasite","floor":18,"turns":5},{"damage":6,"enemies":"Spheric Guardian","floor":22,"turns":3},{"damage":53,"enemies":"Slavers","floor":23,"turns":6},{"damage":10,"enemies":"Book of Stabbing","floor":25,"turns":4},{"damage":15,"enemies":"3 Cultists","floor":27,"turns":4},{"damage":11,"enemies":"Gremlin Leader","floor":29,"turns":6},{"damage":9,"enemies":"Cultist and Chosen","floor":30,"turns":5},{"damage":41,"enemies":"Slavers","floor":31,"turns":6},{"damage":68,"enemies":"Automaton","floor":33,"turns":7},{"damage":26,"enemies":"3 Shapes","floor":35,"turns":7},{"damage":14,"enemies":"Orb Walker","floor":36,"turns":3},{"damage":38,"enemies":"Writhing Mass","floor":37,"turns":10},{"damage":33,"enemies":"Maw","floor":38,"turns":7},{"damage":19,"enemies":"Jaw Worm Horde","floor":39,"turns":5},{"damage":56,"enemies":"Nemesis","floor":41,"turns":7},{"damage":8,"enemies":"Sphere and 2 Shapes","floor":42,"turns":7},{"damage":62,"enemies":"2 Orb Walkers","floor":44,"turns":6},{"damage":25,"enemies":"3 Darklings","floor":46,"turns":6},{"damage":17,"enemies":"4 Shapes","floor":47,"turns":6},{"damage":58,"enemies":"Giant Head","floor":48,"turns":7},{"damage":90,"enemies":"Donu and Deca","floor":50,"turns":5}],"seed_played":"-7628422967419892175","potions_obtained":[{"floor":1,"key":"SkillPotion"},{"floor":8,"key":"SkillPotion"},{"floor":10,"key":"Regen Potion"},{"floor":16,"key":"Block Potion"},{"floor":27,"key":"EssenceOfSteel"},{"floor":29,"key":"Dexterity Potion"},{"floor":31,"key":"FearPotion"},{"floor":33,"key":"Ancient Potion"},{"floor":34,"key":"EntropicBrew"},{"floor":36,"key":"SpeedPotion"},{"floor":38,"key":"Ancient Potion"}],"is_trial":false,"path_per_floor":["M","$","M","M","M","E","R","E","T","E","R","?","R","?","R","B",null,"M","$","?","?","M","E","R","E","T","M","R","E","M","E","R","B",null,"M","M","M","M","M","R","E","M","T","?","?","M","M","E","R","B"],"character_chosen":"IRONCLAD","items_purchased":["Anger","Vajra"],"campfire_rested":0,"item_purchase_floors":[2,19],"current_hp_per_floor":[69,69,71,71,61,46,46,30,30,31,31,53,53,53,53,22,62,52,52,52,24,38,30,30,46,46,72,72,75,75,66,66,42,72,54,54,48,56,66,66,54,72,72,30,26,71,80,80,80,0],"gold":808,"neow_bonus":"RANDOM_COMMON_RELIC","is_prod":false,"is_daily":false,"chose_seed":false,"campfire_upgraded":8,"win_rate":0,"timestamp":1548704811,"path_taken":["M","$","M","M","M","E","R","E","T","E","R","?","R","?","R","BOSS","M","$","?","?","?","E","R","E","T","?","R","E","M","E","R","BOSS","M","M","M","M","M","R","E","M","T","?","?","M","M","E","R","BOSS"],"build_version":"2019-01-23","purchased_purges":2,"victory":false,"max_hp_per_floor":[75,75,75,75,75,75,75,75,75,75,75,75,75,75,75,75,75,75,75,75,75,75,75,75,75,75,75,75,75,75,75,75,75,80,80,80,80,80,80,80,80,80,80,80,80,80,80,80,80,80],"card_choices":[{"not_picked":["Ghostly Armor","Shrug It Off"],"picked":"Anger","floor":1},{"not_picked":["Havoc","Clothesline"],"picked":"Reaper","floor":3},{"not_picked":["Warcry","Corruption","Perfected Strike"],"picked":"SKIP","floor":4},{"not_picked":["Sentinel","Entrench"],"picked":"True Grit","floor":5},{"not_picked":["Intimidate","Sentinel","Rupture"],"picked":"SKIP","floor":6},{"not_picked":["Blood for Blood","Heavy Blade"],"picked":"Power Through","floor":8},{"not_picked":["Bloodletting","Metallicize"],"picked":"Limit Break","floor":10},{"not_picked":["True Grit","Anger"],"picked":"Carnage","floor":12},{"not_picked":["Double Tap","Exhume"],"picked":"Offering","floor":16},{"not_picked":["Havoc","Intimidate"],"picked":"Pommel Strike+1","floor":18},{"not_picked":["Twin Strike","Wild Strike"],"picked":"Demon Form","floor":22},{"not_picked":["Sword Boomerang","Cleave","Sentinel"],"picked":"SKIP","floor":23},{"not_picked":["Clothesline","Hemokinesis","Perfected Strike"],"picked":"SKIP","floor":25},{"not_picked":["Heavy Blade","Body Slam"],"picked":"Shrug It Off","floor":27},{"not_picked":["Metallicize+1","Inflame"],"picked":"Battle Trance","floor":29},{"not_picked":["Anger","Cleave","Headbutt"],"picked":"SKIP","floor":30},{"not_picked":["Dropkick+1","Fire Breathing"],"picked":"True Grit","floor":31},{"not_picked":["Combust","Ghostly Armor+1"],"picked":"Shrug It Off","floor":35},{"not_picked":["Twin Strike","Bloodletting"],"picked":"Havoc+1","floor":36},{"not_picked":["Cleave+1","Armaments"],"picked":"Offering","floor":37},{"not_picked":["Blood for Blood","Seeing Red"],"picked":"True Grit+1","floor":38},{"not_picked":["Armaments","Warcry+1","Perfected Strike"],"picked":"SKIP","floor":39},{"not_picked":["Heavy Blade","Thunderclap"],"picked":"Shrug It Off+1","floor":41},{"not_picked":["Iron Wave","Warcry","Clothesline"],"picked":"SKIP","floor":42},{"not_picked":["Body Slam","Berserk"],"picked":"Shockwave","floor":46},{"not_picked":["Seeing Red","Rupture","Fire Breathing"],"picked":"SKIP","floor":47},{"not_picked":["Perfected Strike","Second Wind"],"picked":"Heavy Blade+1","floor":48}],"player_experience":1816585,"relics_obtained":[{"floor":6,"key":"Meat on the Bone"},{"floor":8,"key":"Whetstone"},{"floor":9,"key":"Blood Vial"},{"floor":10,"key":"Boot"},{"floor":12,"key":"Odd Mushroom"},{"floor":23,"key":"Potion Belt"},{"floor":25,"key":"Red Skull"},{"floor":26,"key":"StoneCalendar"},{"floor":29,"key":"Mummified Hand"},{"floor":31,"key":"Bag of Preparation"},{"floor":41,"key":"Ornamental Fan"},{"floor":44,"key":"Dead Branch"},{"floor":48,"key":"Frozen Egg 2"}],"event_choices":[{"damage_healed":0,"gold_gain":0,"player_choice":"Fought Mushrooms","damage_taken":0,"max_hp_gain":0,"max_hp_loss":0,"event_name":"Mushrooms","floor":12,"gold_loss":0},{"cards_removed":["Strike_R"],"damage_healed":0,"gold_gain":0,"player_choice":"Forget","damage_taken":0,"max_hp_gain":0,"max_hp_loss":0,"event_name":"Living Wall","floor":14,"gold_loss":0},{"damage_healed":0,"gold_gain":0,"player_choice":"Ignored","damage_taken":0,"max_hp_gain":0,"max_hp_loss":0,"event_name":"Vampires","floor":20,"gold_loss":0},{"damage_healed":0,"gold_gain":270,"player_choice":"GOLD GOLD GOLD ","damage_taken":28,"max_hp_gain":0,"max_hp_loss":0,"event_name":"Knowing Skull","floor":21,"potions_obtained":[],"gold_loss":0,"cards_obtained":[]},{"damage_healed":0,"gold_gain":0,"player_choice":"Fight","damage_taken":0,"max_hp_gain":0,"max_hp_loss":0,"event_name":"Mysterious Sphere","floor":44,"gold_loss":0},{"damage_healed":0,"gold_gain":0,"player_choice":"Bought 0 Potions","damage_taken":0,"max_hp_gain":0,"max_hp_loss":0,"event_name":"The Woman in Blue","floor":45,"gold_loss":0}],"is_beta":false,"boss_relics":[{"not_picked":["Black Star","Runic Dome"],"picked":"Velvet Choker"},{"not_picked":["Pandora\u0027s Box","Calling Bell"],"picked":"Tiny House"}],"items_purged_floors":[2,19],"is_endless":false,"potions_floor_spawned":[1,8,10,16,22,27,29,31,33,36,38,42,47],"killed_by":"Donu and Deca","ascension_level":20}