{"gold_per_floor":[111,36,46,46,46,78,78,95,95,126,136,96,96,124,124,197,197,214,414,61,61,72,105,125,125,125,144,177,177,227,255,255,327,327,340,340,356,371,383,417,417,417,443,475,435,460,479,496,496,496,496,496,496,23,56,56],"floor_reached":57,"playtime":5596,"items_purged":["Strike_G"],"score":2936,"play_id":"e6029bb8-1d30-4368-a343-c7eac60d8ba0","local_time":"20190225223139","is_ascension_mode":true,"campfire_choices":[{"data":"Bouncing Flask","floor":7,"key":"SMITH"},{"data":"Dagger Spray","floor":15,"key":"SMITH"},{"floor":25,"key":"REST"},{"data":"After Image","floor":29,"key":"SMITH"},{"data":"Neutralize","floor":32,"key":"SMITH"},{"floor":41,"key":"RECALL"},{"data":"Catalyst","floor":49,"key":"SMITH"},{"floor":53,"key":"REST"}],"neow_cost":"NONE","seed_source_timestamp":775945814331107,"circlet_count":0,"master_deck":["AscendersBane","Defend_G","Defend_G","Defend_G","Defend_G","Defend_G","Strike_G","Strike_G","Survivor","Neutralize+1","Bouncing Flask+1","Escape Plan","Crippling Poison","Dagger Spray+1","After Image+1","Caltrops","Apotheosis+1","Acrobatics+1","Well Laid Plans","Night Terror","Deflect","Night Terror","Escape Plan","Leg Sweep+1","Deflect","Bullet Time","Bouncing Flask+1","Catalyst+1"],"relics":["Ring of the Serpent","NeowsBlessing","Meat on the Bone","Dodecahedron","Orichalcum","Oddly Smooth Stone","Dead Branch","Art of War","Centennial Puzzle","Mummified Hand","Mango","Runic Pyramid","Blood Vial","Potion Belt","Omamori","Blue Candle","Pear","Mercury Hourglass"],"potions_floor_usage":[39,51,51,51,51,51,55,56,56,56],"damage_taken":[{"damage":0,"enemies":"Small Slimes","floor":1,"turns":1},{"damage":0,"enemies":"2 Louse","floor":3,"turns":1},{"damage":0,"enemies":"Gremlin Nob","floor":6,"turns":1},{"damage":1,"enemies":"Cultist","floor":8,"turns":4},{"damage":12,"enemies":"Lagavulin","floor":10,"turns":6},{"damage":1,"enemies":"3 Louse","floor":11,"turns":4},{"damage":0,"enemies":"Looter","floor":12,"turns":4},{"damage":17,"enemies":"3 Sentries","floor":14,"turns":18},{"damage":27,"enemies":"Slime Boss","floor":16,"turns":14},{"damage":16,"enemies":"Shell Parasite","floor":18,"turns":5},{"damage":11,"enemies":"3 Byrds","floor":22,"turns":5},{"damage":37,"enemies":"Gremlin Leader","floor":23,"turns":8},{"damage":16,"enemies":"Shelled Parasite and Fungi","floor":24,"turns":7},{"damage":15,"enemies":"Snake Plant","floor":27,"turns":5},{"damage":14,"enemies":"Book of Stabbing","floor":28,"turns":6},{"damage":8,"enemies":"Gremlin Leader","floor":31,"turns":8},{"damage":28,"enemies":"Champ","floor":33,"turns":15},{"damage":20,"enemies":"3 Shapes","floor":35,"turns":4},{"damage":4,"enemies":"Orb Walker","floor":37,"turns":3},{"damage":33,"enemies":"Transient","floor":38,"turns":6},{"damage":9,"enemies":"4 Shapes","floor":39,"turns":5},{"damage":5,"enemies":"Giant Head","floor":40,"turns":12},{"damage":5,"enemies":"Nemesis","floor":44,"turns":12},{"damage":29,"enemies":"Giant Head","floor":46,"turns":13},{"damage":2,"enemies":"3 Darklings","floor":47,"turns":5},{"damage":4,"enemies":"Jaw Worm Horde","floor":48,"turns":3},{"damage":15,"enemies":"Time Eater","floor":50,"turns":16},{"damage":60,"enemies":"Awakened One","floor":51,"turns":11},{"damage":14,"enemies":"Shield and Spear","floor":55,"turns":7},{"damage":25,"enemies":"The Heart","floor":56,"turns":9}],"seed_played":"6327844526209662115","potions_obtained":[{"floor":1,"key":"SkillPotion"},{"floor":8,"key":"LiquidBronze"},{"floor":27,"key":"PowerPotion"},{"floor":36,"key":"EntropicBrew"},{"floor":39,"key":"Explosive Potion"},{"floor":45,"key":"FairyPotion"},{"floor":45,"key":"LiquidBronze"},{"floor":46,"key":"Block Potion"},{"floor":48,"key":"SkillPotion"}],"is_trial":false,"path_per_floor":["M","?","M","?","?","E","R","M","T","E","M","M","?","E","R","B",null,"M","?","$","?","M","E","M","R","T","M","E","R","?","E","R","B",null,"M","?","M","M","M","E","R","?","T","E","?","E","M","M","R","B","B",null,"R","$","E","B",null],"character_chosen":"THE_SILENT","items_purchased":["Art of War","Apotheosis","Fire Potion","Dexterity Potion","Pear"],"campfire_rested":2,"item_purchase_floors":[20,20,54,54,54],"current_hp_per_floor":[59,59,59,59,59,59,59,58,58,46,45,45,50,45,45,30,61,45,45,45,45,46,21,17,38,38,35,33,33,33,51,51,35,73,53,53,49,28,31,38,38,38,38,47,47,32,44,54,54,53,20,69,85,95,81,58],"gold":56,"neow_bonus":"THREE_ENEMY_KILL","is_prod":false,"is_daily":false,"chose_seed":false,"campfire_upgraded":5,"win_rate":0,"timestamp":1551130299,"path_taken":["M","?","M","?","?","E","R","M","T","E","?","M","?","E","R","BOSS","M","?","?","?","?","E","M","R","T","M","E","R","?","E","R","BOSS","M","?","M","M","?","E","R","?","T","E","?","E","?","M","R","BOSS","BOSS","R","$","E","BOSS"],"build_version":"2019-01-23","purchased_purges":1,"victory":true,"max_hp_per_floor":[66,66,66,66,66,66,66,66,66,66,66,66,71,71,71,71,71,71,71,71,71,71,71,71,71,71,71,71,71,71,85,85,85,85,85,85,85,85,85,85,85,85,85,85,85,85,85,85,85,85,85,85,85,95,95,95],"card_choices":[{"not_picked":["Dagger Spray","Flechettes"],"picked":"Skewer","floor":1},{"not_picked":["Deflect","Backflip"],"picked":"Bouncing Flask","floor":3},{"not_picked":["Heel Hook","Underhanded Strike"],"picked":"Escape Plan","floor":6},{"not_picked":["Endless Agony","Setup","Finisher"],"picked":"SKIP","floor":8},{"not_picked":["Infinite Blades","Distraction","Bane"],"picked":"SKIP","floor":10},{"not_picked":["Masterful Stab","Endless Agony"],"picked":"Crippling Poison","floor":11},{"not_picked":["Reflex","Poisoned Stab","Backstab"],"picked":"SKIP","floor":12},{"not_picked":["Slice","Deflect"],"picked":"Dagger Spray","floor":14},{"not_picked":["Phantasmal Killer","Doppelganger"],"picked":"After Image","floor":16},{"not_picked":["Dagger Spray","Flechettes"],"picked":"Caltrops","floor":18},{"not_picked":["Acrobatics","Heel Hook","Cloak And Dagger"],"picked":"SKIP","floor":22},{"not_picked":["Sucker Punch","Concentrate"],"picked":"Acrobatics+1","floor":23},{"not_picked":["PiercingWail","Underhanded Strike"],"picked":"Well Laid Plans","floor":24},{"not_picked":["Escape Plan","Flying Knee"],"picked":"Night Terror","floor":27},{"not_picked":["Terror","Outmaneuver"],"picked":"Deflect","floor":28},{"not_picked":["Quick Slash","Glass Knife","Terror"],"picked":"SKIP","floor":31},{"not_picked":["Grand Finale","Venomology"],"picked":"Night Terror","floor":33},{"not_picked":["Cloak And Dagger+1","Poisoned Stab"],"picked":"Escape Plan","floor":35},{"not_picked":["Heel Hook","Acrobatics"],"picked":"Leg Sweep+1","floor":37},{"not_picked":["Acrobatics","Poisoned Stab"],"picked":"Deflect","floor":38},{"not_picked":["Slice","Distraction+1"],"picked":"Bullet Time","floor":39},{"not_picked":["Dash","Finisher"],"picked":"Bouncing Flask+1","floor":40},{"not_picked":["Blade Dance","Slice","Setup"],"picked":"SKIP","floor":44},{"not_picked":["Acrobatics","Backflip","Heel Hook+1"],"picked":"SKIP","floor":46},{"not_picked":["Dodge and Roll","Cloak And Dagger"],"picked":"Catalyst","floor":47},{"not_picked":["Choke","Masterful Stab","Backstab"],"picked":"SKIP","floor":48},{"not_picked":["Dodge and Roll","Backstab+1","Crippling Poison"],"picked":"SKIP","floor":55}],"player_experience":1932869,"relics_obtained":[{"floor":6,"key":"Dodecahedron"},{"floor":9,"key":"Orichalcum"},{"floor":10,"key":"Oddly Smooth Stone"},{"floor":14,"key":"Dead Branch"},{"floor":23,"key":"Centennial Puzzle"},{"floor":28,"key":"Mummified Hand"},{"floor":31,"key":"Mango"},{"floor":40,"key":"Blood Vial"},{"floor":43,"key":"Potion Belt"},{"floor":44,"key":"Omamori"},{"floor":46,"key":"Blue Candle"},{"floor":55,"key":"Mercury Hourglass"}],"event_choices":[{"cards_removed":["Strike_G"],"damage_healed":0,"gold_gain":0,"player_choice":"Card Removal","damage_taken":0,"max_hp_gain":0,"max_hp_loss":0,"event_name":"The Cleric","floor":2,"gold_loss":75},{"cards_removed":["Strike_G"],"damage_healed":0,"gold_gain":0,"player_choice":"Forget","damage_taken":0,"max_hp_gain":0,"max_hp_loss":0,"event_name":"Living Wall","floor":4,"gold_loss":0},{"cards_removed":["Skewer"],"damage_healed":0,"gold_gain":0,"player_choice":"Gave Card","damage_taken":0,"relics_obtained":["Meat on the Bone"],"max_hp_gain":0,"max_hp_loss":0,"event_name":"WeMeetAgain","floor":5,"gold_loss":0},{"damage_healed":0,"gold_gain":0,"player_choice":"Donut","damage_taken":0,"max_hp_gain":5,"max_hp_loss":0,"event_name":"Big Fish","floor":13,"gold_loss":0},{"damage_healed":0,"gold_gain":250,"player_choice":"Bet on Owner","damage_taken":0,"max_hp_gain":0,"max_hp_loss":0,"event_name":"The Joust","floor":19,"gold_loss":50},{"damage_healed":0,"gold_gain":0,"player_choice":"Upgraded","damage_taken":0,"max_hp_gain":0,"max_hp_loss":0,"event_name":"Upgrade Shrine","floor":21,"gold_loss":0,"cards_upgraded":["Apotheosis"]},{"damage_healed":0,"gold_gain":50,"player_choice":"Stole From Cult","damage_taken":0,"max_hp_gain":0,"max_hp_loss":0,"event_name":"Nest","floor":30,"gold_loss":0},{"damage_healed":0,"gold_gain":0,"player_choice":"Got Potions","damage_taken":0,"max_hp_gain":0,"max_hp_loss":0,"event_name":"Lab","floor":36,"gold_loss":0},{"damage_healed":0,"gold_gain":0,"player_choice":"Ignored","damage_taken":0,"max_hp_gain":0,"max_hp_loss":0,"event_name":"The Moai Head","floor":42,"gold_loss":0},{"damage_healed":0,"gold_gain":0,"player_choice":"Bought 3 Potions","damage_taken":0,"max_hp_gain":0,"max_hp_loss":0,"event_name":"The Woman in Blue","floor":45,"gold_loss":0}],"is_beta":false,"boss_relics":[{"not_picked":["HoveringKite","Tiny House"],"picked":"Ring of the Serpent"},{"not_picked":["Busted Crown","Orrery"],"picked":"Runic Pyramid"}],"items_purged_floors":[54],"is_endless":false,"potions_floor_spawned":[1,8,11,18,22,27,31,33,35,39,40,46,48],"ascension_level":20}