{"gold_per_floor":[111,123,123,133,150,150,161,161,161,161,173,173,203,221,221,295,295,314,327,327,327],"floor_reached":21,"playtime":773,"items_purged":[],"score":357,"play_id":"917014d5-4a0e-4e4f-b379-e522b5d56908","local_time":"20180930232254","is_ascension_mode":true,"campfire_choices":[{"data":"Sweeping Beam","floor":6,"key":"SMITH"},{"data":"Conserve Battery","floor":8,"key":"SMITH"},{"data":"Ball Lightning","floor":10,"key":"SMITH"},{"data":"Ball Lightning","floor":12,"key":"SMITH"},{"data":"Conserve Battery","floor":15,"key":"SMITH"}],"neow_cost":"TEN_PERCENT_HP_LOSS","seed_source_timestamp":957978968873427,"circlet_count":0,"master_deck":["Strike_B","Strike_B","Defend_B","Defend_B","Defend_B","Defend_B","Zap","Dualcast","AscendersBane","Sweeping Beam+1","Recycle","Ball Lightning+1","Ball Lightning+1","Rainbow","Conserve Battery+1","Compile Driver","Defragment","Conserve Battery+1","Echo Form","Reinforced Body"],"relics":["Cracked Core","Bag of Marbles","Strawberry","Mummified Hand","Fusion Hammer","MutagenicStrength"],"potions_floor_usage":[11,13,13,21,21],"damage_taken":[{"damage":5,"enemies":"Small Slimes","floor":1,"turns":4},{"damage":2,"enemies":"Jaw Worm","floor":2,"turns":4},{"damage":0,"enemies":"Cultist","floor":4,"turns":2},{"damage":6,"enemies":"Looter","floor":5,"turns":2},{"damage":7,"enemies":"3 Louse","floor":7,"turns":2},{"damage":12,"enemies":"Lots of Slimes","floor":11,"turns":3},{"damage":10,"enemies":"Gremlin Nob","floor":13,"turns":4},{"damage":0,"enemies":"Blue Slaver","floor":14,"turns":3},{"damage":5,"enemies":"The Guardian","floor":16,"turns":8},{"damage":12,"enemies":"Chosen","floor":18,"turns":3},{"damage":30,"enemies":"2 Thieves","floor":19,"turns":3},{"damage":21,"enemies":"Snake Plant","floor":21,"turns":2}],"seed_played":"-8341427520266452038","potions_obtained":[{"floor":4,"key":"AttackPotion"},{"floor":5,"key":"Weak Potion"},{"floor":11,"key":"Block Potion"},{"floor":16,"key":"Regen Potion"},{"floor":18,"key":"FearPotion"}],"is_trial":false,"path_per_floor":["M","M","?","M","M","R","M","R","T","R","M","R","E","M","R","B",null,"M","M","?"],"character_chosen":"DEFECT","items_purchased":[],"campfire_rested":0,"item_purchase_floors":[],"current_hp_per_floor":[59,57,46,46,40,40,33,33,40,40,28,28,18,18,18,13,57,45,15,15,0],"gold":327,"neow_bonus":"TRANSFORM_TWO_CARDS","is_prod":false,"is_daily":false,"chose_seed":false,"campfire_upgraded":5,"win_rate":0,"timestamp":1538342574,"path_taken":["M","M","?","M","M","R","?","R","T","R","M","R","E","M","R","BOSS","M","M","?","M"],"build_version":"2018-09-27","purchased_purges":0,"victory":false,"max_hp_per_floor":[64,64,64,64,64,64,64,64,71,71,71,71,71,71,71,71,71,71,71,71,71],"card_choices":[{"not_picked":["Conserve Battery","Melter"],"picked":"Ball Lightning","floor":1},{"not_picked":["Recycle","Hologram"],"picked":"Ball Lightning","floor":2},{"not_picked":["Rip and Tear","Streamline","Coolheaded"],"picked":"SKIP","floor":4},{"not_picked":["Streamline","Redo"],"picked":"Rainbow","floor":5},{"not_picked":["Hologram","Steam"],"picked":"Conserve Battery","floor":7},{"not_picked":["Hello World","Loop"],"picked":"Compile Driver","floor":11},{"not_picked":["Steam","Reinforced Body"],"picked":"Defragment","floor":13},{"not_picked":["Blizzard","Barrage"],"picked":"Conserve Battery","floor":14},{"not_picked":["Core Surge","Reboot"],"picked":"Echo Form","floor":16},{"not_picked":["Recycle","Blizzard"],"picked":"Reinforced Body","floor":18},{"not_picked":["Turbo","Coolheaded","Reprogram"],"picked":"SKIP","floor":19}],"player_experience":1314399,"relics_obtained":[{"floor":9,"key":"Strawberry"},{"floor":13,"key":"Mummified Hand"}],"event_choices":[{"event_name":"Scrap Ooze","player_choice":"success","floor":3,"damage_taken":11},{"event_name":"Drug Dealer","player_choice":"Inject Mutagens","floor":20,"damage_taken":0}],"is_beta":false,"boss_relics":[{"not_picked":["Black Star","Runic Dome"],"picked":"Fusion Hammer"}],"items_purged_floors":[],"is_endless":false,"potions_floor_spawned":[4,5,11,16,18],"killed_by":"Snake Plant","ascension_level":19}