{"gold_per_floor":[116,127,146,159,169,228,228,262,262,262,262,279,279,311,311,382,382,397,237,237,237,254,254,281,281,281,309,320,355,355,428,428,506,506,521,521,521,571,586,586,586,618,618,628,628,28,48,80,80,80],"floor_reached":51,"playtime":2957,"items_purged":["Strike_G","Strike_G"],"score":1402,"play_id":"b5909578-66ae-4269-a4ac-585767397f30","local_time":"20180928003622","is_ascension_mode":true,"campfire_choices":[{"data":"Noxious Fumes","floor":7,"key":"SMITH"},{"floor":11,"key":"REST"},{"data":"Poisoned Stab","floor":13,"key":"SMITH"},{"data":"Sucker Punch","floor":15,"key":"SMITH"},{"data":"Caltrops","floor":23,"key":"SMITH"},{"floor":25,"key":"REST"},{"floor":30,"key":"REST"},{"data":"Leg Sweep","floor":32,"key":"SMITH"},{"floor":40,"key":"REST"},{"floor":45,"key":"REST"},{"floor":49,"key":"REST"}],"neow_cost":"","seed_source_timestamp":700963227473717,"circlet_count":0,"master_deck":["Defend_G","Defend_G+1","Defend_G","Defend_G","Defend_G","Strike_G","Strike_G","Survivor","Neutralize","AscendersBane","Sucker Punch+1","Noxious Fumes+1","Masterful Stab+1","Poisoned Stab+1","Crippling Poison","Corpse Explosion","Caltrops+1","Masterful Stab+1","Endless Agony","After Image","Crippling Poison","RitualDagger","Backstab","Writhe","Backflip+1","Calculated Gamble","Leg Sweep+1","Envenom","Dodge and Roll+1","Prepared+1","Terror+1","Bouncing Flask+1","Bane+1"],"relics":["Ring of the Snake","Tiny Chest","Letter Opener","Dead Branch","Gambling Chip","Cursed Key","MutagenicStrength","Mango","Unceasing Top","Whetstone","Pantograph","Kunai","Runic Pyramid","Torii","War Paint","Pear","HandDrill","Dodecahedron"],"potions_floor_usage":[12,14,24,50],"damage_taken":[{"damage":1,"enemies":"Small Slimes","floor":1,"turns":5},{"damage":0,"enemies":"2 Louse","floor":2,"turns":2},{"damage":4,"enemies":"Jaw Worm","floor":3,"turns":5},{"damage":0,"enemies":"Looter","floor":4,"turns":4},{"damage":8,"enemies":"Exordium Wildlife","floor":5,"turns":4},{"damage":16,"enemies":"Gremlin Nob","floor":6,"turns":5},{"damage":21,"enemies":"3 Sentries","floor":8,"turns":5},{"damage":2,"enemies":"Exordium Thugs","floor":12,"turns":4},{"damage":12,"enemies":"Lagavulin","floor":14,"turns":6},{"damage":9,"enemies":"The Guardian","floor":16,"turns":9},{"damage":7,"enemies":"2 Thieves","floor":18,"turns":3},{"damage":3,"enemies":"Shell Parasite","floor":22,"turns":5},{"damage":22,"enemies":"Gremlin Leader","floor":24,"turns":6},{"damage":5,"enemies":"Slavers","floor":27,"turns":4},{"damage":0,"enemies":"Snake Plant","floor":28,"turns":3},{"damage":13,"enemies":"Book of Stabbing","floor":29,"turns":5},{"damage":53,"enemies":"Champ","floor":33,"turns":11},{"damage":0,"enemies":"3 Shapes","floor":35,"turns":7},{"damage":8,"enemies":"Mysterious Sphere","floor":38,"turns":4},{"damage":7,"enemies":"3 Darklings","floor":39,"turns":5},{"damage":25,"enemies":"2 Orb Walkers","floor":42,"turns":2},{"damage":13,"enemies":"Maw","floor":44,"turns":8},{"damage":0,"enemies":"Transient","floor":47,"turns":6},{"damage":13,"enemies":"Giant Head","floor":48,"turns":7},{"damage":46,"enemies":"Time Eater","floor":50,"turns":10}],"seed_played":"-4403835912736089287","potions_obtained":[{"floor":2,"key":"SkillPotion"},{"floor":4,"key":"Weak Potion"},{"floor":6,"key":"GhostInAJar"},{"floor":12,"key":"Regen Potion"},{"floor":16,"key":"SteroidPotion"},{"floor":24,"key":"Fire Potion"}],"is_trial":false,"path_per_floor":["M","M","M","M","M","E","R","E","T","?","R","M","R","E","R","B",null,"M","$","?","?","M","R","E","R","T","E","M","E","R","T","R","B",null,"M","?","?","?","M","R","T","E","T","M","R","$","M","E","R","B"],"character_chosen":"THE_SILENT","items_purchased":["GhostInAJar","Pear","HandDrill"],"campfire_rested":6,"item_purchase_floors":[19,46,46],"current_hp_per_floor":[58,58,54,54,46,30,30,9,9,4,23,21,21,24,24,15,53,46,46,40,40,37,37,29,53,53,48,48,35,59,59,59,27,67,67,67,67,59,52,76,76,51,51,38,62,72,72,59,86,44],"gold":80,"neow_bonus":"","is_prod":false,"is_daily":false,"chose_seed":false,"campfire_upgraded":5,"win_rate":0,"timestamp":1538087782,"path_taken":["M","M","M","M","M","E","R","E","T","?","R","M","R","E","R","BOSS","M","$","?","?","?","R","E","R","T","E","M","E","R","?","R","BOSS","M","?","?","?","?","R","?","E","T","?","R","$","M","E","R","BOSS"],"build_version":"2018-09-20","purchased_purges":2,"victory":true,"max_hp_per_floor":[66,66,66,66,66,66,66,66,66,66,66,66,66,66,66,66,66,66,66,66,66,66,66,80,80,80,80,80,80,80,80,80,80,80,80,80,80,80,80,80,80,80,80,80,80,90,90,90,90,90],"card_choices":[{"not_picked":["Bane","Backflip"],"picked":"Sucker Punch","floor":1},{"not_picked":["Blur","Acrobatics"],"picked":"Noxious Fumes","floor":2},{"not_picked":["Underhanded Strike","Blade Dance"],"picked":"Masterful Stab","floor":3},{"not_picked":["Heel Hook","Dodge and Roll"],"picked":"Poisoned Stab","floor":4},{"not_picked":["Footwork","Sucker Punch"],"picked":"Crippling Poison","floor":5},{"not_picked":["Calculated Gamble","Setup"],"picked":"Corpse Explosion","floor":6},{"not_picked":["Setup","Dagger Spray"],"picked":"Caltrops","floor":8},{"not_picked":["Sucker Punch","Dagger Spray"],"picked":"Masterful Stab","floor":12},{"not_picked":["Blade Dance","Accuracy"],"picked":"Endless Agony","floor":14},{"not_picked":["Adrenaline","Die Die Die"],"picked":"After Image","floor":16},{"not_picked":["Flying Knee","Finisher"],"picked":"Crippling Poison","floor":18},{"not_picked":["Bane","Dodge and Roll"],"picked":"Backstab","floor":22},{"not_picked":["Blade Dance","Prepared","Sucker Punch"],"picked":"SKIP","floor":24},{"not_picked":["Underhanded Strike","Dodge and Roll"],"picked":"Backflip","floor":27},{"not_picked":["Concentrate","Finisher"],"picked":"Calculated Gamble","floor":28},{"not_picked":["Dagger Spray","Accuracy"],"picked":"Leg Sweep","floor":29},{"not_picked":["Glass Knife","Corpse Explosion"],"picked":"Envenom","floor":33},{"not_picked":["Dagger Throw","Sucker Punch"],"picked":"Dodge and Roll+1","floor":35},{"not_picked":["Expertise","Dodge and Roll"],"picked":"Prepared+1","floor":38},{"not_picked":["Deadly Poison","Escape Plan","Dagger Throw"],"picked":"SKIP","floor":39},{"not_picked":["Quick Slash","Blade Dance"],"picked":"Terror+1","floor":42},{"not_picked":["Concentrate","Endless Agony"],"picked":"Bouncing Flask+1","floor":44},{"not_picked":["Bane","PiercingWail","Blade Dance"],"picked":"SKIP","floor":47},{"not_picked":["Flying Knee","Eviscerate"],"picked":"Bane+1","floor":48}],"player_experience":1264654,"relics_obtained":[{"floor":6,"key":"Tiny Chest"},{"floor":8,"key":"Letter Opener"},{"floor":9,"key":"Dead Branch"},{"floor":14,"key":"Gambling Chip"},{"floor":24,"key":"Mango"},{"floor":26,"key":"Unceasing Top"},{"floor":27,"key":"Whetstone"},{"floor":29,"key":"Pantograph"},{"floor":31,"key":"Kunai"},{"floor":38,"key":"Torii"},{"floor":42,"key":"War Paint"},{"floor":48,"key":"Dodecahedron"}],"event_choices":[{"event_name":"Scrap Ooze","player_choice":"unsuccessful","floor":10,"damage_taken":5},{"event_name":"Nest","player_choice":"Joined the Cult","floor":20,"damage_taken":0},{"event_name":"Drug Dealer","player_choice":"Inject Mutagens","floor":21,"damage_taken":0},{"event_name":"Purifier","player_choice":"One Purge","floor":36,"damage_taken":0},{"event_name":"Falling","player_choice":"Removed Attack","floor":37,"damage_taken":0},{"event_name":"Mysterious Sphere","player_choice":"Fight","floor":38,"damage_taken":0}],"is_beta":false,"boss_relics":[{"not_picked":["Sozu","Ring of the Serpent"],"picked":"Cursed Key"},{"not_picked":["Empty Cage","Tiny House"],"picked":"Runic Pyramid"}],"items_purged_floors":[19,46],"is_endless":false,"potions_floor_spawned":[2,4,6,12,16,24,27,33,38,39,48],"ascension_level":17}