{"gold_per_floor":[116,116,129,139,214,247,247,276,322,322,339,353,386,396,396,497,497,508,524,292,292,148,148,166,166,196,213,227,241,241,257,257,257],"floor_reached":33,"playtime":1764,"items_purged":[],"score":285,"play_id":"d52167f6-3f13-4cf0-b9e2-560bb3fa31f1","local_time":"20190309075215","is_ascension_mode":true,"campfire_choices":[{"data":"Searing Blow","floor":10,"key":"SMITH"},{"data":"Searing Blow+1","floor":15,"key":"SMITH"},{"data":"Searing Blow+2","floor":23,"key":"SMITH"},{"data":"Searing Blow+3","floor":25,"key":"SMITH"},{"data":"Searing Blow+4","floor":30,"key":"SMITH"},{"data":"Searing Blow+5","floor":32,"key":"SMITH"}],"neow_cost":"NONE","seed_source_timestamp":4628446107913,"circlet_count":0,"master_deck":["Strike_R","Strike_R","Strike_R","Strike_R+1","Strike_R","Defend_R+1","Defend_R","Defend_R","Defend_R","Bash","Feel No Pain","Infernal Blade","Shrug It Off","Searing Blow+6","Flex","Inflame+1","Spot Weakness","Demon Form+1","Seeing Red","Armaments","Evolve+1","Wild Strike","Thunderclap","Flex","Metallicize+1","Flame Barrier","Dual Wield","Flex","Armaments","Sever Soul","Disarm+1"],"relics":["Burning Blood","Frozen Egg 2","Regal Pillow","Orichalcum","Boot","Orrery","PreservedInsect","Blood Vial","Tiny Chest"],"potions_floor_usage":[6,13,13,16,16,24,27,28,29,33,33],"damage_taken":[{"damage":7,"enemies":"2 Louse","floor":1,"turns":3},{"damage":4,"enemies":"Small Slimes","floor":3,"turns":3},{"damage":7,"enemies":"Cultist","floor":4,"turns":4},{"damage":8,"enemies":"3 Sentries","floor":6,"turns":6},{"damage":28,"enemies":"Gremlin Nob","floor":8,"turns":4},{"damage":5,"enemies":"2 Fungi Beasts","floor":11,"turns":3},{"damage":8,"enemies":"Exordium Thugs","floor":12,"turns":4},{"damage":17,"enemies":"Lagavulin","floor":13,"turns":6},{"damage":4,"enemies":"Red Slaver","floor":14,"turns":4},{"damage":4,"enemies":"Hexaghost","floor":16,"turns":6},{"damage":36,"enemies":"Shell Parasite","floor":18,"turns":7},{"damage":18,"enemies":"Spheric Guardian","floor":19,"turns":5},{"damage":9,"enemies":"Snake Plant","floor":24,"turns":3},{"damage":16,"enemies":"Snecko","floor":27,"turns":6},{"damage":25,"enemies":"Centurion and Healer","floor":28,"turns":8},{"damage":10,"enemies":"Chosen and Byrds","floor":29,"turns":7},{"damage":15,"enemies":"Snake Plant","floor":31,"turns":4},{"damage":25,"enemies":"Champ","floor":33,"turns":6}],"seed_played":"3976929170815445507","potions_obtained":[{"floor":1,"key":"Swift Potion"},{"floor":4,"key":"AttackPotion"},{"floor":11,"key":"PowerPotion"},{"floor":12,"key":"Block Potion"},{"floor":14,"key":"Energy Potion"},{"floor":16,"key":"SteroidPotion"},{"floor":19,"key":"Fire Potion"},{"floor":21,"key":"SkillPotion"},{"floor":24,"key":"Regen Potion"},{"floor":27,"key":"AttackPotion"},{"floor":29,"key":"SteroidPotion"}],"is_trial":false,"path_per_floor":["M","?","M","M","?","E","?","E","T","R","M","M","E","M","R","B",null,"M","M","$","?","$","R","M","R","T","M","M","M","R","M","R","B"],"character_chosen":"IRONCLAD","items_purchased":["PreservedInsect","Flame Barrier","Blood Vial"],"campfire_rested":0,"item_purchase_floors":[20,20,22],"current_hp_per_floor":[79,63,65,64,53,51,51,29,29,29,30,28,17,19,19,21,80,50,38,38,38,38,38,37,37,37,43,26,24,24,17,17,0],"gold":257,"neow_bonus":"THREE_CARDS","is_prod":false,"is_daily":false,"chose_seed":false,"campfire_upgraded":6,"win_rate":0,"timestamp":1552085535,"path_taken":["M","?","M","M","?","E","?","E","T","R","M","M","E","?","R","BOSS","M","M","$","?","?","R","M","R","T","M","M","?","R","M","R","BOSS"],"build_version":"2019-01-23","purchased_purges":0,"victory":false,"max_hp_per_floor":[80,80,80,80,80,80,80,80,80,80,80,80,80,80,80,80,80,80,80,80,80,80,80,80,80,80,80,80,80,80,80,80,80],"card_choices":[{"not_picked":["Combust","Rage"],"picked":"Feel No Pain","floor":0},{"not_picked":["Wild Strike","Hemokinesis"],"picked":"Infernal Blade","floor":1},{"not_picked":["Rage","Entrench"],"picked":"Shrug It Off","floor":3},{"not_picked":["Sword Boomerang","Double Tap"],"picked":"Searing Blow","floor":4},{"not_picked":["Power Through","Pummel","Sentinel"],"picked":"SKIP","floor":6},{"not_picked":["True Grit","Cleave"],"picked":"Flex","floor":8},{"not_picked":["Heavy Blade","True Grit","Thunderclap"],"picked":"SKIP","floor":11},{"not_picked":["Shrug It Off","Havoc","Immolate"],"picked":"SKIP","floor":12},{"not_picked":["Spot Weakness","True Grit"],"picked":"Inflame+1","floor":13},{"not_picked":["Twin Strike","Sever Soul"],"picked":"Spot Weakness","floor":14},{"not_picked":["Barricade+1","Bludgeon"],"picked":"Demon Form+1","floor":16},{"not_picked":["Entrench","Rage"],"picked":"Seeing Red","floor":17},{"not_picked":["Heavy Blade","Pommel Strike"],"picked":"Armaments","floor":17},{"not_picked":["Flex","Cleave"],"picked":"Evolve+1","floor":17},{"not_picked":["Intimidate","Perfected Strike"],"picked":"Wild Strike","floor":17},{"not_picked":["Havoc","Anger"],"picked":"Thunderclap","floor":17},{"not_picked":["Fire Breathing+1","Clash"],"picked":"Flex","floor":18},{"not_picked":["Demon Form+1","Clothesline"],"picked":"Metallicize+1","floor":19},{"not_picked":["Disarm+1","Wild Strike"],"picked":"Dual Wield","floor":24},{"not_picked":["Headbutt+1","Cleave"],"picked":"Flex","floor":27},{"not_picked":["Flex","Clothesline"],"picked":"Armaments","floor":28},{"not_picked":["Cleave+1","Metallicize+1"],"picked":"Sever Soul","floor":29},{"not_picked":["Juggernaut+1","Warcry"],"picked":"Disarm+1","floor":31}],"player_experience":241134,"relics_obtained":[{"floor":6,"key":"Frozen Egg 2"},{"floor":8,"key":"Regal Pillow"},{"floor":9,"key":"Orichalcum"},{"floor":13,"key":"Boot"},{"floor":26,"key":"Tiny Chest"}],"event_choices":[{"damage_healed":0,"gold_gain":0,"player_choice":"Entered Light","damage_taken":16,"max_hp_gain":0,"max_hp_loss":0,"event_name":"Shining Light","floor":2,"gold_loss":0,"cards_upgraded":["Defend_R","Strike_R"]},{"damage_healed":0,"gold_gain":75,"player_choice":"Gather Gold","damage_taken":11,"max_hp_gain":0,"max_hp_loss":0,"event_name":"World of Goop","floor":5,"gold_loss":0},{"damage_healed":0,"gold_gain":0,"player_choice":"Bought 0 Potions","damage_taken":0,"max_hp_gain":0,"max_hp_loss":0,"event_name":"The Woman in Blue","floor":7,"gold_loss":0},{"damage_healed":0,"gold_gain":0,"player_choice":"Got Potions","damage_taken":0,"max_hp_gain":0,"max_hp_loss":0,"event_name":"Lab","floor":21,"gold_loss":0}],"is_beta":false,"boss_relics":[{"not_picked":["Astrolabe","White Beast Statue"],"picked":"Orrery"}],"items_purged_floors":[],"is_endless":false,"potions_floor_spawned":[1,4,11,12,14,16,19,24,27,29],"killed_by":"Champ","ascension_level":1}