{"gold_per_floor":[117,117,117,136,20,20,56,56,56,70,106,125,125,141,141,239,239,260,35,50,64,64,64,82,82,112,145,163,163,163,179,179,275,275,296,296,246,21,21,21,45,45,72,95,114,114],"floor_reached":46,"playtime":2731,"items_purged":["Defend_B","Strike_B","Strike_B"],"score":1055,"play_id":"4ee0653a-8c72-49ae-b418-63dbea76225c","local_time":"20181011014840","is_ascension_mode":true,"campfire_choices":[{"data":"Loop","floor":6,"key":"SMITH"},{"floor":8,"key":"REST"},{"data":"Defragment","floor":13,"key":"SMITH"},{"data":"Undo","floor":15,"key":"SMITH"},{"data":"Doom and Gloom","floor":23,"key":"SMITH"},{"data":"Cold Snap","floor":25,"key":"SMITH"},{"floor":32,"key":"REST"},{"data":"Electrodynamics","floor":40,"key":"SMITH"}],"neow_cost":"NONE","seed_source_timestamp":42033817536562,"circlet_count":0,"master_deck":["Defend_B","Defend_B","Defend_B","Zap+1","Dualcast","AscendersBane","Coolheaded","Conserve Battery+1","Cold Snap+1","Loop+1","Doom and Gloom+1","Defragment+1","Undo+1","FTL","Fission","Deep Breath+1","White Noise","Metallicize","Secret Weapon","Electrodynamics+1","Hologram+1"],"relics":["Cracked Core","Golden Idol","Smiling Mask","Cables","War Paint","Velvet Choker","PrismaticShard","Tiny Chest","Bronze Scales","Bottled Flame","Mummified Hand","Inserter","Oddly Smooth Stone","Singing Bowl","Bag of Marbles","Happy Flower"],"potions_floor_usage":[11,14,16,27,28,44],"damage_taken":[{"damage":0,"enemies":"Jaw Worm","floor":1,"turns":5},{"damage":0,"enemies":"2 Louse","floor":4,"turns":3},{"damage":50,"enemies":"Gremlin Nob","floor":7,"turns":5},{"damage":0,"enemies":"Cultist","floor":10,"turns":3},{"damage":9,"enemies":"Gremlin Nob","floor":11,"turns":4},{"damage":7,"enemies":"Red Slaver","floor":12,"turns":3},{"damage":4,"enemies":"3 Louse","floor":14,"turns":4},{"damage":0,"enemies":"Hexaghost","floor":16,"turns":5},{"damage":11,"enemies":"Shell Parasite","floor":18,"turns":4},{"damage":1,"enemies":"Chosen","floor":20,"turns":7},{"damage":7,"enemies":"3 Cultists","floor":21,"turns":5},{"damage":5,"enemies":"Shelled Parasite and Fungi","floor":24,"turns":5},{"damage":33,"enemies":"Gremlin Leader","floor":27,"turns":5},{"damage":8,"enemies":"Snake Plant","floor":28,"turns":5},{"damage":0,"enemies":"Centurion and Healer","floor":31,"turns":6},{"damage":6,"enemies":"Champ","floor":33,"turns":8},{"damage":6,"enemies":"3 Shapes","floor":35,"turns":2},{"damage":12,"enemies":"3 Darklings","floor":41,"turns":1},{"damage":2,"enemies":"Reptomancer","floor":44,"turns":6},{"damage":34,"enemies":"Spire Growth","floor":45,"turns":5},{"damage":20,"enemies":"4 Shapes","floor":46,"turns":1}],"seed_played":"-2633261160203089527","potions_obtained":[{"floor":1,"key":"LiquidBronze"},{"floor":7,"key":"FearPotion"},{"floor":11,"key":"Weak Potion"},{"floor":14,"key":"LiquidBronze"},{"floor":18,"key":"Dexterity Potion"},{"floor":21,"key":"Regen Potion"},{"floor":33,"key":"Fire Potion"}],"is_trial":false,"path_per_floor":["M","?","?","M","$","R","E","R","T","M","?","M","R","M","R","B",null,"M","$","M","M","?","R","M","R","T","E","M","T","T","M","R","B",null,"M","?","$","$","T","R","M","T","T","M","M"],"character_chosen":"DEFECT","items_purchased":["Loop","PrismaticShard","Oddly Smooth Stone"],"campfire_rested":2,"item_purchase_floors":[5,19,38],"current_hp_per_floor":[64,57,57,57,57,57,7,26,26,26,17,10,10,6,6,6,50,39,39,38,31,64,64,59,59,59,26,32,32,32,32,51,45,59,53,53,53,53,53,53,43,43,43,43,11,0],"gold":114,"neow_bonus":"TRANSFORM_CARD","is_prod":false,"is_daily":false,"chose_seed":false,"campfire_upgraded":6,"win_rate":0,"timestamp":1539215320,"path_taken":["M","?","?","?","?","R","E","R","T","M","?","M","R","?","R","BOSS","M","$","M","M","?","R","?","R","T","E","?","?","?","M","R","BOSS","M","?","?","$","?","R","M","?","T","M","M","?"],"build_version":"2018-10-04v2","purchased_purges":3,"victory":false,"max_hp_per_floor":[71,71,64,64,64,64,64,64,64,64,64,64,64,64,64,64,64,64,64,64,64,64,64,64,64,64,64,64,64,64,64,64,64,64,64,64,64,64,64,64,66,66,66,68,70,70],"card_choices":[{"not_picked":["Rip and Tear","Steam"],"picked":"Conserve Battery","floor":1},{"not_picked":["Rebound","Coolheaded"],"picked":"Cold Snap","floor":4},{"not_picked":["Reprogram","Steam"],"picked":"Doom and Gloom","floor":7},{"not_picked":["Skim","Ball Lightning"],"picked":"Defragment","floor":10},{"not_picked":["Barrage","Creative AI"],"picked":"Undo","floor":12},{"not_picked":["Go for the Eyes","Rebound"],"picked":"FTL","floor":14},{"not_picked":["Machine Learning","Rainbow"],"picked":"Fission","floor":16},{"not_picked":["Compile Driver","Blizzard","Streamline"],"picked":"SKIP","floor":18},{"not_picked":["Spot Weakness","Quick Slash"],"picked":"Deep Breath+1","floor":20},{"not_picked":["Finesse","Pummel"],"picked":"White Noise","floor":21},{"not_picked":["Dagger Spray","Enlightenment","Sever Soul"],"picked":"SKIP","floor":24},{"not_picked":["Setup","Consume"],"picked":"Metallicize","floor":27},{"not_picked":["Dagger Spray","Wild Strike","Perfected Strike"],"picked":"SKIP","floor":28},{"not_picked":["Bane","Iron Wave"],"picked":"Secret Weapon","floor":31},{"not_picked":["Seek","Violence"],"picked":"Electrodynamics","floor":33},{"not_picked":["Prepared","Cleave"],"picked":"Hologram+1","floor":35},{"not_picked":["Conserve Battery+1","Flex","Hologram"],"picked":"Singing Bowl","floor":41},{"not_picked":["Auto Shields+1","Whirlwind","Barrage"],"picked":"Singing Bowl","floor":44},{"not_picked":["Hologram","Tempest","Intimidate"],"picked":"Singing Bowl","floor":45}],"player_experience":1413585,"relics_obtained":[{"floor":7,"key":"Smiling Mask"},{"floor":9,"key":"Cables"},{"floor":11,"key":"War Paint"},{"floor":26,"key":"Tiny Chest"},{"floor":27,"key":"Bronze Scales"},{"floor":29,"key":"Bottled Flame"},{"floor":30,"key":"Mummified Hand"},{"floor":39,"key":"Singing Bowl"},{"floor":42,"key":"Bag of Marbles"},{"floor":43,"key":"Happy Flower"}],"event_choices":[{"event_name":"Golden Wing","player_choice":"Card Removal","floor":2,"damage_taken":0},{"event_name":"Golden Idol","player_choice":"Lose Max HP","floor":3,"damage_taken":0},{"event_name":"Dead Adventurer","player_choice":"Searched \u00272\u0027 times","floor":11,"damage_taken":0},{"event_name":"Wheel of Change","player_choice":"Full Heal","floor":22,"damage_taken":0},{"event_name":"Tomb of Lord Red Mask","player_choice":"Ignored","floor":36,"damage_taken":0}],"is_beta":false,"boss_relics":[{"not_picked":["Astrolabe","White Beast Statue"],"picked":"Velvet Choker"},{"not_picked":["Calling Bell","Runic Dome"],"picked":"Inserter"}],"items_purged_floors":[5,37,38],"is_endless":false,"potions_floor_spawned":[1,7,10,11,14,18,21,33],"killed_by":"4 Shapes","ascension_level":20}