{"gold_per_floor":[118,136,156,156,167,167,199,209,209,11,11,11,11,29,29,127,127,145,125,145,162,180,210,210,64,64,93,109,109,75,92,92,92],"floor_reached":33,"playtime":1819,"items_purged":["Strike_G","Strike_G"],"score":455,"play_id":"73137499-7cbd-4285-a2bb-923eb6b88c43","local_time":"20190301232715","is_ascension_mode":true,"campfire_choices":[{"data":"Neutralize","floor":6.0,"key":"SMITH"},{"data":"Caltrops","floor":12.0,"key":"SMITH"},{"data":"Glass Knife","floor":15.0,"key":"SMITH"},{"floor":24,"key":"REST"},{"data":"Footwork","floor":29,"key":"SMITH"},{"floor":32,"key":"REST"}],"neow_cost":"NONE","seed_source_timestamp":1369071845219400,"circlet_count":0,"master_deck":["Defend_G","Defend_G","Defend_G","Defend_G","Defend_G","Strike_G","Strike_G","Strike_G","Survivor","Neutralize+1","Quick Slash","Cloak And Dagger","Deflect","Bullet Time","Neutralize","Flechettes","Terror","Dagger Spray","Caltrops+1","Poisoned Stab+1","Glass Knife+1","Die Die Die","Footwork+1","Backflip+1","Catalyst+1","Leg Sweep","PiercingWail","Dodge and Roll+1","Footwork"],"special_seed":0,"relics":["Ring of the Snake","Oddly Smooth Stone","Gremlin Horn","Snecko Eye","Potion Belt","Omamori","The Specimen"],"potions_floor_usage":[21,27,31,33],"damage_taken":[{"damage":6.0,"enemies":"Cultist","floor":1.0,"turns":6.0},{"damage":2.0,"enemies":"Small Slimes","floor":2.0,"turns":3.0},{"damage":2.0,"enemies":"2 Louse","floor":3.0,"turns":3.0},{"damage":0.0,"enemies":"Red Slaver","floor":5.0,"turns":3.0},{"damage":26.0,"enemies":"Gremlin Nob","floor":7.0,"turns":5.0},{"damage":10.0,"enemies":"Gremlin Gang","floor":8.0,"turns":5.0},{"damage":7.0,"enemies":"Blue Slaver","floor":14.0,"turns":3.0},{"damage":11.0,"enemies":"The Guardian","floor":16.0,"turns":8.0},{"damage":13,"enemies":"Shell Parasite","floor":18,"turns":3},{"damage":0,"enemies":"Spheric Guardian","floor":20,"turns":3},{"damage":3,"enemies":"Snake Plant","floor":21,"turns":3},{"damage":0,"enemies":"Snecko","floor":22,"turns":6},{"damage":44,"enemies":"Book of Stabbing","floor":23,"turns":5},{"damage":0,"enemies":"Slavers","floor":27,"turns":4},{"damage":1,"enemies":"3 Cultists","floor":28,"turns":5},{"damage":8,"enemies":"Cultist and Chosen","floor":31,"turns":8},{"damage":53,"enemies":"Champ","floor":33,"turns":11}],"seed_played":"5429707421059836710","potions_obtained":[{"floor":2.0,"key":"Swift Potion"},{"floor":3.0,"key":"SkillPotion"},{"floor":8.0,"key":"Weak Potion"},{"floor":18,"key":"EssenceOfSteel"},{"floor":19,"key":"Block Potion"},{"floor":20,"key":"Strength Potion"},{"floor":23,"key":"Swift Potion"}],"is_trial":false,"path_per_floor":["M","M","M","?","M","R","E","M","T","$","?","R","?","M","R","B",null,"M","?","M","M","M","E","R","$","T","E","M","R","$","M","R","B"],"character_chosen":"THE_SILENT","items_purchased":["Caltrops","Poisoned Stab","PiercingWail","Footwork"],"campfire_rested":2,"item_purchase_floors":[10,10,25,30],"current_hp_per_floor":[64,62,60,60,60,60,34,24,24,24,49,49,49,42,42,31,66,53,53,53,50,50,6,29,29,29,29,28,28,28,20,43,0],"gold":92,"neow_bonus":"TEN_PERCENT_HP_BONUS","is_prod":false,"is_daily":false,"chose_seed":false,"campfire_upgraded":4,"win_rate":0,"timestamp":1551500835,"path_taken":["M","?","M","?","M","R","E","M","T","?","?","R","?","M","R","BOSS","M","?","M","?","M","E","R","$","T","E","M","R","$","M","R","BOSS"],"build_version":"2019-01-23","purchased_purges":2,"victory":false,"max_hp_per_floor":[77,77,77,77,77,77,77,77,77,77,77,77,77,77,77,77,77,77,77,77,77,77,77,77,77,77,77,77,77,77,77,77,77],"card_choices":[{"not_picked":["PiercingWail","Crippling Poison"],"picked":"Quick Slash","floor":1.0},{"not_picked":["Quick Slash","Slice"],"picked":"Cloak And Dagger","floor":2.0},{"not_picked":["Skewer","Underhanded Strike"],"picked":"Deflect","floor":3.0},{"not_picked":["Prepared","Cloak And Dagger"],"picked":"Flechettes","floor":5.0},{"not_picked":["Tactician","Catalyst"],"picked":"Terror","floor":7.0},{"not_picked":["Acrobatics","Flying Knee"],"picked":"Dagger Spray","floor":8.0},{"not_picked":["Deflect","Acrobatics"],"picked":"Glass Knife","floor":14.0},{"not_picked":["Bullet Time","Unload"],"picked":"Die Die Die","floor":16.0},{"not_picked":["Catalyst","Underhanded Strike","Sucker Punch+1"],"picked":"SKIP","floor":18},{"not_picked":["All Out Attack","Catalyst+1"],"picked":"Footwork","floor":20},{"not_picked":["Prepared","Dodge and Roll"],"picked":"Backflip+1","floor":21},{"not_picked":["Escape Plan+1","Distraction+1"],"picked":"Catalyst+1","floor":22},{"not_picked":["Backstab","Blade Dance"],"picked":"Leg Sweep","floor":23},{"not_picked":["Deadly Poison","Outmaneuver"],"picked":"Dodge and Roll+1","floor":27},{"not_picked":["Distraction+1","Outmaneuver","Terror+1"],"picked":"SKIP","floor":28},{"not_picked":["Blade Dance","Expertise","Adrenaline"],"picked":"SKIP","floor":31}],"player_experience":322774,"relics_obtained":[{"floor":7.0,"key":"Oddly Smooth Stone"},{"floor":9.0,"key":"Gremlin Horn"},{"floor":23,"key":"Potion Belt"},{"floor":26,"key":"Omamori"},{"floor":27,"key":"The Specimen"}],"event_choices":[{"damage_healed":0.0,"max_hp_gain":0.0,"max_hp_loss":0.0,"gold_gain":0.0,"event_name":"Match and Keep!","player_choice":"2 cards matched","floor":4.0,"gold_loss":0.0,"damage_taken":0.0,"cards_obtained":["Bullet Time","Neutralize"]},{"damage_healed":25.0,"max_hp_gain":0.0,"max_hp_loss":0.0,"gold_gain":0.0,"event_name":"Big Fish","player_choice":"Banana","floor":11.0,"gold_loss":0.0,"damage_taken":0.0},{"damage_healed":0.0,"max_hp_gain":0.0,"max_hp_loss":0.0,"gold_gain":0.0,"event_name":"Upgrade Shrine","player_choice":"Upgraded","floor":13.0,"gold_loss":0.0,"damage_taken":0.0,"cards_upgraded":["Poisoned Stab"]},{"damage_healed":0,"gold_gain":0,"player_choice":"Bought 1 Potion","damage_taken":0,"max_hp_gain":0,"max_hp_loss":0,"event_name":"The Woman in Blue","floor":19,"gold_loss":0}],"is_beta":false,"boss_relics":[{"not_picked":["Calling Bell","Tiny House"],"picked":"Snecko Eye"}],"items_purged_floors":[10,25],"is_endless":false,"potions_floor_spawned":[2,3,8,18,20,23],"killed_by":"Champ","ascension_level":9}