{"gold_per_floor":[113,113,113,38,50,50,125,125,125,125,150,150,165,182,182,182],"floor_reached":16,"playtime":475,"items_purged":["Strike_B"],"score":186,"play_id":"43ab33b6-0f6d-478e-9bde-915255c93cb2","local_time":"20180928145122","is_ascension_mode":true,"campfire_choices":[{"data":"Zap","floor":6,"key":"SMITH"},{"data":"Hologram","floor":8,"key":"SMITH"},{"data":"White Noise","floor":10,"key":"SMITH"},{"floor":12,"key":"REST"},{"data":"Ball Lightning","floor":15,"key":"SMITH"}],"neow_cost":"","seed_source_timestamp":754769978345433,"circlet_count":0,"master_deck":["Strike_B","Strike_B","Strike_B","Defend_B","Defend_B","Defend_B","Defend_B","Zap+1","Dualcast","AscendersBane","Hologram+1","White Noise+1","FTL","Ball Lightning+1","Undo"],"relics":["Cracked Core","Omamori","Emotion Chip"],"potions_floor_usage":[16],"damage_taken":[{"damage":11,"enemies":"Jaw Worm","floor":1,"turns":5},{"damage":0,"enemies":"Cultist","floor":5,"turns":4},{"damage":45,"enemies":"3 Sentries","floor":11,"turns":10},{"damage":13,"enemies":"Small Slimes","floor":13,"turns":2},{"damage":5,"enemies":"3 Louse","floor":14,"turns":2},{"damage":16,"enemies":"The Guardian","floor":16,"turns":8}],"seed_played":"2800422876970693368","potions_obtained":[{"floor":11,"key":"Block Potion"},{"floor":13,"key":"SteroidPotion"}],"is_trial":false,"path_per_floor":["M","?","?","$","M","R","?","R","T","R","E","R","M","M","R"],"character_chosen":"DEFECT","items_purchased":[],"campfire_rested":1,"item_purchase_floors":[],"current_hp_per_floor":[53,53,58,58,58,58,47,47,47,47,2,24,18,13,13,0],"gold":182,"neow_bonus":"","is_prod":false,"is_daily":false,"chose_seed":false,"campfire_upgraded":4,"win_rate":0,"timestamp":1538139082,"path_taken":["M","?","?","$","M","R","?","R","T","R","E","R","?","M","R","BOSS"],"build_version":"2018-09-27","purchased_purges":1,"victory":false,"max_hp_per_floor":[71,71,76,76,76,76,76,76,76,76,76,76,76,76,76,76],"card_choices":[{"not_picked":["Redo","Storm"],"picked":"Hologram","floor":1},{"not_picked":["Streamline","Rebound"],"picked":"White Noise","floor":5},{"not_picked":["Barrage","Double Energy"],"picked":"FTL","floor":11},{"not_picked":["Gash","Compile Driver"],"picked":"Ball Lightning","floor":13},{"not_picked":["Heatsinks","Sunder"],"picked":"Undo","floor":14}],"player_experience":1277851,"relics_obtained":[{"floor":9,"key":"Omamori"},{"floor":11,"key":"Emotion Chip"}],"event_choices":[{"event_name":"Match and Keep!","player_choice":"0 cards matched","floor":2,"damage_taken":0},{"event_name":"Big Fish","player_choice":"Donut","floor":3,"damage_taken":0},{"event_name":"World of Goop","player_choice":"Gather Gold","floor":7,"damage_taken":0}],"is_beta":false,"boss_relics":[],"items_purged_floors":[4],"is_endless":false,"potions_floor_spawned":[11,13,14],"killed_by":"The Guardian","ascension_level":18}