{"gold_per_floor":[364,377,389,239,189,189,214,232,232,257,6,6,41,61,61,159,159,175,200,43,43,143,143,159,170,218,218,218,120,134,153,153,254,254,270,270,123,137,111,145,157,170,170,186,104,104,132,132,132,132],"floor_reached":51,"playtime":2588,"items_purged":["Exhume","Pain"],"score":900,"play_id":"d0f8f700-58cd-4e25-9c29-2f398b1f637e","local_time":"20190310200817","is_ascension_mode":true,"campfire_choices":[{"data":"Perfected Strike","floor":6,"key":"SMITH"},{"data":"Bash","floor":12,"key":"SMITH"},{"data":"Perfected Strike","floor":15,"key":"SMITH"},{"data":"Dual Wield","floor":23,"key":"SMITH"},{"data":"Dual Wield","floor":27,"key":"SMITH"},{"data":"Seeing Red","floor":32,"key":"SMITH"},{"data":"Warcry","floor":46,"key":"SMITH"},{"data":"Flex","floor":49,"key":"SMITH"}],"neow_cost":"TEN_PERCENT_HP_LOSS","seed_source_timestamp":31609478334686,"circlet_count":0,"master_deck":["Strike_R+1","Strike_R+1","Strike_R+1","Strike_R+1","Strike_R+1","Defend_R+1","Defend_R+1","Defend_R+1","Bash+1","Perfected Strike+1","Pommel Strike","Perfected Strike+1","Evolve","Dual Wield+1","Dual Wield+1","Flex+1","Shrug It Off+1","Wild Strike+1","Headbutt+1","Pommel Strike+1","Perfected Strike+1","Seeing Red+1","Feed+1","Thunderclap+1","Wild Strike+1","Warcry+1","Seeing Red","Battle Trance+1"],"relics":["Burning Blood","Lantern","Question Card","Darkstone Periapt","Mercury Hourglass","Paper Frog","Blue Candle","Busted Crown","Red Mask","Blood Vial","FossilizedHelix","Molten Egg 2","PreservedInsect","Snecko Eye","WarpedTongs","Pear","Pantograph","Du-Vu Doll","Turnip"],"potions_floor_usage":[14,16,50,50],"damage_taken":[{"damage":1,"enemies":"Cultist","floor":1,"turns":4},{"damage":7,"enemies":"Jaw Worm","floor":2,"turns":3},{"damage":9,"enemies":"Small Slimes","floor":3,"turns":3},{"damage":25,"enemies":"3 Sentries","floor":7,"turns":7},{"damage":0,"enemies":"2 Fungi Beasts","floor":8,"turns":2},{"damage":14,"enemies":"Gremlin Nob","floor":10,"turns":3},{"damage":13,"enemies":"3 Sentries","floor":13,"turns":4},{"damage":1,"enemies":"3 Louse","floor":14,"turns":2},{"damage":41,"enemies":"Hexaghost","floor":16,"turns":6},{"damage":0,"enemies":"Spheric Guardian","floor":18,"turns":1},{"damage":26,"enemies":"Masked Bandits","floor":19,"turns":3},{"damage":13,"enemies":"Colosseum Slavers","floor":22,"turns":3},{"damage":14,"enemies":"Colosseum Nobs","floor":22,"turns":3},{"damage":0,"enemies":"2 Thieves","floor":24,"turns":3},{"damage":0,"enemies":"Cultist and Chosen","floor":25,"turns":3},{"damage":7,"enemies":"Centurion and Healer","floor":30,"turns":3},{"damage":0,"enemies":"Snake Plant","floor":31,"turns":1},{"damage":19,"enemies":"Automaton","floor":33,"turns":6},{"damage":0,"enemies":"3 Darklings","floor":35,"turns":3},{"damage":0,"enemies":"Orb Walker","floor":38,"turns":1},{"damage":0,"enemies":"Reptomancer","floor":40,"turns":3},{"damage":0,"enemies":"Writhing Mass","floor":41,"turns":1},{"damage":0,"enemies":"Spire Growth","floor":42,"turns":1},{"damage":0,"enemies":"Sphere and 2 Shapes","floor":44,"turns":1},{"damage":0,"enemies":"Giant Head","floor":47,"turns":4},{"damage":70,"enemies":"Time Eater","floor":50,"turns":7}],"seed_played":"-3661673972549290204","potions_obtained":[{"floor":1,"key":"Energy Potion"},{"floor":8,"key":"Dexterity Potion"},{"floor":10,"key":"Ancient Potion"},{"floor":16,"key":"Fruit Juice"},{"floor":18,"key":"FairyPotion"},{"floor":19,"key":"Strength Potion"}],"is_trial":false,"path_per_floor":["M","M","M","$","?","R","E","M","T","E","$","R","E","M","R","B",null,"M","?","$","?","?","R","M","M","T","R","?","$","M","M","R","B",null,"M","?","$","M","$","E","M","M","T","M","$","R","E","?","R","B",null],"character_chosen":"IRONCLAD","items_purchased":["Lantern","Paper Frog","Blood Vial","Perfected Strike+1","Thunderclap+1","Warcry","Seeing Red"],"campfire_rested":0,"item_purchase_floors":[4,11,20,29,37,39,45],"current_hp_per_floor":[72,71,68,68,68,68,49,55,55,47,47,47,40,45,45,15,77,77,57,57,57,46,46,54,62,62,62,62,62,63,71,71,60,77,77,83,83,83,83,93,93,93,93,93,93,93,93,93,93,29],"gold":132,"neow_bonus":"TWO_FIFTY_GOLD","is_prod":false,"is_daily":false,"chose_seed":false,"campfire_upgraded":8,"win_rate":0,"timestamp":1552216097,"path_taken":["M","M","?","$","?","R","E","M","T","E","$","R","E","M","R","BOSS","M","?","$","?","?","R","?","M","T","R","?","?","?","M","R","BOSS","M","?","?","M","$","E","M","M","T","M","$","R","E","?","R","BOSS"],"build_version":"2019-01-23","purchased_purges":2,"victory":true,"max_hp_per_floor":[72,72,72,72,72,72,72,72,72,72,72,72,72,72,72,77,77,77,77,77,77,77,77,77,77,77,77,77,77,77,77,77,77,77,77,83,83,83,83,93,93,93,93,93,93,93,93,93,93,93],"card_choices":[{"not_picked":["Intimidate","Cleave"],"picked":"Perfected Strike","floor":1},{"not_picked":["Heavy Blade","Clothesline"],"picked":"Pommel Strike","floor":2},{"not_picked":["Corruption","Sword Boomerang"],"picked":"Perfected Strike","floor":3},{"not_picked":["Inflame","Battle Trance"],"picked":"Evolve","floor":7},{"not_picked":["Sword Boomerang","Combust","Rage"],"picked":"Dual Wield","floor":8},{"not_picked":["Rupture","Sentinel","Clash","Berserk"],"picked":"SKIP","floor":10},{"not_picked":["Cleave","Uppercut","Dropkick"],"picked":"Dual Wield","floor":13},{"not_picked":["Armaments","Heavy Blade","Clothesline"],"picked":"Flex","floor":14},{"not_picked":["Berserk","Impervious","Brutality"],"picked":"Exhume","floor":16},{"not_picked":["Uppercut","Cleave"],"picked":"SKIP","floor":18},{"not_picked":["Pommel Strike"],"picked":"Shrug It Off+1","floor":19},{"not_picked":["Corruption"],"picked":"Wild Strike","floor":22},{"not_picked":["Bloodletting"],"picked":"Headbutt+1","floor":24},{"not_picked":["Clothesline+1"],"picked":"Pommel Strike+1","floor":25},{"not_picked":["Feel No Pain","Carnage+1"],"picked":"SKIP","floor":30},{"not_picked":["Intimidate"],"picked":"Seeing Red","floor":31},{"not_picked":["Juggernaut"],"picked":"Feed+1","floor":33},{"not_picked":["Headbutt+1","Clothesline+1"],"picked":"SKIP","floor":35},{"not_picked":["Headbutt+1"],"picked":"Wild Strike+1","floor":38},{"not_picked":["Juggernaut","Iron Wave+1"],"picked":"SKIP","floor":40},{"not_picked":["Havoc","Reckless Charge+1"],"picked":"SKIP","floor":41},{"not_picked":["Anger+1","Infernal Blade"],"picked":"SKIP","floor":42},{"not_picked":["Headbutt+1","Dropkick+1"],"picked":"SKIP","floor":44},{"not_picked":["Sword Boomerang+1"],"picked":"Battle Trance+1","floor":47}],"player_experience":279528,"relics_obtained":[{"floor":7,"key":"Question Card"},{"floor":9,"key":"Darkstone Periapt"},{"floor":10,"key":"Mercury Hourglass"},{"floor":13,"key":"Blue Candle"},{"floor":19,"key":"Red Mask"},{"floor":22,"key":"FossilizedHelix"},{"floor":22,"key":"Molten Egg 2"},{"floor":26,"key":"PreservedInsect"},{"floor":40,"key":"Pear"},{"floor":43,"key":"Pantograph"},{"floor":47,"key":"Du-Vu Doll"}],"event_choices":[{"cards_removed":["Defend_R"],"damage_healed":0,"gold_gain":0,"player_choice":"Card Removal","damage_taken":0,"max_hp_gain":0,"max_hp_loss":0,"event_name":"The Cleric","floor":5,"gold_loss":50},{"damage_healed":0,"gold_gain":0,"player_choice":"Fought Bandits","damage_taken":0,"max_hp_gain":0,"max_hp_loss":0,"event_name":"Masked Bandits","floor":19,"gold_loss":0},{"damage_healed":0,"gold_gain":0,"player_choice":"Simplicity","damage_taken":0,"max_hp_gain":0,"max_hp_loss":0,"event_name":"Back to Basics","floor":21,"gold_loss":0,"cards_upgraded":["Strike_R","Strike_R","Strike_R","Strike_R","Strike_R","Defend_R","Defend_R","Defend_R"]},{"damage_healed":0,"gold_gain":0,"player_choice":"Fight","damage_taken":0,"max_hp_gain":0,"max_hp_loss":0,"event_name":"Colosseum","floor":22,"gold_loss":0},{"damage_healed":0,"gold_gain":0,"player_choice":"Fought Nobs","damage_taken":0,"max_hp_gain":0,"max_hp_loss":0,"event_name":"Colosseum","floor":22,"gold_loss":0},{"damage_healed":0,"gold_gain":0,"player_choice":"Read","damage_taken":0,"max_hp_gain":0,"max_hp_loss":0,"event_name":"The Library","floor":28,"gold_loss":0,"cards_obtained":["Whirlwind"]},{"damage_healed":0,"gold_gain":0,"player_choice":"Rummage","damage_taken":0,"relics_obtained":["WarpedTongs"],"max_hp_gain":0,"max_hp_loss":0,"event_name":"Accursed Blacksmith","floor":36,"gold_loss":0,"cards_obtained":["Pain"]},{"cards_removed":["Whirlwind"],"damage_healed":0,"gold_gain":0,"player_choice":"Gave Card","damage_taken":0,"relics_obtained":["Turnip"],"max_hp_gain":0,"max_hp_loss":0,"event_name":"WeMeetAgain","floor":48,"gold_loss":0}],"is_beta":false,"boss_relics":[{"not_picked":["Runic Dome","Calling Bell"],"picked":"Busted Crown"},{"not_picked":["Pandora\u0027s Box","Tiny House"],"picked":"Snecko Eye"}],"items_purged_floors":[29,37],"is_endless":false,"potions_floor_spawned":[1,8,10,16,18,19,25,30,33,35,38,42,44,47],"ascension_level":2}