{"gold_per_floor":[119,119,135,153,84,84,33,43,43,74,88,88,106,106,106,202,202,223,223,111,125,139,178,178,178,255,288,288,327,217,258,258,354,354,367,367,388,721,721,749,767,430,430,457,467,467,467,498,498,498,498,498,80,109,109],"floor_reached":56,"playtime":7748,"items_purged":["Strike_B","Zap","Hyperbeam"],"score":2263,"play_id":"233cec01-d2c9-4112-be12-e0dcf707c001","local_time":"20190305182149","is_ascension_mode":true,"campfire_choices":[{"floor":6,"key":"REST"},{"data":"Consume","floor":12,"key":"SMITH"},{"data":"Tempest","floor":15,"key":"SMITH"},{"floor":25,"key":"REST"},{"data":"Sunder","floor":28,"key":"SMITH"},{"data":"Loop","floor":32,"key":"SMITH"},{"floor":46,"key":"RECALL"},{"data":"Fission","floor":49,"key":"SMITH"},{"data":"Hologram","floor":52,"key":"SMITH"}],"neow_cost":"NONE","seed_source_timestamp":113708281388999,"circlet_count":0,"master_deck":["AscendersBane","Stack","Redo+1","Consume+1","Reinforced Body","Cold Snap","Hello World","Tempest+1","Conserve Battery","Tempest","Meteor Strike","Auto Shields","Electrodynamics","Capacitor","Sunder+1","Hologram+1","Glacier","Loop+1","Multi-Cast","Doom and Gloom","Multi-Cast","Electrodynamics","Double Energy","Rainbow","Fission+1","Sunder","Leap+1","Dark Shackles","Seek","Skim","Hologram","Storm","Reinforced Body","Hologram"],"relics":["Snecko Eye","Gremlin Horn","Question Card","Nuclear Battery","Juzu Bracelet","Blood Vial","Bottled Flame","Meat on the Bone","Pandora\u0027s Box","Letter Opener","Happy Flower","Membership Card","Art of War","Smiling Mask","Du-Vu Doll","Centennial Puzzle","Mummified Hand","DollysMirror","Turnip"],"potions_floor_usage":[11,16,22,22,27,41,55,55],"damage_taken":[{"damage":11,"enemies":"Cultist","floor":1,"turns":4},{"damage":7,"enemies":"Small Slimes","floor":3,"turns":4},{"damage":6,"enemies":"2 Louse","floor":4,"turns":3},{"damage":1,"enemies":"Blue Slaver","floor":8,"turns":6},{"damage":13,"enemies":"3 Sentries","floor":10,"turns":9},{"damage":6,"enemies":"Lots of Slimes","floor":11,"turns":5},{"damage":6,"enemies":"Red Slaver","floor":13,"turns":3},{"damage":0,"enemies":"Slime Boss","floor":16,"turns":9},{"damage":0,"enemies":"Chosen","floor":18,"turns":3},{"damage":0,"enemies":"Spheric Guardian","floor":21,"turns":1},{"damage":0,"enemies":"Snecko","floor":22,"turns":3},{"damage":10,"enemies":"Slavers","floor":23,"turns":3},{"damage":0,"enemies":"Book of Stabbing","floor":27,"turns":4},{"damage":0,"enemies":"Gremlin Leader","floor":29,"turns":4},{"damage":6,"enemies":"Book of Stabbing","floor":31,"turns":5},{"damage":8,"enemies":"Collector","floor":33,"turns":5},{"damage":0,"enemies":"Orb Walker","floor":35,"turns":1},{"damage":0,"enemies":"3 Shapes","floor":37,"turns":2},{"damage":0,"enemies":"Reptomancer","floor":40,"turns":2},{"damage":0,"enemies":"Maw","floor":41,"turns":3},{"damage":14,"enemies":"Nemesis","floor":44,"turns":3},{"damage":0,"enemies":"Spire Growth","floor":45,"turns":3},{"damage":0,"enemies":"Reptomancer","floor":48,"turns":2},{"damage":7,"enemies":"Awakened One","floor":50,"turns":10},{"damage":52,"enemies":"Shield and Spear","floor":54,"turns":5},{"damage":13,"enemies":"The Heart","floor":55,"turns":7}],"seed_played":"-4113368492545015501","potions_obtained":[{"floor":4,"key":"SkillPotion"},{"floor":11,"key":"PowerPotion"},{"floor":13,"key":"Energy Potion"},{"floor":18,"key":"PowerPotion"},{"floor":27,"key":"Explosive Potion"},{"floor":37,"key":"Strength Potion"},{"floor":40,"key":"FearPotion"},{"floor":45,"key":"Regen Potion"}],"is_trial":false,"path_per_floor":["M","?","M","M","$","R","$","M","T","E","M","R","M","?","R","B",null,"M","?","$","M","M","E","?","R","T","E","R","E","?","E","R","B",null,"M","?","M","?","T","E","M","$","T","E","M","R","?","E","R","B",null,"R","$","E","B",null],"character_chosen":"DEFECT","items_purchased":["Reinforced Body","Cold Snap","Capacitor","Membership Card","Dark Shackles","Ancient Potion","Hologram","Storm","Centennial Puzzle","Mummified Hand","DollysMirror"],"campfire_rested":2,"item_purchase_floors":[5,7,20,42,42,42,53,53,53,53,53],"current_hp_per_floor":[53,53,46,40,40,61,61,60,60,47,41,41,35,35,35,35,57,57,57,57,57,57,47,35,54,54,54,54,56,56,52,52,46,60,62,61,61,61,61,61,61,61,61,47,49,49,49,51,51,46,57,57,57,19,35],"gold":109,"neow_bonus":"BOSS_RELIC","is_prod":false,"is_daily":false,"chose_seed":false,"campfire_upgraded":6,"win_rate":0,"timestamp":1551828109,"path_taken":["M","?","?","M","?","R","$","M","T","E","M","R","M","?","R","BOSS","M","?","$","M","M","E","?","R","T","E","R","E","?","E","R","BOSS","M","?","M","?","?","E","M","$","T","E","M","R","?","E","R","BOSS","R","$","E","BOSS"],"build_version":"2019-01-23","purchased_purges":3,"victory":true,"max_hp_per_floor":[71,71,71,71,71,71,71,71,71,71,71,71,71,64,64,64,64,64,64,64,64,64,64,64,64,64,64,64,64,64,64,64,64,64,64,61,61,61,61,61,61,61,61,61,61,61,61,61,61,61,61,61,61,61,61],"card_choices":[{"not_picked":["Barrage","Steam"],"picked":"Stack","floor":1},{"not_picked":["Gash","Heatsinks","Beam Cell"],"picked":"SKIP","floor":3},{"not_picked":["Redo","Compile Driver"],"picked":"Consume","floor":4},{"not_picked":["Turbo","Skim"],"picked":"Hello World","floor":8},{"not_picked":["Redo","Fusion"],"picked":"Tempest","floor":10},{"not_picked":["Sweeping Beam","Steam Power","BootSequence"],"picked":"Conserve Battery","floor":11},{"not_picked":["Sweeping Beam","Ball Lightning","Barrage"],"picked":"Tempest","floor":13},{"not_picked":["Fission","Reboot","All For One"],"picked":"Meteor Strike","floor":16},{"not_picked":["Redo+1","Barrage","Gash"],"picked":"Auto Shields","floor":18},{"not_picked":["Doom and Gloom","Rip and Tear","Ball Lightning+1"],"picked":"Sunder","floor":21},{"not_picked":["Hello World","Gash","Steam"],"picked":"Hologram","floor":22},{"not_picked":["Cold Snap","FTL","Conserve Battery"],"picked":"Glacier","floor":23},{"not_picked":["Defragment","Streamline","Steam Power"],"picked":"Loop","floor":27},{"not_picked":["Glacier","Conserve Battery","Gash"],"picked":"Multi-Cast","floor":29},{"not_picked":["Auto Shields","Go for the Eyes","Aggregate+1"],"picked":"Doom and Gloom","floor":31},{"not_picked":["Core Surge","Amplify","Machine Learning"],"picked":"Multi-Cast","floor":33},{"not_picked":["Redo","Lockon","Steam","Cold Snap"],"picked":"SKIP","floor":35},{"not_picked":["Redo+1","Streamline","Ball Lightning+1"],"picked":"Leap+1","floor":37},{"not_picked":["Leap","Turbo+1","Redo+1","Barrage"],"picked":"SKIP","floor":40},{"not_picked":["Rebound","Blizzard","Turbo","Sweeping Beam"],"picked":"SKIP","floor":41},{"not_picked":["Gash","Loop+1","Static Discharge+1"],"picked":"Seek","floor":44},{"not_picked":["Blizzard","Gash","Static Discharge","Ball Lightning"],"picked":"SKIP","floor":45},{"not_picked":["Self Repair","Loop","Streamline+1","Skim"],"picked":"SKIP","floor":48},{"not_picked":["Self Repair","Loop","Streamline+1","Skim"],"picked":"SKIP","floor":48},{"not_picked":["Self Repair","Loop","Streamline+1","Skim"],"picked":"SKIP","floor":48},{"not_picked":["Self Repair","Loop","Streamline+1"],"picked":"Skim","floor":48},{"not_picked":["Double Energy+1","Capacitor+1","Reinforced Body"],"picked":"Hologram","floor":54}],"player_experience":1776476,"relics_obtained":[{"floor":9,"key":"Gremlin Horn"},{"floor":10,"key":"Question Card"},{"floor":23,"key":"Juzu Bracelet"},{"floor":27,"key":"Blood Vial"},{"floor":29,"key":"Bottled Flame"},{"floor":31,"key":"Meat on the Bone"},{"floor":39,"key":"Letter Opener"},{"floor":40,"key":"Happy Flower"},{"floor":43,"key":"Art of War"},{"floor":44,"key":"Smiling Mask"},{"floor":48,"key":"Du-Vu Doll"},{"floor":54,"key":"Turnip"}],"event_choices":[{"damage_healed":0,"gold_gain":0,"cards_transformed":["Dualcast"],"player_choice":"Transformed","damage_taken":0,"max_hp_gain":0,"max_hp_loss":0,"event_name":"Transmorgrifier","floor":2,"gold_loss":0,"cards_obtained":["Redo"]},{"damage_healed":0,"gold_gain":0,"player_choice":"Lose Max HP","damage_taken":0,"relics_obtained":["Golden Idol"],"max_hp_gain":0,"max_hp_loss":7,"event_name":"Golden Idol","floor":14,"gold_loss":0},{"damage_healed":0,"gold_gain":0,"player_choice":"Read","damage_taken":0,"max_hp_gain":0,"max_hp_loss":0,"event_name":"The Library","floor":19,"gold_loss":0,"cards_obtained":["Electrodynamics"]},{"damage_healed":0,"gold_gain":0,"player_choice":"POTION ","damage_taken":12,"max_hp_gain":0,"max_hp_loss":0,"event_name":"Knowing Skull","floor":24,"potions_obtained":["LiquidBronze"],"gold_loss":0,"cards_obtained":[]},{"cards_removed":["Strike_B"],"damage_healed":0,"gold_gain":0,"player_choice":"Upgrade and Remove","damage_taken":0,"max_hp_gain":0,"max_hp_loss":0,"event_name":"Designer","floor":30,"gold_loss":110,"cards_upgraded":["Redo"]},{"damage_healed":0,"gold_gain":0,"player_choice":"Max HP","damage_taken":0,"max_hp_gain":0,"max_hp_loss":3,"event_name":"Winding Halls","floor":36,"gold_loss":0},{"damage_healed":0,"gold_gain":333,"player_choice":"Gave Idol","damage_taken":0,"max_hp_gain":0,"max_hp_loss":0,"event_name":"The Moai Head","floor":38,"relics_lost":["Golden Idol"],"gold_loss":0},{"damage_healed":0,"gold_gain":0,"player_choice":"Leave","damage_taken":0,"max_hp_gain":0,"max_hp_loss":0,"event_name":"FaceTrader","floor":47,"gold_loss":0}],"is_beta":false,"boss_relics":[{"not_picked":["Black Star","Fusion Hammer"],"picked":"Nuclear Battery"},{"not_picked":["Calling Bell","White Beast Statue"],"picked":"Pandora\u0027s Box"}],"items_purged_floors":[20,42,53],"is_endless":false,"potions_floor_spawned":[4,11,13,18,21,27,37,40,45,54],"ascension_level":15}