{"gold_per_floor":[116,41,60,60,77,77,103,103,150,150,166,195,175,203,203,307,307],"floor_reached":17,"playtime":1336,"items_purged":["Strike_R"],"score":233,"play_id":"d2491fbc-3052-41c8-bca5-6f65da4834f9","local_time":"20190311005821","is_ascension_mode":true,"campfire_choices":[{"data":"True Grit","floor":6,"key":"SMITH"},{"data":"Bash","floor":8,"key":"SMITH"},{"data":"Cleave","floor":10,"key":"SMITH"},{"data":"Shrug It Off","floor":15,"key":"SMITH"}],"neow_cost":"PERCENT_DAMAGE","seed_source_timestamp":36796854552525,"circlet_count":0,"master_deck":["Strike_R","Strike_R","Strike_R","Strike_R","Defend_R","Defend_R","Defend_R+1","Defend_R+1","Bash+1","Twin Strike","Ghostly Armor","True Grit+1","Cleave+1","Shrug It Off+1","Battle Trance","Feed"],"relics":["Burning Blood","War Paint","Bronze Scales","Anchor","Pocketwatch","Runic Dome"],"potions_floor_usage":[7,12],"damage_taken":[{"damage":11,"enemies":"Jaw Worm","floor":1,"turns":6},{"damage":6,"enemies":"2 Louse","floor":3,"turns":3},{"damage":0,"enemies":"Cultist","floor":5,"turns":5},{"damage":14,"enemies":"Gremlin Nob","floor":7,"turns":5},{"damage":0,"enemies":"Blue Slaver","floor":11,"turns":3},{"damage":6,"enemies":"Lagavulin","floor":12,"turns":7},{"damage":14,"enemies":"3 Sentries","floor":14,"turns":7},{"damage":18,"enemies":"The Guardian","floor":16,"turns":14}],"seed_played":"-149856285950395574","potions_obtained":[{"floor":1,"key":"Block Potion"},{"floor":7,"key":"AttackPotion"},{"floor":11,"key":"FearPotion"},{"floor":12,"key":"Strength Potion"},{"floor":13,"key":"Dexterity Potion"}],"is_trial":false,"path_per_floor":["M","$","M","?","M","R","E","R","T","R","M","E","?","E","R","B",null],"character_chosen":"IRONCLAD","items_purchased":[],"campfire_rested":0,"item_purchase_floors":[],"current_hp_per_floor":[67,67,67,67,73,73,65,65,65,65,71,71,71,63,63,51,96],"gold":307,"neow_bonus":"TWENTY_PERCENT_HP_BONUS","is_prod":false,"is_daily":false,"chose_seed":false,"campfire_upgraded":4,"win_rate":0,"timestamp":1552258701,"path_taken":["M","$","M","?","M","R","E","R","T","R","M","E","?","E","R","BOSS"],"build_version":"2019-01-23","purchased_purges":1,"victory":false,"max_hp_per_floor":[96,96,96,96,96,96,96,96,96,96,96,96,96,96,96,96,96],"card_choices":[{"not_picked":["Fire Breathing","Clash"],"picked":"Twin Strike","floor":1},{"not_picked":["Dropkick","Warcry"],"picked":"Ghostly Armor","floor":3},{"not_picked":["Exhume","Evolve"],"picked":"True Grit","floor":5},{"not_picked":["Infernal Blade","Iron Wave"],"picked":"Cleave","floor":7},{"not_picked":["Warcry","Wild Strike"],"picked":"Shrug It Off","floor":11},{"not_picked":["Havoc","Sword Boomerang"],"picked":"Battle Trance","floor":12},{"not_picked":["Havoc","Sword Boomerang","Anger"],"picked":"SKIP","floor":14},{"not_picked":["Brutality","Double Tap"],"picked":"Feed","floor":16}],"player_experience":754975,"relics_obtained":[{"floor":7,"key":"War Paint"},{"floor":9,"key":"Bronze Scales"},{"floor":12,"key":"Anchor"},{"floor":14,"key":"Pocketwatch"}],"event_choices":[{"damage_healed":0,"gold_gain":0,"player_choice":"Ignored","damage_taken":0,"max_hp_gain":0,"max_hp_loss":0,"event_name":"Liars Game","floor":4,"gold_loss":0},{"damage_healed":0,"gold_gain":0,"player_choice":"Bought 1 Potion","damage_taken":0,"max_hp_gain":0,"max_hp_loss":0,"event_name":"The Woman in Blue","floor":13,"gold_loss":0}],"is_beta":false,"boss_relics":[{"not_picked":["Black Star","Calling Bell"],"picked":"Runic Dome"}],"items_purged_floors":[2],"is_endless":false,"potions_floor_spawned":[1,7,11,12],"ascension_level":4}