{"gold_per_floor":[111,186,203,303,317,347,347,373,373,390,390,408,435,446,446,551,551,566,581,506,506,382,382,382],"floor_reached":24,"playtime":1026,"items_purged":["Parasite"],"score":302,"play_id":"60058e4d-602e-4548-8a49-928b9e4ae8f8","local_time":"20190309181501","is_ascension_mode":true,"campfire_choices":[{"floor":7,"key":"REST"},{"floor":11,"key":"REST"},{"data":"Ball Lightning","floor":15,"key":"SMITH"},{"data":"Coolheaded","floor":23,"key":"SMITH"}],"neow_cost":"NONE","seed_source_timestamp":2042349384441300,"circlet_count":0,"master_deck":["Strike_B","Strike_B","Defend_B","Defend_B+1","Defend_B","Defend_B+1","Zap","Dualcast","Coolheaded+1","Cold Snap","Ball Lightning+1","Conserve Battery","White Noise","Echo Form","Storm","Zap","All For One"],"relics":["Cracked Core","War Paint","Pen Nib","Question Card","Snecko Eye"],"potions_floor_usage":[16,16,16,24,24],"damage_taken":[{"damage":2,"enemies":"Jaw Worm","floor":1,"turns":4},{"damage":3,"enemies":"Small Slimes","floor":3,"turns":4},{"damage":2,"enemies":"Cultist","floor":5,"turns":5},{"damage":26,"enemies":"Gremlin Nob","floor":6,"turns":4},{"damage":18,"enemies":"Lagavulin","floor":8,"turns":6},{"damage":12,"enemies":"Lots of Slimes","floor":10,"turns":5},{"damage":7,"enemies":"Looter","floor":12,"turns":3},{"damage":15,"enemies":"3 Sentries","floor":13,"turns":7},{"damage":0,"enemies":"Large Slime","floor":14,"turns":4},{"damage":2,"enemies":"Hexaghost","floor":16,"turns":10},{"damage":0,"enemies":"Spheric Guardian","floor":18,"turns":3},{"damage":29,"enemies":"Shell Parasite","floor":19,"turns":6},{"damage":39,"enemies":"Gremlin Leader","floor":24,"turns":4}],"seed_played":"7272011174665053795","potions_obtained":[{"floor":3,"key":"Energy Potion"},{"floor":6,"key":"FocusPotion"},{"floor":10,"key":"Poison Potion"},{"floor":18,"key":"Explosive Potion"}],"is_trial":false,"path_per_floor":["M","?","M","?","M","E","R","E","T","M","R","M","E","M","R","B",null,"M","M","?","?","$","R","E"],"character_chosen":"DEFECT","items_purchased":["PowerPotion"],"campfire_rested":2,"item_purchase_floors":[22],"current_hp_per_floor":[66,55,52,52,50,24,46,28,28,16,38,31,16,16,16,14,60,60,31,31,31,31,31,0],"gold":382,"neow_bonus":"REMOVE_CARD","is_prod":false,"is_daily":false,"chose_seed":false,"campfire_upgraded":2,"win_rate":0,"timestamp":1552173301,"path_taken":["M","?","M","?","M","E","R","E","T","?","R","M","E","M","R","BOSS","M","?","?","?","$","R","E"],"build_version":"2019-01-23","purchased_purges":1,"victory":false,"max_hp_per_floor":[75,75,75,75,75,75,75,75,75,75,75,75,75,75,75,75,75,75,75,75,75,72,72,72],"card_choices":[{"not_picked":["Cold Snap","Loop"],"picked":"Coolheaded","floor":1},{"not_picked":["Sunder","Go for the Eyes"],"picked":"Cold Snap","floor":3},{"not_picked":["Steam","White Noise"],"picked":"Ball Lightning","floor":5},{"not_picked":["Sweeping Beam","Steam","Steam Power"],"picked":"SKIP","floor":6},{"not_picked":["Machine Learning","Cold Snap"],"picked":"Conserve Battery","floor":8},{"not_picked":["Double Energy","Go for the Eyes","Rebound"],"picked":"SKIP","floor":10},{"not_picked":["Ball Lightning","Reprogram","Conserve Battery"],"picked":"SKIP","floor":12},{"not_picked":["Double Energy","Beam Cell","All For One"],"picked":"SKIP","floor":13},{"not_picked":["BootSequence","Compile Driver","Barrage"],"picked":"White Noise","floor":14},{"not_picked":["Meteor Strike","Core Surge","Seek"],"picked":"Echo Form","floor":16},{"not_picked":["Go for the Eyes+1","Auto Shields","Leap+1"],"picked":"Storm","floor":18},{"not_picked":["Heatsinks","Turbo","Compile Driver","Streamline+1"],"picked":"SKIP","floor":19}],"player_experience":376471,"relics_obtained":[{"floor":6,"key":"War Paint"},{"floor":9,"key":"Pen Nib"},{"floor":13,"key":"Question Card"}],"event_choices":[{"damage_healed":0,"gold_gain":75,"player_choice":"Gather Gold","damage_taken":11,"max_hp_gain":0,"max_hp_loss":0,"event_name":"World of Goop","floor":2,"gold_loss":0},{"damage_healed":0,"gold_gain":100,"player_choice":"Pray","damage_taken":0,"max_hp_gain":0,"max_hp_loss":0,"event_name":"Golden Shrine","floor":4,"gold_loss":0},{"cards_removed":["Strike_B"],"damage_healed":0,"gold_gain":0,"player_choice":"Gave Gold","damage_taken":0,"max_hp_gain":0,"max_hp_loss":0,"event_name":"Beggar","floor":20,"gold_loss":75},{"damage_healed":0,"gold_gain":0,"player_choice":"3 cards matched","damage_taken":0,"max_hp_gain":0,"max_hp_loss":0,"event_name":"Match and Keep!","floor":21,"gold_loss":0,"cards_obtained":["Zap","All For One","Parasite"]}],"is_beta":false,"boss_relics":[{"not_picked":["Empty Cage","Sozu"],"picked":"Snecko Eye"}],"items_purged_floors":[22],"is_endless":false,"potions_floor_spawned":[3,6,10,13,14,18],"killed_by":"Gremlin Leader","ascension_level":8}