{"gold_per_floor":[118,130,55,75,75,109,109,142,142,157,184,184,198,198,198,296,296,311,85,101,114,114,148,148,164,191,216,234,251,251,271,271,376,376,394,412,312,387,407,407,417,431,455,113,413,413,424,443,443,443],"floor_reached":51,"playtime":6218,"items_purged":["Strike_B","Strike_B","Strike_B"],"score":876,"play_id":"ae8b197f-ced8-4a03-9d27-79f378f63875","local_time":"20190310170933","is_ascension_mode":true,"campfire_choices":[{"data":"Go for the Eyes","floor":7,"key":"SMITH"},{"data":"Zap","floor":12,"key":"SMITH"},{"floor":15,"key":"REST"},{"data":"Self Repair","floor":24,"key":"SMITH"},{"data":"Coolheaded","floor":30,"key":"SMITH"},{"data":"Streamline","floor":32,"key":"SMITH"},{"data":"Echo Form","floor":40,"key":"SMITH"},{"data":"Rainbow","floor":46,"key":"SMITH"},{"data":"Capacitor","floor":49,"key":"SMITH"}],"neow_cost":"NONE","seed_source_timestamp":3776109229087,"circlet_count":0,"master_deck":["Strike_B","Defend_B","Defend_B","Defend_B","Defend_B","Zap+1","Dualcast","Go for the Eyes+1","Cold Snap","Coolheaded+1","Cold Snap","Compile Driver","Conserve Battery","Sweeping Beam+1","Core Surge","Echo Form+1","Self Repair+1","Streamline+1","Force Field","Genetic Algorithm","Machine Learning","Leap","Coolheaded+1","Clumsy","Recycle","Ball Lightning","Ball Lightning+1","Rainbow+1","Capacitor+1","Fusion","Undo","Static Discharge","Consume+1"],"relics":["Cracked Core","Blood Vial","Du-Vu Doll","Incense Burner","Calipers","Dream Catcher","Snecko Eye","DataDisk","Ancient Tea Set","Omamori","Anchor","Calling Bell","Lantern","Letter Opener","Mango","Regal Pillow"],"potions_floor_usage":[50,50],"damage_taken":[{"damage":11,"enemies":"Small Slimes","floor":1,"turns":4},{"damage":0,"enemies":"Jaw Worm","floor":2,"turns":3},{"damage":0,"enemies":"Cultist","floor":4,"turns":3},{"damage":27,"enemies":"3 Sentries","floor":6,"turns":10},{"damage":4,"enemies":"Lagavulin","floor":8,"turns":11},{"damage":7,"enemies":"Exordium Wildlife","floor":10,"turns":3},{"damage":12,"enemies":"Gremlin Nob","floor":11,"turns":4},{"damage":0,"enemies":"2 Fungi Beasts","floor":13,"turns":3},{"damage":24,"enemies":"Slime Boss","floor":16,"turns":9},{"damage":13,"enemies":"2 Thieves","floor":18,"turns":4},{"damage":0,"enemies":"Shell Parasite","floor":20,"turns":8},{"damage":14,"enemies":"Centurion and Healer","floor":21,"turns":8},{"damage":18,"enemies":"Colosseum Slavers","floor":22,"turns":6},{"damage":30,"enemies":"Book of Stabbing","floor":23,"turns":7},{"damage":2,"enemies":"Snake Plant","floor":25,"turns":4},{"damage":6,"enemies":"Gremlin Leader","floor":27,"turns":7},{"damage":9,"enemies":"Chosen and Byrds","floor":28,"turns":6},{"damage":0,"enemies":"Snecko","floor":29,"turns":5},{"damage":0,"enemies":"Snake Plant","floor":31,"turns":4},{"damage":10,"enemies":"Champ","floor":33,"turns":18},{"damage":0,"enemies":"Orb Walker","floor":35,"turns":3},{"damage":14,"enemies":"3 Darklings","floor":36,"turns":8},{"damage":15,"enemies":"Sphere and 2 Shapes","floor":39,"turns":5},{"damage":6,"enemies":"Maw","floor":41,"turns":10},{"damage":18,"enemies":"Transient","floor":42,"turns":5},{"damage":0,"enemies":"3 Darklings","floor":47,"turns":5},{"damage":0,"enemies":"4 Shapes","floor":48,"turns":7},{"damage":75,"enemies":"Time Eater","floor":50,"turns":19}],"seed_played":"3823737165409472071","potions_obtained":[{"floor":4,"key":"Explosive Potion"},{"floor":6,"key":"Ancient Potion"},{"floor":10,"key":"Energy Potion"},{"floor":16,"key":"FairyPotion"},{"floor":23,"key":"PowerPotion"},{"floor":48,"key":"LiquidBronze"}],"is_trial":false,"path_per_floor":["M","M","$","M","?","E","R","E","T","M","E","R","M","?","R","B",null,"M","$","M","M","?","E","R","M","T","E","M","M","R","M","R","B",null,"M","M","$","?","M","R","M","M","T","$","?","R","M","M","R","B",null],"character_chosen":"DEFECT","items_purchased":["Self Repair","DataDisk","Capacitor","Fusion","Undo"],"campfire_rested":1,"item_purchase_floors":[19,19,44,44,44],"current_hp_per_floor":[64,66,66,68,73,48,48,46,46,41,31,31,33,33,57,35,80,67,67,80,80,69,55,55,55,55,61,74,80,80,80,80,80,94,94,90,90,81,78,78,94,94,94,94,94,94,94,94,94,19],"gold":443,"neow_bonus":"RANDOM_COMMON_RELIC","is_prod":false,"is_daily":false,"chose_seed":false,"campfire_upgraded":8,"win_rate":0,"timestamp":1552230573,"path_taken":["M","M","$","M","?","E","R","E","T","M","E","R","M","?","R","BOSS","M","$","M","?","?","E","R","M","T","E","M","M","R","M","R","BOSS","M","M","$","?","M","R","M","?","T","$","?","R","?","M","R","BOSS"],"build_version":"2019-01-23","purchased_purges":3,"victory":true,"max_hp_per_floor":[75,75,75,75,80,80,80,80,80,80,80,80,80,80,80,80,80,80,80,80,80,80,80,80,80,80,80,80,80,80,80,80,80,94,94,94,94,94,94,94,94,94,94,94,94,94,94,94,94,94],"card_choices":[{"not_picked":["Barrage","Rebound"],"picked":"Go for the Eyes","floor":1},{"not_picked":["Chaos","Barrage"],"picked":"Cold Snap","floor":2},{"not_picked":["Force Field","Reprogram"],"picked":"Coolheaded","floor":4},{"not_picked":["Redo","Amplify"],"picked":"Cold Snap","floor":6},{"not_picked":["Chill","Lockon"],"picked":"Compile Driver","floor":8},{"not_picked":["Sweeping Beam","Coolheaded"],"picked":"Conserve Battery","floor":10},{"not_picked":["Turbo","Barrage","Go for the Eyes"],"picked":"SKIP","floor":11},{"not_picked":["Scrape","Beam Cell"],"picked":"Sweeping Beam","floor":13},{"not_picked":["Turbo","Lockon"],"picked":"Core Surge","floor":15},{"not_picked":["All For One","Hyperbeam"],"picked":"Echo Form","floor":16},{"not_picked":["Streamline","Beam Cell+1","White Noise"],"picked":"SKIP","floor":18},{"not_picked":["Sweeping Beam","Rip and Tear"],"picked":"Streamline","floor":20},{"not_picked":["Streamline+1","Steam"],"picked":"Force Field","floor":21},{"not_picked":["Sweeping Beam+1","Static Discharge"],"picked":"Genetic Algorithm","floor":23},{"not_picked":["Streamline+1","Turbo","Compile Driver"],"picked":"SKIP","floor":25},{"not_picked":["Reprogram+1","Compile Driver"],"picked":"Machine Learning","floor":27},{"not_picked":["Coolheaded","Self Repair+1"],"picked":"Leap","floor":28},{"not_picked":["Rebound+1","Sweeping Beam+1","BootSequence+1"],"picked":"SKIP","floor":29},{"not_picked":["Consume","Gash"],"picked":"Coolheaded+1","floor":31},{"not_picked":["Sweeping Beam+1","Streamline+1"],"picked":"Recycle","floor":35},{"not_picked":["Genetic Algorithm+1","Stack+1"],"picked":"Ball Lightning","floor":36},{"not_picked":["Rip and Tear+1","Compile Driver+1"],"picked":"Ball Lightning+1","floor":39},{"not_picked":["Barrage+1","Ball Lightning"],"picked":"Rainbow","floor":41},{"not_picked":["Aggregate","Redo","Barrage"],"picked":"SKIP","floor":42},{"not_picked":["Fusion+1","Barrage"],"picked":"Static Discharge","floor":47},{"not_picked":["Stack","Heatsinks"],"picked":"Consume+1","floor":48}],"player_experience":746795,"relics_obtained":[{"floor":6,"key":"Du-Vu Doll"},{"floor":8,"key":"Incense Burner"},{"floor":9,"key":"Calipers"},{"floor":11,"key":"Dream Catcher"},{"floor":23,"key":"Ancient Tea Set"},{"floor":26,"key":"Omamori"},{"floor":27,"key":"Anchor"},{"floor":34,"key":"Lantern"},{"floor":34,"key":"Letter Opener"},{"floor":34,"key":"Mango"},{"floor":43,"key":"Regal Pillow"}],"event_choices":[{"damage_healed":0,"gold_gain":0,"player_choice":"Donut","damage_taken":0,"max_hp_gain":5,"max_hp_loss":0,"event_name":"Big Fish","floor":5,"gold_loss":0},{"damage_healed":0,"gold_gain":0,"player_choice":"Forge","damage_taken":0,"max_hp_gain":0,"max_hp_loss":0,"event_name":"Accursed Blacksmith","floor":14,"gold_loss":0,"cards_upgraded":["Sweeping Beam"]},{"damage_healed":0,"gold_gain":0,"player_choice":"Fight","damage_taken":0,"max_hp_gain":0,"max_hp_loss":0,"event_name":"Colosseum","floor":22,"gold_loss":0},{"damage_healed":0,"gold_gain":0,"player_choice":"Fled From Nobs","damage_taken":0,"max_hp_gain":0,"max_hp_loss":0,"event_name":"Colosseum","floor":22,"gold_loss":0},{"damage_healed":0,"gold_gain":75,"player_choice":"Touch","damage_taken":9,"max_hp_gain":0,"max_hp_loss":0,"event_name":"FaceTrader","floor":38,"gold_loss":0},{"damage_healed":0,"gold_gain":300,"player_choice":"Gold","damage_taken":0,"max_hp_gain":0,"max_hp_loss":0,"event_name":"Wheel of Change","floor":45,"gold_loss":0}],"is_beta":false,"boss_relics":[{"not_picked":["Tiny House","Coffee Dripper"],"picked":"Snecko Eye"},{"not_picked":["Eternal Feather","Astrolabe"],"picked":"Calling Bell"}],"items_purged_floors":[3,37,44],"is_endless":false,"potions_floor_spawned":[4,6,10,13,16,21,23,28,29,35,48],"ascension_level":4}