{"gold_per_floor":[118,43,61,61,75,75,94,106,106,106,134,134,149,18,18,91,91,91],"floor_reached":18,"playtime":840,"items_purged":["Regret"],"score":300,"play_id":"39433ef0-ea12-4577-a6f2-49dc6dac0979","local_time":"20190309123706","is_ascension_mode":true,"campfire_choices":[{"data":"Sweeping Beam","floor":6,"key":"SMITH"},{"data":"Melter","floor":10,"key":"SMITH"},{"data":"Tempest","floor":15,"key":"SMITH"}],"neow_cost":"NONE","seed_source_timestamp":173611013914228,"circlet_count":0,"master_deck":["AscendersBane","Strike_B","Strike_B","Strike_B","Defend_B","Defend_B","Defend_B","Defend_B","Zap+1","Dualcast","Sweeping Beam+1","Chill+1","FTL","Melter+1","Conserve Battery","Tempest+1","Multi-Cast"],"relics":["Cracked Core","Juzu Bracelet","Bronze Scales","Dodecahedron","Snecko Eye"],"potions_floor_usage":[16,16],"damage_taken":[{"damage":3,"enemies":"Small Slimes","floor":1,"turns":3},{"damage":0,"enemies":"2 Louse","floor":3,"turns":2},{"damage":0,"enemies":"Jaw Worm","floor":5,"turns":3},{"damage":14,"enemies":"Exordium Thugs","floor":7,"turns":4},{"damage":1,"enemies":"Exordium Wildlife","floor":8,"turns":2},{"damage":6,"enemies":"Lagavulin","floor":11,"turns":5},{"damage":2,"enemies":"3 Louse","floor":13,"turns":2},{"damage":7,"enemies":"Slime Boss","floor":16,"turns":5},{"damage":0,"enemies":"2 Thieves","floor":18,"turns":1}],"seed_played":"-1501290227186268430","potions_obtained":[{"floor":1,"key":"Weak Potion"},{"floor":7,"key":"EssenceOfSteel"},{"floor":11,"key":"FocusPotion"}],"is_trial":false,"path_per_floor":["?","?","?"],"character_chosen":"DEFECT","items_purchased":["PowerPotion"],"campfire_rested":0,"item_purchase_floors":[14],"current_hp_per_floor":[61,61,61,61,61,61,47,46,46,46,40,40,38,38,38,31,61,61],"gold":91,"neow_bonus":"UPGRADE_CARD","is_prod":false,"is_daily":false,"chose_seed":false,"campfire_upgraded":3,"win_rate":0,"timestamp":1552153026,"path_taken":["M","?","M","?","M","R","M","M","T","R","E","?","M","$","R","BOSS","M"],"build_version":"2019-01-23","purchased_purges":1,"victory":false,"max_hp_per_floor":[71,71,71,71,71,71,71,71,71,71,71,71,71,71,71,71,71,71],"card_choices":[{"not_picked":["Blizzard","Turbo"],"picked":"Sweeping Beam","floor":1},{"not_picked":["Gash","Beam Cell"],"picked":"Chill","floor":3},{"not_picked":["Genetic Algorithm","Turbo"],"picked":"FTL","floor":5},{"not_picked":["Aggregate","Redo"],"picked":"Melter","floor":7},{"not_picked":["Rebound","Turbo"],"picked":"Conserve Battery","floor":8},{"not_picked":["Redo","Rip and Tear","Tempest"],"picked":"SKIP","floor":11},{"not_picked":["Sunder","Sweeping Beam"],"picked":"Tempest","floor":13},{"not_picked":["Buffer","Meteor Strike"],"picked":"Multi-Cast","floor":16}],"player_experience":580598,"relics_obtained":[{"floor":9,"key":"Juzu Bracelet"},{"floor":11,"key":"Bronze Scales"}],"event_choices":[{"cards_removed":["Strike_B"],"damage_healed":0,"gold_gain":0,"player_choice":"Card Removal","damage_taken":0,"max_hp_gain":0,"max_hp_loss":0,"event_name":"The Cleric","floor":2,"gold_loss":75},{"damage_healed":0,"gold_gain":0,"player_choice":"Grow","damage_taken":0,"max_hp_gain":0,"max_hp_loss":0,"event_name":"Living Wall","floor":4,"gold_loss":0,"cards_upgraded":["Chill"]},{"damage_healed":0,"gold_gain":0,"player_choice":"Box","damage_taken":0,"relics_obtained":["Dodecahedron"],"max_hp_gain":0,"max_hp_loss":0,"event_name":"Big Fish","floor":12,"gold_loss":0,"cards_obtained":["Regret"]}],"is_beta":false,"boss_relics":[{"not_picked":["Sozu","Runic Dome"],"picked":"Snecko Eye"}],"items_purged_floors":[14],"is_endless":false,"potions_floor_spawned":[1,7,11,13],"killed_by":"2 Thieves","ascension_level":17}