{"gold_per_floor":[10,10,23,35,51,51,51,51,78,78,97,97,97,108,108,108],"floor_reached":16,"playtime":498,"items_purged":[],"score":175,"play_id":"45a0af56-f2c2-4525-b7b9-467a2aec8ef7","local_time":"20180928213129","is_ascension_mode":true,"campfire_choices":[{"data":"Backflip","floor":6,"key":"SMITH"},{"data":"Doppelganger","floor":8,"key":"SMITH"},{"data":"Predator","floor":10,"key":"SMITH"},{"data":"Predator","floor":12,"key":"SMITH"},{"data":"Caltrops","floor":15,"key":"SMITH"}],"neow_cost":"NO_GOLD","seed_source_timestamp":778748977292470,"circlet_count":0,"master_deck":["Defend_G","Defend_G","Defend_G","Defend_G","Defend_G","Strike_G","Strike_G","Strike_G+1","Survivor","Neutralize","AscendersBane","Reflex","Quick Slash+1","Backflip+1","PiercingWail","Predator+1","Doppelganger+1","Predator+1","Finisher","Caltrops+1"],"relics":["Ring of the Snake","Potion Belt"],"potions_floor_usage":[14,16],"damage_taken":[{"damage":8,"enemies":"Cultist","floor":1,"turns":6},{"damage":2,"enemies":"Small Slimes","floor":3,"turns":4},{"damage":2,"enemies":"Jaw Worm","floor":4,"turns":5},{"damage":0,"enemies":"Blue Slaver","floor":5,"turns":6},{"damage":5,"enemies":"Looter","floor":11,"turns":2},{"damage":0,"enemies":"Exordium Wildlife","floor":14,"turns":3},{"damage":26,"enemies":"The Guardian","floor":16,"turns":2}],"seed_played":"2930757530182945772","potions_obtained":[{"floor":3,"key":"Energy Potion"},{"floor":4,"key":"AttackPotion"}],"is_trial":false,"path_per_floor":["M","?","M","M","M","R","?","R","T","R","M","R","?","M","R"],"character_chosen":"THE_SILENT","items_purchased":[],"campfire_rested":0,"item_purchase_floors":[],"current_hp_per_floor":[51,31,29,27,27,27,27,27,27,27,22,22,22,22,22,0],"gold":108,"neow_bonus":"TRANSFORM_TWO_CARDS","is_prod":false,"is_daily":false,"chose_seed":false,"campfire_upgraded":5,"win_rate":0,"timestamp":1538163089,"path_taken":["M","?","M","M","M","R","?","R","T","R","M","R","?","M","R","BOSS"],"build_version":"2018-09-27","purchased_purges":0,"victory":false,"max_hp_per_floor":[66,66,66,66,66,66,66,66,66,66,66,66,66,66,66,66],"card_choices":[{"not_picked":["Acrobatics","Heel Hook"],"picked":"Quick Slash","floor":1},{"not_picked":["Tactician","Deadly Poison"],"picked":"Backflip","floor":3},{"not_picked":["Skewer","Dagger Throw"],"picked":"PiercingWail","floor":4},{"not_picked":["Flying Knee","Poisoned Stab"],"picked":"Predator","floor":5},{"not_picked":["Flying Knee","Poisoned Stab"],"picked":"Predator","floor":11},{"not_picked":["Concentrate","Dodge and Roll"],"picked":"Caltrops","floor":14}],"player_experience":1282896,"relics_obtained":[{"floor":9,"key":"Potion Belt"}],"event_choices":[{"event_name":"Shining Light","player_choice":"Entered Light","floor":2,"damage_taken":0},{"event_name":"Match and Keep!","player_choice":"1 cards matched","floor":7,"damage_taken":0},{"event_name":"Transmorgrifier","player_choice":"Transform","floor":13,"damage_taken":0}],"is_beta":false,"boss_relics":[],"items_purged_floors":[],"is_endless":false,"potions_floor_spawned":[3,4],"killed_by":"The Guardian","ascension_level":18}