{"gold_per_floor":[118,118,131,0,11,11,30,57,126,140,140,171,171,185,185,279,279,295,318,318,333,354,392,392,431,431,431,12,12,48,48,48,48],"floor_reached":33,"playtime":1981,"items_purged":[],"score":680,"play_id":"eb8cd936-3425-48de-af20-f27ca537628c","local_time":"20190129135545","is_ascension_mode":true,"campfire_choices":[{"data":"Bash","floor":6,"key":"SMITH"},{"floor":13,"key":"REST"},{"data":"Spot Weakness","floor":15,"key":"SMITH"},{"data":"Inflame","floor":24,"key":"SMITH"},{"data":"Pommel Strike","floor":32,"key":"SMITH"}],"neow_cost":"TEN_PERCENT_HP_LOSS","seed_source_timestamp":1167751591582360,"circlet_count":0,"master_deck":["AscendersBane","Strike_R","Strike_R","Strike_R","Defend_R","Defend_R+1","Defend_R","Defend_R","Bash+1","Spot Weakness+1","Dual Wield+1","Flame Barrier","Anger","Shrug It Off","Pommel Strike","Headbutt","Shrug It Off","Pommel Strike+1","Reaper","Power Through","Inflame+1","Writhe","Clothesline+1","Disarm+1","Ghostly","Ghostly","Ghostly","Apotheosis","Second Wind+1"],"relics":["Burning Blood","Ice Cream","Centennial Puzzle","Bottled Lightning","Golden Idol","War Paint","Snecko Eye","Vajra","Shuriken","Mummified Hand","Blue Candle","Strange Spoon","Regal Pillow","Omamori"],"potions_floor_usage":[8,8,12,21,33],"damage_taken":[{"damage":7,"enemies":"Cultist","floor":1,"turns":4},{"damage":17,"enemies":"Small Slimes","floor":3,"turns":5},{"damage":2,"enemies":"Jaw Worm","floor":5,"turns":4},{"damage":3,"enemies":"Blue Slaver","floor":7,"turns":5},{"damage":0,"enemies":"Lagavulin","floor":8,"turns":5},{"damage":12,"enemies":"Exordium Wildlife","floor":10,"turns":3},{"damage":25,"enemies":"Gremlin Nob","floor":12,"turns":4},{"damage":6,"enemies":"Looter","floor":14,"turns":3},{"damage":10,"enemies":"Hexaghost","floor":16,"turns":9},{"damage":10,"enemies":"2 Thieves","floor":18,"turns":3},{"damage":12,"enemies":"Shell Parasite","floor":19,"turns":3},{"damage":2,"enemies":"Cultist and Chosen","floor":21,"turns":5},{"damage":23,"enemies":"Chosen and Byrds","floor":22,"turns":5},{"damage":37,"enemies":"Gremlin Leader","floor":23,"turns":6},{"damage":45,"enemies":"Slavers","floor":25,"turns":8},{"damage":4,"enemies":"Gremlin Leader","floor":30,"turns":8},{"damage":51,"enemies":"Champ","floor":33,"turns":10}],"seed_played":"6267455923656268908","potions_obtained":[{"floor":3,"key":"PowerPotion"},{"floor":8,"key":"Ancient Potion"},{"floor":10,"key":"Ancient Potion"},{"floor":22,"key":"Dexterity Potion"},{"floor":25,"key":"Weak Potion"}],"is_trial":false,"path_per_floor":["M","?","M","$","M","R","M","E","T","M","?","E","R","M","R","B",null,"M","M","?","M","M","E","R","E","T","?","$","T","E","$","R","B"],"character_chosen":"IRONCLAD","items_purchased":["Anger","Shrug It Off","Block Potion","Strange Spoon","Apotheosis"],"campfire_rested":1,"item_purchase_floors":[4,4,4,28,28],"current_hp_per_floor":[67,32,21,21,25,25,28,34,34,28,28,9,27,27,27,23,52,56,56,56,62,45,27,27,21,21,21,21,21,31,31,31,0],"gold":48,"neow_bonus":"TRANSFORM_TWO_CARDS","is_prod":false,"is_daily":false,"chose_seed":false,"campfire_upgraded":4,"win_rate":0,"timestamp":1548766545,"path_taken":["M","?","M","$","M","R","M","E","T","M","?","E","R","M","R","BOSS","M","M","?","M","M","E","R","E","T","?","$","?","E","?","R","BOSS"],"build_version":"2019-01-23","purchased_purges":0,"victory":false,"max_hp_per_floor":[68,68,68,68,68,68,68,68,68,68,62,62,62,62,62,62,62,62,62,62,62,62,62,62,62,62,31,31,31,31,31,31,31],"card_choices":[{"not_picked":["Clash","Armaments","Flex"],"picked":"SKIP","floor":1},{"not_picked":["Heavy Blade","Body Slam"],"picked":"Flame Barrier","floor":3},{"not_picked":["Shrug It Off","Power Through"],"picked":"Pommel Strike","floor":5},{"not_picked":["Heavy Blade","Bloodletting","Warcry"],"picked":"SKIP","floor":7},{"not_picked":["Barricade","Heavy Blade"],"picked":"Headbutt","floor":8},{"not_picked":["Dual Wield","Combust","Bloodletting"],"picked":"SKIP","floor":10},{"not_picked":["Sentinel","Pummel"],"picked":"Shrug It Off","floor":12},{"not_picked":["Wild Strike","Clash"],"picked":"Pommel Strike","floor":14},{"not_picked":["Impervious","Feed"],"picked":"Reaper","floor":16},{"not_picked":["Sword Boomerang","Clothesline"],"picked":"Power Through","floor":18},{"not_picked":["Body Slam","Wild Strike"],"picked":"Inflame","floor":19},{"not_picked":["Armaments","Cleave","Rupture"],"picked":"SKIP","floor":21},{"not_picked":["Hemokinesis","Twin Strike"],"picked":"Clothesline+1","floor":22},{"not_picked":["Wild Strike","Havoc","Clothesline"],"picked":"SKIP","floor":23},{"not_picked":["Clothesline","Shockwave+1"],"picked":"Disarm+1","floor":25},{"not_picked":["Armaments","Berserk"],"picked":"Second Wind+1","floor":30}],"player_experience":1822312,"relics_obtained":[{"floor":8,"key":"Centennial Puzzle"},{"floor":9,"key":"Bottled Lightning"},{"floor":12,"key":"War Paint"},{"floor":23,"key":"Shuriken"},{"floor":25,"key":"Mummified Hand"},{"floor":26,"key":"Blue Candle"},{"floor":29,"key":"Regal Pillow"},{"floor":30,"key":"Omamori"}],"event_choices":[{"damage_healed":0,"gold_gain":0,"player_choice":"Success","damage_taken":35,"relics_obtained":["Ice Cream"],"max_hp_gain":0,"max_hp_loss":0,"event_name":"Scrap Ooze","floor":2,"gold_loss":0},{"damage_healed":0,"gold_gain":0,"player_choice":"Lose Max HP","damage_taken":0,"relics_obtained":["Golden Idol"],"max_hp_gain":0,"max_hp_loss":6,"event_name":"Golden Idol","floor":11,"gold_loss":0},{"damage_healed":0,"gold_gain":0,"player_choice":"Opened","damage_taken":0,"relics_obtained":["Vajra"],"max_hp_gain":0,"max_hp_loss":0,"event_name":"The Mausoleum","floor":20,"gold_loss":0,"cards_obtained":["Writhe"]},{"damage_healed":0,"gold_gain":0,"player_choice":"Became a Ghost","damage_taken":0,"max_hp_gain":0,"max_hp_loss":31,"event_name":"Ghosts","floor":27,"gold_loss":0,"cards_obtained":["Ghostly","Ghostly","Ghostly"]}],"is_beta":false,"boss_relics":[{"not_picked":["Black Blood","Runic Dome"],"picked":"Snecko Eye"}],"items_purged_floors":[],"is_endless":false,"potions_floor_spawned":[3,8,10,22,25,30],"killed_by":"Champ","ascension_level":20}