{"gold_per_floor":[118,118,130,140,140,140,170,182,243,267,290,302,334,362,374,386],"floor_reached":16,"playtime":997,"items_purged":[],"score":135,"play_id":"5df0d8a7-43e1-419e-916e-c8679903c7e4","local_time":"20190217153003","is_ascension_mode":true,"campfire_choices":[{"data":"Conserve Battery","floor":6,"key":"SMITH"},{"floor":12,"key":"REST"},{"data":"Compile Driver","floor":15,"key":"SMITH"}],"neow_cost":"NONE","seed_source_timestamp":304500950089400,"circlet_count":0,"master_deck":["Strike_B","Strike_B","Strike_B","Defend_B","Defend_B","Defend_B","Defend_B","Zap+1","Dualcast","Dramatic Entrance","Conserve Battery+1","Leap","BootSequence","Glacier","Compile Driver+1"],"relics":["Cracked Core","MawBank","Happy Flower","Bag of Preparation"],"potions_floor_usage":[14,16,16],"damage_taken":[{"damage":8,"enemies":"Small Slimes","floor":1,"turns":3},{"damage":0,"enemies":"2 Louse","floor":3,"turns":2},{"damage":0,"enemies":"Jaw Worm","floor":4,"turns":3},{"damage":30,"enemies":"3 Sentries","floor":7,"turns":9},{"damage":3,"enemies":"Exordium Thugs","floor":10,"turns":6},{"damage":0,"enemies":"Lots of Slimes","floor":11,"turns":3},{"damage":0,"enemies":"Blue Slaver","floor":13,"turns":4},{"damage":0,"enemies":"Exordium Thugs","floor":14,"turns":4},{"damage":37,"enemies":"Hexaghost","floor":16,"turns":16}],"seed_played":"-4183038250140717318","potions_obtained":[{"floor":7,"key":"Fire Potion"},{"floor":10,"key":"Block Potion"},{"floor":14,"key":"Ancient Potion"}],"is_trial":false,"path_per_floor":["M","?","M","M","?","R","E","?","T","M","M","R","M","M","R","B"],"character_chosen":"DEFECT","items_purchased":[],"campfire_rested":1,"item_purchase_floors":[],"current_hp_per_floor":[60,53,53,53,53,53,23,16,16,13,13,35,35,35,35,0],"gold":386,"neow_bonus":"RANDOM_COLORLESS","is_prod":false,"is_daily":false,"chose_seed":false,"campfire_upgraded":2,"win_rate":0,"timestamp":1550435403,"path_taken":["M","?","M","M","?","R","E","?","T","?","M","R","M","M","R","BOSS"],"build_version":"2019-01-23","purchased_purges":0,"victory":false,"max_hp_per_floor":[75,75,75,75,75,75,75,75,75,75,75,75,75,75,75,75],"card_choices":[{"not_picked":["Cold Snap","Force Field"],"picked":"Conserve Battery","floor":1},{"not_picked":["Lockon","Stack"],"picked":"Leap","floor":3},{"not_picked":["Cold Snap","Doom and Gloom"],"picked":"BootSequence","floor":4},{"not_picked":["Self Repair","Biased Cognition"],"picked":"Glacier","floor":7},{"not_picked":["Storm","Turbo"],"picked":"Compile Driver","floor":10},{"not_picked":["Stack","Rebound","Go for the Eyes"],"picked":"SKIP","floor":11},{"not_picked":["Gash","Redo","Fusion"],"picked":"SKIP","floor":13},{"not_picked":["Storm","Sunder","Rebound"],"picked":"SKIP","floor":14}],"player_experience":260425,"relics_obtained":[{"floor":7,"key":"MawBank"},{"floor":9,"key":"Bag of Preparation"}],"event_choices":[{"cards_removed":["Strike_B"],"damage_healed":0,"gold_gain":0,"player_choice":"Card Removal","damage_taken":7,"max_hp_gain":0,"max_hp_loss":0,"event_name":"Golden Wing","floor":2,"gold_loss":0},{"damage_healed":0,"gold_gain":0,"player_choice":"Grow","damage_taken":0,"max_hp_gain":0,"max_hp_loss":0,"event_name":"Living Wall","floor":5,"gold_loss":0,"cards_upgraded":["Zap"]},{"damage_healed":0,"gold_gain":0,"player_choice":"Success","damage_taken":7,"relics_obtained":["Happy Flower"],"max_hp_gain":0,"max_hp_loss":0,"event_name":"Scrap Ooze","floor":8,"gold_loss":0}],"is_beta":false,"boss_relics":[],"items_purged_floors":[],"is_endless":false,"potions_floor_spawned":[7,10,14],"killed_by":"Hexaghost","ascension_level":6}