{"gold_per_floor":[117,167,186,186,166,196,196,211,211,211],"floor_reached":10,"playtime":457,"items_purged":[],"score":132,"play_id":"9e26d297-3bbb-4cc4-a536-ef0e0e6adc40","local_time":"20190224205051","is_ascension_mode":true,"campfire_choices":[{"data":"Burst","floor":7,"key":"SMITH"}],"neow_cost":"NONE","seed_source_timestamp":688657211090671,"circlet_count":0,"master_deck":["AscendersBane","Defend_G","Defend_G","Defend_G","Defend_G","Defend_G","Strike_G","Strike_G","Strike_G","Strike_G","Strike_G","Survivor","Neutralize+1","Endless Agony","Endless Agony","Burst+1","Cloak And Dagger"],"relics":["Ring of the Snake","PreservedInsect","Dodecahedron","Anchor"],"potions_floor_usage":[10],"damage_taken":[{"damage":7,"enemies":"Jaw Worm","floor":1,"turns":6},{"damage":0,"enemies":"Cultist","floor":3,"turns":4},{"damage":19,"enemies":"3 Sentries","floor":6,"turns":10},{"damage":0,"enemies":"2 Louse","floor":8,"turns":4},{"damage":34,"enemies":"Lagavulin","floor":10,"turns":10}],"seed_played":"-2964152796061012017","potions_obtained":[{"floor":1,"key":"Block Potion"},{"floor":3,"key":"Swift Potion"},{"floor":5,"key":"Fruit Juice"}],"is_trial":false,"path_per_floor":["M","?","M","?","?","E","R","M","T","E"],"character_chosen":"THE_SILENT","items_purchased":[],"campfire_rested":0,"item_purchase_floors":[],"current_hp_per_floor":[52,52,52,52,52,33,33,33,33,0],"gold":211,"neow_bonus":"RANDOM_COMMON_RELIC","is_prod":false,"is_daily":false,"chose_seed":false,"campfire_upgraded":1,"win_rate":0,"timestamp":1551037851,"path_taken":["M","?","?","?","?","E","R","M","T","E"],"build_version":"2019-01-23","purchased_purges":0,"victory":false,"max_hp_per_floor":[66,66,66,66,66,66,66,66,66,66],"card_choices":[{"not_picked":["Blade Dance","Riddle With Holes"],"picked":"Endless Agony","floor":1},{"not_picked":["Dodge and Roll","Leg Sweep"],"picked":"Endless Agony","floor":3},{"not_picked":["Accuracy","Dodge and Roll"],"picked":"Burst","floor":6},{"not_picked":["Distraction","Outmaneuver"],"picked":"Cloak And Dagger","floor":8}],"player_experience":1929266,"relics_obtained":[{"floor":6,"key":"Dodecahedron"},{"floor":9,"key":"Anchor"}],"event_choices":[{"damage_healed":0,"gold_gain":50,"player_choice":"Pray","damage_taken":0,"max_hp_gain":0,"max_hp_loss":0,"event_name":"Golden Shrine","floor":2,"gold_loss":0},{"damage_healed":0,"gold_gain":0,"player_choice":"Grow","damage_taken":0,"max_hp_gain":0,"max_hp_loss":0,"event_name":"Living Wall","floor":4,"gold_loss":0,"cards_upgraded":["Neutralize"]},{"damage_healed":0,"gold_gain":0,"player_choice":"Bought 1 Potion","damage_taken":0,"max_hp_gain":0,"max_hp_loss":0,"event_name":"The Woman in Blue","floor":5,"gold_loss":0}],"is_beta":false,"boss_relics":[],"items_purged_floors":[],"is_endless":false,"potions_floor_spawned":[1,3],"killed_by":"Lagavulin","ascension_level":20}