{"gold_per_floor":[116,127,140,44,44,44,44,44,71,71,83,100,114,125,125,228,228,243,263,279,279,299,299],"floor_reached":23,"playtime":838,"items_purged":[],"score":196,"play_id":"de7494af-ce58-4de7-a258-21f7cee206ae","local_time":"20190309072237","is_ascension_mode":true,"campfire_choices":[{"data":"Flash of Steel","floor":6,"key":"SMITH"},{"data":"Spot Weakness","floor":8,"key":"SMITH"},{"data":"Bash","floor":10,"key":"SMITH"},{"data":"Flex","floor":15,"key":"SMITH"}],"neow_cost":"NONE","seed_source_timestamp":3777003867647,"circlet_count":0,"master_deck":["Strike_R","Strike_R","Strike_R","Strike_R","Defend_R","Defend_R","Defend_R","Defend_R","Bash+1","Inflame","Twin Strike","Spot Weakness+1","Flash of Steel+1","Perfected Strike","Shrug It Off","Whirlwind","Flex+1","Reaper","Heavy Blade+1","Twin Strike","Inflame+1","Pummel+1"],"relics":["Burning Blood","Ancient Tea Set","Nloth\u0027s Gift"],"potions_floor_usage":[16,16,16,22],"damage_taken":[{"damage":0,"enemies":"Cultist","floor":1,"turns":1},{"damage":0,"enemies":"Jaw Worm","floor":2,"turns":1},{"damage":0,"enemies":"Small Slimes","floor":3,"turns":1},{"damage":11,"enemies":"Gremlin Gang","floor":11,"turns":4},{"damage":20,"enemies":"Looter","floor":12,"turns":3},{"damage":0,"enemies":"Red Slaver","floor":13,"turns":4},{"damage":11,"enemies":"Large Slime","floor":14,"turns":5},{"damage":14,"enemies":"Hexaghost","floor":16,"turns":8},{"damage":42,"enemies":"2 Thieves","floor":18,"turns":4},{"damage":10,"enemies":"Chosen","floor":19,"turns":3},{"damage":21,"enemies":"Snake Plant","floor":20,"turns":3},{"damage":20,"enemies":"Snecko","floor":22,"turns":4},{"damage":37,"enemies":"Gremlin Leader","floor":23,"turns":4}],"seed_played":"-5779406113915688683","potions_obtained":[{"floor":3,"key":"SpeedPotion"},{"floor":11,"key":"Dexterity Potion"},{"floor":13,"key":"AttackPotion"},{"floor":18,"key":"Swift Potion"},{"floor":19,"key":"AttackPotion"}],"is_trial":false,"path_per_floor":["M","M","M","$","?","R","$","R","T","R","M","M","M","M","R","B",null,"M","M","M","?","M","E"],"character_chosen":"IRONCLAD","items_purchased":["Flash of Steel"],"campfire_rested":0,"item_purchase_floors":[4],"current_hp_per_floor":[80,80,80,80,80,80,80,80,80,80,75,61,67,62,62,54,80,54,50,35,35,28,0],"gold":299,"neow_bonus":"THREE_ENEMY_KILL","is_prod":false,"is_daily":false,"chose_seed":false,"campfire_upgraded":4,"win_rate":0,"timestamp":1552083757,"path_taken":["M","?","M","$","?","R","?","R","T","R","M","?","M","M","R","BOSS","M","M","?","?","M","E"],"build_version":"2019-01-23","purchased_purges":0,"victory":false,"max_hp_per_floor":[80,80,80,80,80,80,80,80,80,80,80,80,80,80,80,80,80,80,80,80,80,80,80],"card_choices":[{"not_picked":["Sword Boomerang","Entrench"],"picked":"Inflame","floor":1},{"not_picked":["Headbutt","Havoc"],"picked":"Twin Strike","floor":2},{"not_picked":["Iron Wave","Rage"],"picked":"Spot Weakness","floor":3},{"not_picked":["Clothesline","Body Slam"],"picked":"Perfected Strike","floor":11},{"not_picked":["Body Slam","Sword Boomerang"],"picked":"Shrug It Off","floor":12},{"not_picked":["Infernal Blade","Anger"],"picked":"Whirlwind","floor":13},{"not_picked":["Combust","Seeing Red"],"picked":"Flex","floor":14},{"not_picked":["Double Tap","Dark Embrace"],"picked":"Reaper","floor":16},{"not_picked":["Anger","Armaments"],"picked":"Heavy Blade+1","floor":18},{"not_picked":["Thunderclap","Rage"],"picked":"Twin Strike","floor":19},{"not_picked":["Headbutt+1","Sword Boomerang"],"picked":"Inflame+1","floor":20},{"not_picked":["Brutality","Clothesline"],"picked":"Pummel+1","floor":22}],"player_experience":240296,"relics_obtained":[{"floor":9,"key":"Ancient Tea Set"}],"event_choices":[{"cards_removed":["Strike_R"],"damage_healed":0,"gold_gain":0,"player_choice":"Purged","damage_taken":0,"max_hp_gain":0,"max_hp_loss":0,"event_name":"Purifier","floor":5,"gold_loss":0},{"damage_healed":0,"gold_gain":0,"player_choice":"Traded Relic","damage_taken":0,"relics_obtained":["Nloth\u0027s Gift"],"max_hp_gain":0,"max_hp_loss":0,"event_name":"N\u0027loth","floor":21,"relics_lost":["NeowsBlessing"],"gold_loss":0}],"is_beta":false,"boss_relics":[{"not_picked":["Ectoplasm","Runic Pyramid","Mark of Pain"]}],"items_purged_floors":[],"is_endless":false,"potions_floor_spawned":[3,11,13,18,19],"killed_by":"Gremlin Leader","ascension_level":1}