{"gold_per_floor":[114,30,46,46,61,93,93,93,93,180,192,229,252,282,294,377,389,421,348,378,315,327],"floor_reached":22,"playtime":951,"items_purged":[],"score":438,"play_id":"334f1036-5679-40f6-90e9-08711aab13b7","local_time":"20190108131824","is_ascension_mode":true,"campfire_choices":[{"data":"Zap","floor":7,"key":"SMITH"},{"data":"Rip and Tear","floor":11,"key":"SMITH"},{"data":"Sunder","floor":15,"key":"SMITH"}],"neow_cost":"CURSE","seed_source_timestamp":1259206874775364,"circlet_count":0,"master_deck":["AscendersBane","Strike_B","Strike_B","Defend_B","Defend_B","Defend_B","Defend_B","Zap+1","Dualcast","Clumsy","Echo Form","Cold Snap","Genetic Algorithm","Compile Driver","Rip and Tear+1","All For One","Sunder+1","Undo","Loop","Core Surge","Leap","Steam Power"],"relics":["FrozenCore","Ornamental Fan","Pen Nib","MawBank","Juzu Bracelet","Singing Bowl"],"potions_floor_usage":[6,16,22],"damage_taken":[{"damage":1,"enemies":"Cultist","floor":1,"turns":4},{"damage":0,"enemies":"2 Louse","floor":3,"turns":3},{"damage":5,"enemies":"Small Slimes","floor":5,"turns":2},{"damage":0,"enemies":"Lagavulin","floor":6,"turns":4},{"damage":21,"enemies":"Gremlin Nob","floor":12,"turns":4},{"damage":8,"enemies":"Blue Slaver","floor":13,"turns":2},{"damage":0,"enemies":"Large Slime","floor":14,"turns":4},{"damage":8,"enemies":"Slime Boss","floor":16,"turns":9},{"damage":11,"enemies":"Spheric Guardian","floor":18,"turns":6},{"damage":0,"enemies":"2 Thieves","floor":20,"turns":4},{"damage":25,"enemies":"Colosseum Slavers","floor":22,"turns":6},{"damage":39,"enemies":"Colosseum Nobs","floor":22,"turns":3}],"seed_played":"-5207232550929349946","potions_obtained":[{"floor":3,"key":"AttackPotion"},{"floor":12,"key":"Fire Potion"},{"floor":14,"key":"Poison Potion"},{"floor":16,"key":"Weak Potion"}],"is_trial":false,"path_per_floor":["M","$","M","?","M","E","R","?","T","?","R","E","M","M","R","B",null,"M","?","M","?","?"],"character_chosen":"DEFECT","items_purchased":["Genetic Algorithm"],"campfire_rested":0,"item_purchase_floors":[2],"current_hp_per_floor":[63,63,63,58,53,53,53,58,58,47,47,26,18,18,18,10,60,49,49,51,51,0],"gold":327,"neow_bonus":"THREE_RARE_CARDS","is_prod":false,"is_daily":false,"chose_seed":false,"campfire_upgraded":3,"win_rate":0,"timestamp":1546949904,"path_taken":["M","?","M","?","M","E","R","?","T","?","R","E","M","M","R","BOSS","M","?","M","?","?"],"build_version":"2019-01-03v4","purchased_purges":0,"victory":false,"max_hp_per_floor":[71,71,71,71,71,71,71,76,76,76,76,76,76,76,76,76,76,76,76,78,78,78],"card_choices":[{"not_picked":["Hyperbeam","Buffer"],"picked":"Echo Form","floor":0},{"not_picked":["Stack","Steam"],"picked":"Cold Snap","floor":1},{"not_picked":["Rebound","Storm"],"picked":"Compile Driver","floor":3},{"not_picked":["Rebound","Heatsinks"],"picked":"Rip and Tear","floor":5},{"not_picked":["Stack","Leap"],"picked":"All For One","floor":6},{"not_picked":["Self Repair","Force Field"],"picked":"Sunder","floor":12},{"not_picked":["Chaos","Ball Lightning"],"picked":"Undo","floor":13},{"not_picked":["Turbo","Hologram"],"picked":"Loop","floor":14},{"not_picked":["Seek","All For One"],"picked":"Core Surge","floor":16},{"not_picked":["Aggregate","Chaos","Turbo"],"picked":"SKIP","floor":18},{"not_picked":["Beam Cell","Aggregate","Force Field"],"picked":"Singing Bowl","floor":20}],"player_experience":1771303,"relics_obtained":[{"floor":6,"key":"Pen Nib"},{"floor":9,"key":"MawBank"},{"floor":12,"key":"Juzu Bracelet"}],"event_choices":[{"damage_healed":0,"gold_gain":0,"player_choice":"Success","damage_taken":5,"relics_obtained":["Ornamental Fan"],"max_hp_gain":0,"max_hp_loss":0,"event_name":"Scrap Ooze","floor":4,"gold_loss":0},{"damage_healed":0,"gold_gain":0,"player_choice":"Donut","damage_taken":0,"max_hp_gain":5,"max_hp_loss":0,"event_name":"Big Fish","floor":8,"gold_loss":0},{"damage_healed":0,"gold_gain":75,"player_choice":"Gather Gold","damage_taken":11,"max_hp_gain":0,"max_hp_loss":0,"event_name":"World of Goop","floor":10,"gold_loss":0},{"damage_healed":0,"gold_gain":0,"player_choice":"Obtained Relic","damage_taken":0,"relics_obtained":["Singing Bowl"],"max_hp_gain":0,"max_hp_loss":0,"event_name":"Addict","floor":19,"gold_loss":85},{"damage_healed":0,"gold_gain":0,"cards_transformed":["Strike_B","Strike_B"],"player_choice":"Transformed Cards","damage_taken":0,"max_hp_gain":0,"max_hp_loss":0,"event_name":"Designer","floor":21,"gold_loss":75,"cards_obtained":["Leap","Steam Power"]},{"damage_healed":0,"gold_gain":0,"player_choice":"Fight","damage_taken":0,"max_hp_gain":0,"max_hp_loss":0,"event_name":"Colosseum","floor":22,"gold_loss":0},{"damage_healed":0,"gold_gain":0,"player_choice":"Fought Nobs","damage_taken":0,"max_hp_gain":0,"max_hp_loss":0,"event_name":"Colosseum","floor":22,"gold_loss":0}],"is_beta":false,"boss_relics":[{"not_picked":["White Beast Statue","Nuclear Battery"],"picked":"FrozenCore"}],"items_purged_floors":[],"is_endless":false,"potions_floor_spawned":[3,12,14,16,18],"killed_by":"Colosseum Nobs","ascension_level":20}