{"gold_per_floor":[213,227,33,33,50,50,60,60,60,60,135,9,9,35,35,135,135,108,108,120],"floor_reached":20,"playtime":852,"items_purged":["Strike_B"],"score":204,"play_id":"24ba95f4-7750-4f60-91cf-fa48cac08b68","local_time":"20190215222226","is_ascension_mode":true,"campfire_choices":[{"data":"Zap","floor":6.0,"key":"SMITH"},{"data":"Coolheaded","floor":8.0,"key":"SMITH"},{"data":"FTL","floor":10.0,"key":"SMITH"},{"data":"Creative AI","floor":15.0,"key":"SMITH"}],"neow_cost":"NONE","seed_source_timestamp":0,"circlet_count":0,"master_deck":["Strike_B","Strike_B","Strike_B","Defend_B","Defend_B","Defend_B","Defend_B","Zap+1","Dualcast","Self Repair","Coolheaded+1","FTL+1","Coolheaded","Creative AI+1","Echo Form","Capacitor","Writhe"],"special_seed":0,"relics":["Cracked Core","ClockworkSouvenir","Bottled Flame","Juzu Bracelet","Black Star","MawBank"],"potions_floor_usage":[],"damage_taken":[{"damage":1.0,"enemies":"Cultist","floor":1.0,"turns":4.0},{"damage":1.0,"enemies":"2 Louse","floor":2.0,"turns":3.0},{"damage":5.0,"enemies":"Jaw Worm","floor":5.0,"turns":4.0},{"damage":4.0,"enemies":"2 Fungi Beasts","floor":7.0,"turns":4.0},{"damage":23.0,"enemies":"Lagavulin","floor":14.0,"turns":8.0},{"damage":12.0,"enemies":"Hexaghost","floor":16.0,"turns":10.0},{"damage":46.0,"enemies":"2 Thieves","floor":18.0,"turns":5.0},{"damage":48,"enemies":"3 Byrds","floor":20,"turns":4}],"seed_played":"-6099975652773146011","potions_obtained":[{"floor":1.0,"key":"FearPotion"},{"floor":14.0,"key":"FearPotion"}],"is_trial":false,"path_per_floor":["M","M","$","?","M","R","M","R","T","R","?","$","?","E","R","B",null,"M","?","M"],"character_chosen":"DEFECT","items_purchased":["ClockworkSouvenir","Coolheaded"],"campfire_rested":0,"item_purchase_floors":[3,12],"current_hp_per_floor":[74,75,75,75,75,75,75,75,75,75,64,64,69,53,53,48,80,48,48,0],"gold":120,"neow_bonus":"HUNDRED_GOLD","is_prod":false,"is_daily":false,"chose_seed":false,"campfire_upgraded":4,"win_rate":0,"timestamp":1550287346,"path_taken":["M","M","$","?","M","R","M","R","T","R","?","$","?","E","R","BOSS","M","?","M"],"build_version":"2019-01-23","purchased_purges":1,"victory":false,"max_hp_per_floor":[75,75,75,75,75,75,75,75,75,75,75,75,80,80,80,80,80,80,80,80],"card_choices":[{"not_picked":["Loop","Steam"],"picked":"Self Repair","floor":1.0},{"not_picked":["Compile Driver","Stack"],"picked":"Coolheaded","floor":2.0},{"not_picked":["Turbo","Gash","Steam"],"picked":"SKIP","floor":5.0},{"not_picked":["BootSequence","Compile Driver"],"picked":"FTL","floor":7.0},{"not_picked":["Melter","Steam Power"],"picked":"Creative AI","floor":14.0},{"not_picked":["Buffer","Core Surge"],"picked":"Echo Form","floor":16.0},{"not_picked":["Go for the Eyes","Cold Snap"],"picked":"Capacitor","floor":18.0}],"player_experience":243106,"relics_obtained":[{"floor":9.0,"key":"Bottled Flame"},{"floor":14.0,"key":"Juzu Bracelet"}],"event_choices":[{"damage_healed":0.0,"max_hp_gain":0.0,"max_hp_loss":0.0,"gold_gain":0.0,"event_name":"The Cleric","player_choice":"Leave","floor":4.0,"gold_loss":0.0,"damage_taken":0.0},{"damage_healed":0.0,"max_hp_gain":0.0,"max_hp_loss":0.0,"gold_gain":75.0,"event_name":"World of Goop","player_choice":"Gather Gold","floor":11.0,"gold_loss":0.0,"damage_taken":11.0},{"damage_healed":0.0,"max_hp_gain":5.0,"max_hp_loss":0.0,"gold_gain":0.0,"event_name":"Big Fish","player_choice":"Donut","floor":13.0,"gold_loss":0.0,"damage_taken":0.0},{"damage_healed":0.0,"max_hp_gain":0.0,"max_hp_loss":0.0,"gold_gain":0.0,"event_name":"The Mausoleum","player_choice":"Opened","floor":19.0,"gold_loss":0.0,"damage_taken":0.0,"relics_obtained":["MawBank"],"cards_obtained":["Writhe"]}],"is_beta":false,"boss_relics":[{"not_picked":["Coffee Dripper","FrozenCore"],"picked":"Black Star"}],"items_purged_floors":[12],"is_endless":false,"potions_floor_spawned":[1,14],"killed_by":"3 Byrds","ascension_level":4}