{"gold_per_floor":[213,138,152,170,170,170,63,63,113,113,142,142,171,184,184,184],"floor_reached":16,"playtime":609,"items_purged":[],"score":216,"play_id":"57f8ef3a-829b-479c-a5d5-aff401acf08b","local_time":"20190123185404","is_ascension_mode":true,"campfire_choices":[{"data":"Cold Snap","floor":6,"key":"SMITH"},{"data":"Barrage","floor":10,"key":"SMITH"},{"data":"Defragment","floor":15,"key":"SMITH"}],"neow_cost":"NONE","seed_source_timestamp":76790121282498,"circlet_count":0,"master_deck":["AscendersBane","Strike_B","Strike_B","Strike_B","Defend_B","Defend_B","Defend_B","Defend_B","Zap+1","Dualcast","Cold Snap+1","Skim","Doom and Gloom","Defragment+1","Barrage+1","Reinforced Body","Undo","Cold Snap"],"relics":["Cracked Core","Juzu Bracelet","Bottled Flame","FaceOfCleric","Oddly Smooth Stone"],"potions_floor_usage":[11,16,16],"damage_taken":[{"damage":7,"enemies":"Small Slimes","floor":1,"turns":4},{"damage":0,"enemies":"2 Louse","floor":3,"turns":2},{"damage":0,"enemies":"Cultist","floor":4,"turns":4},{"damage":21,"enemies":"Lagavulin","floor":11,"turns":6},{"damage":11,"enemies":"3 Sentries","floor":13,"turns":6},{"damage":11,"enemies":"Looter","floor":14,"turns":3},{"damage":16,"enemies":"Hexaghost","floor":16,"turns":7}],"seed_played":"6791055896376141197","potions_obtained":[{"floor":3,"key":"Poison Potion"},{"floor":11,"key":"LiquidBronze"},{"floor":14,"key":"Dexterity Potion"}],"is_trial":false,"path_per_floor":["?","?","?","?"],"character_chosen":"DEFECT","items_purchased":["Defragment","Barrage"],"campfire_rested":0,"item_purchase_floors":[7,7],"current_hp_per_floor":[57,57,57,57,57,57,57,57,57,57,36,36,26,16,16,0],"gold":184,"neow_bonus":"HUNDRED_GOLD","is_prod":false,"is_daily":false,"chose_seed":false,"campfire_upgraded":3,"win_rate":0,"timestamp":1548262444,"path_taken":["M","?","M","M","?","R","$","?","T","R","E","?","E","M","R","BOSS"],"build_version":"2019-01-23","purchased_purges":0,"victory":false,"max_hp_per_floor":[71,71,71,71,71,71,71,71,71,71,71,71,72,73,73,73],"card_choices":[{"not_picked":["Heatsinks","Force Field"],"picked":"Cold Snap","floor":1},{"not_picked":["Turbo","Conserve Battery"],"picked":"Skim","floor":3},{"not_picked":["Stack","Meteor Strike"],"picked":"Doom and Gloom","floor":4},{"not_picked":["Streamline","Undo"],"picked":"Reinforced Body","floor":11},{"not_picked":["Sweeping Beam","Chaos"],"picked":"Undo","floor":13},{"not_picked":["Storm","Reprogram"],"picked":"Cold Snap","floor":14}],"player_experience":1475631,"relics_obtained":[{"floor":9,"key":"Juzu Bracelet"},{"floor":11,"key":"Bottled Flame"},{"floor":13,"key":"Oddly Smooth Stone"}],"event_choices":[{"cards_removed":["Strike_B"],"damage_healed":0,"gold_gain":0,"player_choice":"Card Removal","damage_taken":0,"max_hp_gain":0,"max_hp_loss":0,"event_name":"The Cleric","floor":2,"gold_loss":75},{"damage_healed":0,"gold_gain":0,"player_choice":"Grow","damage_taken":0,"max_hp_gain":0,"max_hp_loss":0,"event_name":"Living Wall","floor":5,"gold_loss":0,"cards_upgraded":["Zap"]},{"damage_healed":0,"gold_gain":0,"player_choice":"Ignored","damage_taken":0,"max_hp_gain":0,"max_hp_loss":0,"event_name":"Liars Game","floor":8,"gold_loss":0},{"damage_healed":0,"gold_gain":0,"player_choice":"Trade","damage_taken":0,"relics_obtained":["FaceOfCleric"],"max_hp_gain":0,"max_hp_loss":0,"event_name":"FaceTrader","floor":12,"gold_loss":0}],"is_beta":false,"boss_relics":[],"items_purged_floors":[],"is_endless":false,"potions_floor_spawned":[3,11,14],"killed_by":"Hexaghost","ascension_level":20}