{"gold_per_floor":[111,186,136,153,168,168,200,200,223,255,265,279,308,324,324,423,423,440,440,133,133,144,144,177,189,260,293,307,333,333,349,349,453,453,473,493,11,25,25,25,39,39,39,66,66,80,80,93,93,93,93,93,45,45],"floor_reached":54,"playtime":6283,"items_purged":["Strike_B"],"score":1144,"play_id":"21ad3f50-2ac0-4013-8601-d753654d66c8","local_time":"20190222221446","is_ascension_mode":true,"campfire_choices":[{"data":"Zap","floor":6.0,"key":"SMITH"},{"floor":15.0,"key":"REST"},{"data":"Ghostly","floor":23,"key":"SMITH"},{"data":"Defragment","floor":30,"key":"SMITH"},{"data":"Ghostly","floor":32,"key":"SMITH"},{"data":"Echo Form","floor":40,"key":"SMITH"},{"data":"Ghostly","floor":42,"key":"SMITH"},{"data":"Ghostly","floor":47,"key":"SMITH"},{"floor":49,"key":"RECALL"},{"data":"Echo Form","floor":52,"key":"SMITH"}],"neow_cost":"TEN_PERCENT_HP_LOSS","seed_source_timestamp":0,"circlet_count":0,"master_deck":["Defend_B","Defend_B","Zap+1","Dualcast","Conserve Battery","Rip and Tear","Cold Snap","Cold Snap","Echo Form+1","Conserve Battery","Go for the Eyes","Hologram","Sweeping Beam","Echo Form+1","Stack+1","Ghostly+1","Ghostly+1","Ghostly+1","Ghostly+1","Ghostly","Self Repair","Compile Driver","Conserve Battery+1","Defragment+1","Reinforced Body+1","Coolheaded+1","Multi-Cast","Blizzard+1","Defragment","Hologram+1","Redo+1","Creative AI","Compile Driver+1","Coolheaded"],"special_seed":0,"relics":["Cracked Core","Dead Branch","Strawberry","PreservedInsect","Potion Belt","Darkstone Periapt","Coffee Dripper","DataDisk","Meat on the Bone","Question Card","Blood Vial","Regal Pillow","Empty Cage","Dodecahedron","Oddly Smooth Stone","Pear"],"potions_floor_usage":[16,16,33,50,54],"damage_taken":[{"damage":2.0,"enemies":"Jaw Worm","floor":1.0,"turns":3.0},{"damage":4.0,"enemies":"Small Slimes","floor":4.0,"turns":3.0},{"damage":6.0,"enemies":"2 Louse","floor":5.0,"turns":2.0},{"damage":14.0,"enemies":"Gremlin Nob","floor":7.0,"turns":4.0},{"damage":15.0,"enemies":"3 Sentries","floor":10.0,"turns":6.0},{"damage":0.0,"enemies":"Exordium Wildlife","floor":11.0,"turns":4.0},{"damage":7.0,"enemies":"3 Louse","floor":12.0,"turns":3.0},{"damage":0.0,"enemies":"Gremlin Nob","floor":13.0,"turns":4.0},{"damage":16.0,"enemies":"Lots of Slimes","floor":14.0,"turns":3.0},{"damage":10,"enemies":"Slime Boss","floor":16,"turns":7},{"damage":17,"enemies":"Shell Parasite","floor":18,"turns":6},{"damage":0,"enemies":"Spheric Guardian","floor":22,"turns":5},{"damage":14,"enemies":"Slavers","floor":24,"turns":6},{"damage":0,"enemies":"Shelled Parasite and Fungi","floor":25,"turns":5},{"damage":4,"enemies":"Book of Stabbing","floor":27,"turns":6},{"damage":0,"enemies":"Sentry and Sphere","floor":28,"turns":6},{"damage":0,"enemies":"Gremlin Leader","floor":29,"turns":7},{"damage":0,"enemies":"Snecko","floor":31,"turns":5},{"damage":12,"enemies":"Champ","floor":33,"turns":13},{"damage":23,"enemies":"3 Shapes","floor":35,"turns":10},{"damage":24,"enemies":"3 Darklings","floor":36,"turns":6},{"damage":6,"enemies":"Sphere and 2 Shapes","floor":38,"turns":10},{"damage":0,"enemies":"4 Shapes","floor":41,"turns":6},{"damage":0,"enemies":"Giant Head","floor":44,"turns":9},{"damage":0,"enemies":"Maw","floor":46,"turns":9},{"damage":0,"enemies":"Transient","floor":48,"turns":5},{"damage":4,"enemies":"Donu and Deca","floor":50,"turns":12},{"damage":51,"enemies":"Shield and Spear","floor":54,"turns":11}],"seed_played":"4901418312683087756","potions_obtained":[{"floor":4.0,"key":"Block Potion"},{"floor":7.0,"key":"PowerPotion"},{"floor":11.0,"key":"Block Potion"},{"floor":13.0,"key":"EssenceOfSteel"},{"floor":14.0,"key":"Poison Potion"},{"floor":16,"key":"SpeedPotion"},{"floor":18,"key":"FocusPotion"},{"floor":27,"key":"Strength Potion"},{"floor":29,"key":"Fire Potion"},{"floor":35,"key":"Weak Potion"},{"floor":41,"key":"Regen Potion"},{"floor":44,"key":"Dexterity Potion"}],"is_trial":false,"path_per_floor":["M","?","?","M","M","R","E","?","T","E","M","M","E","M","R","B",null,"M","?","$","?","M","R","E","M","T","E","M","E","R","M","R","B",null,"M","M","$","M","$","R","M","R","T","E","?","M","R","M","R","B",null,"R","$","E"],"character_chosen":"DEFECT","items_purchased":["DataDisk","Self Repair","Compile Driver","Defragment","Dodecahedron","Oddly Smooth Stone","Coolheaded"],"campfire_rested":1,"item_purchase_floors":[20,20,20,37,37,37,53],"current_hp_per_floor":[66,55,55,51,45,45,38,43,43,28,28,21,21,5,29,19,65,48,40,40,40,40,40,33,40,40,36,40,40,40,40,40,40,40,40,40,40,40,40,40,40,40,40,50,50,50,50,50,50,50,50,50,50,0],"gold":45,"neow_bonus":"ONE_RARE_RELIC","is_prod":false,"is_daily":false,"chose_seed":false,"campfire_upgraded":8,"win_rate":0,"timestamp":1550891686,"path_taken":["M","?","?","M","M","R","E","?","T","E","?","M","E","M","R","BOSS","M","?","$","?","M","R","E","M","T","E","M","E","R","?","R","BOSS","M","M","$","M","$","R","M","R","T","E","?","M","R","M","R","BOSS","R","$","E"],"build_version":"2019-01-23","purchased_purges":1,"victory":false,"max_hp_per_floor":[68,68,68,68,68,68,75,80,80,80,80,80,80,80,80,80,80,80,40,40,40,40,40,40,40,40,40,40,40,40,40,40,40,40,40,40,40,40,40,40,40,40,40,50,50,50,50,50,50,50,50,50,50,50],"card_choices":[{"not_picked":["Genetic Algorithm","Gash"],"picked":"Conserve Battery","floor":1.0},{"not_picked":["Coolheaded","Barrage"],"picked":"Rip and Tear","floor":4.0},{"not_picked":["Go for the Eyes","Auto Shields"],"picked":"Cold Snap","floor":5.0},{"not_picked":["Leap","Redo"],"picked":"Cold Snap","floor":7.0},{"not_picked":["Aggregate","Leap"],"picked":"Echo Form","floor":10.0},{"not_picked":["Rebound","Barrage"],"picked":"Conserve Battery","floor":11.0},{"not_picked":["Hologram","FTL"],"picked":"Go for the Eyes","floor":12.0},{"not_picked":["Stack","Beam Cell"],"picked":"Hologram","floor":13.0},{"not_picked":["Leap","Cold Snap"],"picked":"Sweeping Beam","floor":14.0},{"not_picked":["Buffer","Seek"],"picked":"Echo Form","floor":16},{"not_picked":["Conserve Battery+1","Double Energy+1"],"picked":"Stack+1","floor":18},{"not_picked":["Sweeping Beam","Gash"],"picked":"Conserve Battery+1","floor":22},{"not_picked":["Auto Shields","Gash"],"picked":"Defragment","floor":24},{"not_picked":["Leap","Skim","Loop"],"picked":"SKIP","floor":25},{"not_picked":["Beam Cell","Barrage","Reboot","Turbo"],"picked":"SKIP","floor":27},{"not_picked":["Redo","Compile Driver","Aggregate"],"picked":"Reinforced Body+1","floor":28},{"not_picked":["Rebound","Turbo","Chill","Consume+1"],"picked":"SKIP","floor":29},{"not_picked":["Stack","Rebound+1","Steam Power"],"picked":"Coolheaded+1","floor":31},{"not_picked":["Echo Form","All For One","Electrodynamics"],"picked":"Multi-Cast","floor":33},{"not_picked":["Coolheaded+1","Undo+1","Leap+1","Steam"],"picked":"SKIP","floor":35},{"not_picked":["Stack+1","Redo","Auto Shields"],"picked":"Blizzard+1","floor":36},{"not_picked":["Rip and Tear+1","Gash","Conserve Battery"],"picked":"Hologram+1","floor":38},{"not_picked":["Genetic Algorithm+1","Cold Snap","Static Discharge+1"],"picked":"Redo+1","floor":41},{"not_picked":["Barrage+1","Undo","FTL+1"],"picked":"Creative AI","floor":44},{"not_picked":["Sunder+1","Chaos+1","Stack+1","Conserve Battery"],"picked":"SKIP","floor":46},{"not_picked":["Leap+1","Turbo+1","Lockon+1"],"picked":"Compile Driver+1","floor":48}],"player_experience":1637770,"relics_obtained":[{"floor":7.0,"key":"Strawberry"},{"floor":9.0,"key":"PreservedInsect"},{"floor":10.0,"key":"Potion Belt"},{"floor":13.0,"key":"Darkstone Periapt"},{"floor":24,"key":"Meat on the Bone"},{"floor":26,"key":"Question Card"},{"floor":27,"key":"Blood Vial"},{"floor":29,"key":"Regal Pillow"},{"floor":44,"key":"Pear"}],"event_choices":[{"damage_healed":0.0,"max_hp_gain":0.0,"max_hp_loss":0.0,"gold_gain":75.0,"event_name":"World of Goop","player_choice":"Gather Gold","floor":2.0,"gold_loss":0.0,"damage_taken":11.0},{"cards_removed":["Defend_B"],"damage_healed":0.0,"max_hp_gain":0.0,"max_hp_loss":0.0,"gold_gain":0.0,"event_name":"The Cleric","player_choice":"Card Removal","floor":3.0,"gold_loss":50.0,"damage_taken":0.0},{"damage_healed":0.0,"max_hp_gain":5.0,"max_hp_loss":0.0,"gold_gain":0.0,"event_name":"Big Fish","player_choice":"Donut","floor":8.0,"gold_loss":0.0,"damage_taken":0.0},{"damage_healed":0,"gold_gain":0,"player_choice":"Became a Ghost","damage_taken":0,"max_hp_gain":0,"max_hp_loss":40,"event_name":"Ghosts","floor":19,"gold_loss":0,"cards_obtained":["Ghostly","Ghostly","Ghostly","Ghostly","Ghostly"]},{"cards_removed":["Strike_B"],"damage_healed":0,"gold_gain":0,"player_choice":"Card Removal","damage_taken":0,"max_hp_gain":0,"max_hp_loss":0,"event_name":"Wheel of Change","floor":21,"gold_loss":0},{"cards_removed":["Strike_B"],"damage_healed":0,"gold_gain":0,"player_choice":"Removed Attack","damage_taken":0,"max_hp_gain":0,"max_hp_loss":0,"event_name":"Falling","floor":45,"gold_loss":0}],"is_beta":false,"boss_relics":[{"not_picked":["Velvet Choker","Sozu"],"picked":"Coffee Dripper"},{"not_picked":["Eternal Feather","Fusion Hammer"],"picked":"Empty Cage"}],"items_purged_floors":[20],"is_endless":false,"potions_floor_spawned":[4,7,11,13,14,16,18,27,29,35,41,44,48],"killed_by":"Shield and Spear","ascension_level":8}