{"gold_per_floor":[111,124,124,148,161,161,195,220,291,324,348,348,7,26,26,124,124,137,157,72,52,71,71,95,118,118,157,0,0,44,68,68,164,164,180,11,11,11,11,52,52,87,141,474,526,553,572,78,78,78,78],"floor_reached":52,"playtime":2982,"items_purged":["Strike_B","Strike_B"],"score":1980,"play_id":"5f34717c-3de1-4f22-9c36-16d1c0d67a11","local_time":"20181025205535","is_ascension_mode":true,"campfire_choices":[{"data":"Tempest","floor":6,"key":"SMITH"},{"floor":12,"key":"REST"},{"data":"Cold Snap","floor":15,"key":"SMITH"},{"data":"Buffer","floor":23,"key":"SMITH"},{"data":"Defragment","floor":29,"key":"SMITH"},{"floor":32,"key":"REST"},{"floor":41,"key":"REST"},{"floor":49,"key":"REST"}],"neow_cost":"NONE","seed_source_timestamp":777543327821732,"circlet_count":0,"master_deck":["Strike_B","Strike_B","Defend_B","Defend_B","Defend_B","Defend_B","Zap+1","Dualcast","AscendersBane","Ball Lightning","Glacier","Tempest+1","Biased Cognition","Glacier","White Noise","BootSequence","Buffer+1","Hologram+1","Defragment+1","Glacier+1","Shame","Fission","Electrodynamics","Biased Cognition","Coolheaded+1","Tempest","Normality","Sweeping Beam","Coolheaded+1","Go for the Eyes+1","Apotheosis","Undo"],"relics":["Cracked Core","Regal Pillow","Mummified Hand","Unceasing Top","Meat on the Bone","Cursed Key","Lantern","Potion Belt","Oddly Smooth Stone","Bronze Scales","Juzu Bracelet","Fusion Hammer","PreservedInsect","Pantograph","Blue Candle","Dodecahedron","Tiny Chest","StoneCalendar","Strawberry"],"potions_floor_usage":[16,27,27,33,45,46,51],"damage_taken":[{"damage":0,"enemies":"Jaw Worm","floor":1,"turns":3},{"damage":0,"enemies":"2 Louse","floor":2,"turns":3},{"damage":0,"enemies":"Cultist","floor":4,"turns":3},{"damage":0,"enemies":"Large Slime","floor":5,"turns":4},{"damage":27,"enemies":"3 Sentries","floor":7,"turns":7},{"damage":3,"enemies":"Blue Slaver","floor":8,"turns":3},{"damage":5,"enemies":"Lagavulin","floor":10,"turns":5},{"damage":24,"enemies":"Exordium Thugs","floor":11,"turns":5},{"damage":7,"enemies":"Lots of Slimes","floor":14,"turns":10},{"damage":26,"enemies":"Hexaghost","floor":16,"turns":13},{"damage":0,"enemies":"3 Byrds","floor":18,"turns":4},{"damage":11,"enemies":"Spheric Guardian","floor":19,"turns":4},{"damage":13,"enemies":"3 Cultists","floor":22,"turns":5},{"damage":5,"enemies":"Shelled Parasite and Fungi","floor":24,"turns":7},{"damage":0,"enemies":"Centurion and Healer","floor":25,"turns":10},{"damage":7,"enemies":"Slavers","floor":27,"turns":8},{"damage":20,"enemies":"Gremlin Leader","floor":30,"turns":6},{"damage":1,"enemies":"Snake Plant","floor":31,"turns":3},{"damage":24,"enemies":"Automaton","floor":33,"turns":12},{"damage":0,"enemies":"3 Shapes","floor":35,"turns":4},{"damage":0,"enemies":"Reptomancer","floor":40,"turns":6},{"damage":6,"enemies":"Nemesis","floor":42,"turns":7},{"damage":0,"enemies":"2 Orb Walkers","floor":45,"turns":4},{"damage":33,"enemies":"Giant Head","floor":46,"turns":11},{"damage":11,"enemies":"3 Darklings","floor":47,"turns":5},{"damage":6,"enemies":"Donu and Deca","floor":50,"turns":10},{"damage":47,"enemies":"Awakened One","floor":51,"turns":20}],"seed_played":"4573521579170663276","potions_obtained":[{"floor":4,"key":"Swift Potion"},{"floor":5,"key":"GamblersBrew"},{"floor":16,"key":"SkillPotion"},{"floor":30,"key":"FocusPotion"},{"floor":31,"key":"PowerPotion"},{"floor":40,"key":"Fire Potion"},{"floor":45,"key":"EssenceOfSteel"},{"floor":46,"key":"FocusPotion"}],"is_trial":false,"path_per_floor":["M","M","?","M","M","R","E","M","T","E","M","R","$","M","R","B",null,"M","M","?","?","M","R","M","M","T","E","$","R","E","M","R","B",null,"M","$","?","?","?","E","R","E","T","?","?","E","M","$","R","B","B"],"character_chosen":"DEFECT","items_purchased":["Meat on the Bone","Bronze Scales","PreservedInsect","Apotheosis","Block Potion","Poison Potion","Undo"],"campfire_rested":4,"item_purchase_floors":[13,28,36,48,48,48,48],"current_hp_per_floor":[64,64,64,64,64,64,37,34,34,29,5,39,39,44,44,30,56,56,45,45,45,44,44,39,39,39,44,44,44,36,35,64,40,58,58,58,58,58,58,58,61,55,55,55,55,41,42,42,68,62,33],"gold":78,"neow_bonus":"UPGRADE_CARD","is_prod":false,"is_daily":false,"chose_seed":false,"campfire_upgraded":4,"win_rate":0,"timestamp":1540493735,"path_taken":["M","M","?","M","M","R","E","M","T","E","M","R","$","?","R","BOSS","M","M","?","?","M","R","M","?","T","E","?","R","E","M","R","BOSS","M","?","?","?","?","E","R","E","T","?","?","E","M","?","R","BOSS","BOSS"],"build_version":"2018-10-18","purchased_purges":2,"victory":true,"max_hp_per_floor":[71,71,64,64,64,64,64,64,64,64,64,64,64,64,64,64,64,64,64,64,64,64,64,64,64,64,64,64,64,64,64,64,64,64,64,64,64,64,61,61,61,61,61,61,61,68,68,68,68,68,68],"card_choices":[{"not_picked":["BootSequence","Barrage"],"picked":"Ball Lightning","floor":1},{"not_picked":["Stack","Barrage"],"picked":"Leap","floor":2},{"not_picked":["Rebound","Skim"],"picked":"Glacier","floor":4},{"not_picked":["Steam","Recycle"],"picked":"Tempest","floor":5},{"not_picked":["Hologram","Go for the Eyes"],"picked":"Biased Cognition","floor":7},{"not_picked":["Hello World","Go for the Eyes"],"picked":"Glacier","floor":8},{"not_picked":["Rip and Tear","Aggregate"],"picked":"Cold Snap","floor":10},{"not_picked":["Force Field","Go for the Eyes"],"picked":"White Noise","floor":11},{"not_picked":["Barrage","Cold Snap"],"picked":"BootSequence","floor":14},{"not_picked":["Seek","Creative AI"],"picked":"Buffer","floor":16},{"not_picked":["Reprogram","Conserve Battery","Steam"],"picked":"SKIP","floor":18},{"not_picked":["Cold Snap","Compile Driver"],"picked":"Hologram+1","floor":19},{"not_picked":["Streamline","Sweeping Beam"],"picked":"Defragment","floor":22},{"not_picked":["Rebound","Leap"],"picked":"Glacier+1","floor":24},{"not_picked":["Lockon","Melter","Force Field"],"picked":"SKIP","floor":25},{"not_picked":["Turbo","Scrape"],"picked":"Fission","floor":27},{"not_picked":["Cold Snap","Auto Shields"],"picked":"Electrodynamics","floor":30},{"not_picked":["Rebound","Melter+1","Reprogram"],"picked":"SKIP","floor":31},{"not_picked":["Creative AI","Machine Learning"],"picked":"Biased Cognition","floor":33},{"not_picked":["Chill","Auto Shields"],"picked":"Coolheaded+1","floor":35},{"not_picked":["Turbo","Gash+1"],"picked":"Tempest","floor":40},{"not_picked":["Darkness","Conserve Battery","Steam+1"],"picked":"SKIP","floor":42},{"not_picked":["Scrape+1","BootSequence"],"picked":"Sweeping Beam","floor":45},{"not_picked":["Rip and Tear+1","Sweeping Beam"],"picked":"Coolheaded+1","floor":46},{"not_picked":["Leap","Beam Cell"],"picked":"Go for the Eyes+1","floor":47}],"player_experience":1480465,"relics_obtained":[{"floor":7,"key":"Regal Pillow"},{"floor":9,"key":"Mummified Hand"},{"floor":10,"key":"Unceasing Top"},{"floor":26,"key":"Potion Belt"},{"floor":27,"key":"Oddly Smooth Stone"},{"floor":30,"key":"Juzu Bracelet"},{"floor":40,"key":"Blue Candle"},{"floor":42,"key":"Dodecahedron"},{"floor":43,"key":"Tiny Chest"},{"floor":45,"key":"StoneCalendar"},{"floor":46,"key":"Strawberry"}],"event_choices":[{"damage_healed":0,"gold_gain":0,"player_choice":"Lose Max HP","damage_taken":0,"relics_obtained":["Golden Idol"],"max_hp_gain":0,"max_hp_loss":7,"event_name":"Golden Idol","floor":3,"gold_loss":0},{"damage_healed":0,"gold_gain":0,"player_choice":"Obtained Relic","damage_taken":0,"relics_obtained":["Lantern"],"max_hp_gain":0,"max_hp_loss":0,"event_name":"Addict","floor":20,"gold_loss":85},{"damage_healed":0,"gold_gain":0,"player_choice":"Bought 1 Potion","damage_taken":0,"max_hp_gain":0,"max_hp_loss":0,"event_name":"The Woman in Blue","floor":21,"gold_loss":0},{"cards_removed":["Leap"],"damage_healed":0,"gold_gain":0,"player_choice":"Gave Card","damage_taken":0,"relics_obtained":["Pantograph"],"max_hp_gain":0,"max_hp_loss":0,"event_name":"WeMeetAgain","floor":37,"gold_loss":0},{"cards_removed":["Cold Snap"],"damage_healed":0,"gold_gain":0,"player_choice":"Removed Attack","damage_taken":0,"max_hp_gain":0,"max_hp_loss":0,"event_name":"Falling","floor":38,"gold_loss":0},{"damage_healed":0,"gold_gain":0,"player_choice":"Max HP","damage_taken":0,"max_hp_gain":0,"max_hp_loss":3,"event_name":"Winding Halls","floor":39,"gold_loss":0},{"damage_healed":0,"gold_gain":333,"player_choice":"Gave Idol","damage_taken":0,"max_hp_gain":0,"max_hp_loss":0,"event_name":"The Moai Head","floor":44,"relics_lost":["Golden Idol"],"gold_loss":0},{"damage_healed":0,"gold_gain":0,"player_choice":"Fight","damage_taken":0,"max_hp_gain":0,"max_hp_loss":0,"event_name":"Mysterious Sphere","floor":45,"gold_loss":0}],"is_beta":false,"boss_relics":[{"not_picked":["Black Star","Busted Crown"],"picked":"Cursed Key"},{"not_picked":["Lizard Tail","Eternal Feather"],"picked":"Fusion Hammer"}],"items_purged_floors":[13,48],"is_endless":false,"potions_floor_spawned":[4,5,11,14,16,22,24,30,31,40,45,46],"ascension_level":20}