{"gold_per_floor":[117,133,153,78,78,78,78,78,147,147,47,62,79,113,113,113],"floor_reached":16,"playtime":585,"items_purged":["Defend_R","Defend_R"],"score":180,"play_id":"b0b8cd6c-4d96-4c51-afbc-cf4329e2d991","local_time":"20180926021742","is_ascension_mode":true,"campfire_choices":[{"data":"Whirlwind","floor":6,"key":"SMITH"},{"data":"Bash","floor":8,"key":"SMITH"},{"data":"Shrug It Off","floor":10,"key":"SMITH"},{"data":"Inflame","floor":15,"key":"SMITH"}],"neow_cost":"PERCENT_DAMAGE","seed_source_timestamp":536607954794879,"circlet_count":0,"master_deck":["Strike_R","Strike_R+1","Strike_R","Defend_R+1","Defend_R","Bash+1","AscendersBane","Whirlwind+1","Rupture","Shrug It Off+1","Inflame+1","Clothesline"],"relics":["Burning Blood","Ornamental Fan","Matryoshka","Thread and Needle"],"potions_floor_usage":[16],"damage_taken":[{"damage":7,"enemies":"Jaw Worm","floor":1,"turns":7},{"damage":0,"enemies":"2 Louse","floor":2,"turns":1},{"damage":0,"enemies":"Small Slimes","floor":3,"turns":3},{"damage":0,"enemies":"Gremlin Gang","floor":12,"turns":1},{"damage":3,"enemies":"Lots of Slimes","floor":13,"turns":2},{"damage":23,"enemies":"3 Sentries","floor":14,"turns":5},{"damage":32,"enemies":"Hexaghost","floor":16,"turns":11}],"seed_played":"-6896091743810616551","potions_obtained":[{"floor":1,"key":"EssenceOfSteel"},{"floor":3,"key":"Dexterity Potion"}],"is_trial":false,"path_per_floor":["M","M","M","$","?","R","T","R","T","R","$","M","M","E","R"],"character_chosen":"IRONCLAD","items_purchased":[],"campfire_rested":0,"item_purchase_floors":[],"current_hp_per_floor":[49,55,61,61,38,38,38,38,38,38,38,44,47,30,30,0],"gold":113,"neow_bonus":"TRANSFORM_TWO_CARDS","is_prod":false,"is_daily":false,"chose_seed":false,"campfire_upgraded":4,"win_rate":0,"timestamp":1537921062,"path_taken":["M","M","M","$","?","R","?","R","T","R","$","M","M","E","R","BOSS"],"build_version":"2018-09-20","purchased_purges":2,"victory":false,"max_hp_per_floor":[75,75,75,75,75,75,75,75,75,75,75,75,75,75,75,75],"card_choices":[{"not_picked":["Perfected Strike","Anger"],"picked":"Shrug It Off","floor":1},{"not_picked":["Body Slam","Cleave","Second Wind"],"picked":"SKIP","floor":2},{"not_picked":["Corruption","Rage","Entrench"],"picked":"SKIP","floor":3},{"not_picked":["Ghostly Armor","Anger"],"picked":"Inflame","floor":12},{"not_picked":["Flex","Body Slam","Searing Blow"],"picked":"SKIP","floor":13},{"not_picked":["Immolate","Whirlwind"],"picked":"Clothesline","floor":14}],"player_experience":1245459,"relics_obtained":[{"floor":7,"key":"Ornamental Fan"},{"floor":9,"key":"Matryoshka"},{"floor":14,"key":"Thread and Needle"}],"event_choices":[{"event_name":"Shining Light","player_choice":"Entered Light","floor":5,"damage_taken":0}],"is_beta":false,"boss_relics":[],"items_purged_floors":[4,11],"is_endless":false,"potions_floor_spawned":[1,3,12],"killed_by":"Hexaghost","ascension_level":16}