{"gold_per_floor":[119,119,134,134,8,37,50,50,132,132,175,213,225,268,280,390,402,437,374,400,412,424,436],"floor_reached":23,"playtime":971,"items_purged":["Strike_B"],"score":410,"play_id":"f205ab9c-92d2-4937-954f-09a39b96f621","local_time":"20181127135246","is_ascension_mode":true,"campfire_choices":[{"floor":8,"key":"REST"},{"data":"Barrage","floor":13,"key":"SMITH"},{"data":"Machine Learning","floor":15,"key":"SMITH"}],"neow_cost":"NONE","seed_source_timestamp":16249901158540,"circlet_count":0,"master_deck":["AscendersBane","Strike_B","Strike_B","Defend_B","Defend_B","Defend_B","Zap","Dualcast","Compile Driver","Barrage+1","Ball Lightning","Conserve Battery","Chill","Machine Learning+1","Undo","Cold Snap","Electrodynamics+1","Compile Driver","FTL"],"relics":["Cracked Core","Omamori","Symbiotic Virus","Bloody Idol","MawBank","Odd Mushroom","Frozen Egg 2","Runic Dome"],"potions_floor_usage":[16,16,23,23],"damage_taken":[{"damage":1,"enemies":"Cultist","floor":1,"turns":3},{"damage":3,"enemies":"2 Louse","floor":3,"turns":3},{"damage":30,"enemies":"Lagavulin","floor":6,"turns":5},{"damage":7,"enemies":"Jaw Worm","floor":7,"turns":2},{"damage":3,"enemies":"3 Sentries","floor":11,"turns":7},{"damage":0,"enemies":"The Mushroom Lair","floor":12,"turns":3},{"damage":15,"enemies":"Gremlin Nob","floor":14,"turns":4},{"damage":16,"enemies":"Hexaghost","floor":16,"turns":11},{"damage":17,"enemies":"Chosen","floor":18,"turns":4},{"damage":2,"enemies":"3 Byrds","floor":20,"turns":2},{"damage":57,"enemies":"Book of Stabbing","floor":23,"turns":4}],"seed_played":"-695571475754782667","potions_obtained":[{"floor":6,"key":"SpeedPotion"},{"floor":14,"key":"SpeedPotion"},{"floor":18,"key":"FocusPotion"},{"floor":20,"key":"LiquidBronze"}],"is_trial":false,"path_per_floor":["M","?","M","?","$","E","M","R","T","?","E","?","R","E","R","B",null,"M","?","M","?","$","E"],"character_chosen":"DEFECT","items_purchased":["Ball Lightning"],"campfire_rested":1,"item_purchase_floors":[5],"current_hp_per_floor":[70,65,62,55,55,25,18,41,41,41,38,38,38,23,23,7,60,43,43,41,41,46,0],"gold":436,"neow_bonus":"TEN_PERCENT_HP_BONUS","is_prod":false,"is_daily":false,"chose_seed":false,"campfire_upgraded":2,"win_rate":0,"timestamp":1543323166,"path_taken":["M","?","M","?","?","E","?","R","T","?","E","?","R","E","R","BOSS","M","?","M","?","?","E"],"build_version":"2018-11-15","purchased_purges":1,"victory":false,"max_hp_per_floor":[78,78,78,78,78,78,78,78,78,78,78,78,78,78,78,78,78,78,78,78,78,78,78],"card_choices":[{"not_picked":["Conserve Battery","Fusion"],"picked":"Compile Driver","floor":1},{"not_picked":["Conserve Battery","Beam Cell"],"picked":"Barrage","floor":3},{"not_picked":["Stack","Steam"],"picked":"Conserve Battery","floor":6},{"not_picked":["Conserve Battery","Ball Lightning"],"picked":"Chill","floor":7},{"not_picked":["Go for the Eyes","Skim"],"picked":"Machine Learning","floor":11},{"not_picked":["Hologram","Leap"],"picked":"Undo","floor":12},{"not_picked":["Conserve Battery","Turbo"],"picked":"Cold Snap","floor":14},{"not_picked":["Meteor Strike","Echo Form+1"],"picked":"Electrodynamics+1","floor":16},{"not_picked":["Turbo","Redo"],"picked":"Compile Driver","floor":18},{"not_picked":["Stack","Conserve Battery"],"picked":"FTL","floor":20}],"player_experience":1663203,"relics_obtained":[{"floor":6,"key":"Symbiotic Virus"},{"floor":11,"key":"MawBank"},{"floor":12,"key":"Odd Mushroom"},{"floor":14,"key":"Frozen Egg 2"}],"event_choices":[{"damage_healed":0,"gold_gain":0,"player_choice":"Success","damage_taken":5,"relics_obtained":["Omamori"],"max_hp_gain":0,"max_hp_loss":0,"event_name":"Scrap Ooze","floor":2,"gold_loss":0},{"cards_removed":["Defend_B"],"damage_healed":0,"gold_gain":0,"player_choice":"Card Removal","damage_taken":7,"max_hp_gain":0,"max_hp_loss":0,"event_name":"Golden Wing","floor":4,"gold_loss":0},{"damage_healed":0,"gold_gain":0,"player_choice":"Take Wound","damage_taken":0,"relics_obtained":["Golden Idol"],"max_hp_gain":0,"max_hp_loss":0,"event_name":"Golden Idol","floor":10,"gold_loss":0,"cards_obtained":["Injury"]},{"damage_healed":0,"gold_gain":0,"player_choice":"Fought Mushrooms","damage_taken":0,"max_hp_gain":0,"max_hp_loss":0,"event_name":"Mushrooms","floor":12,"gold_loss":0},{"cards_removed":["Strike_B"],"damage_healed":0,"gold_gain":0,"player_choice":"Gave Gold","damage_taken":0,"max_hp_gain":0,"max_hp_loss":0,"event_name":"Beggar","floor":19,"gold_loss":75},{"damage_healed":0,"gold_gain":0,"player_choice":"Gave Idol","damage_taken":0,"relics_obtained":["Bloody Idol"],"max_hp_gain":0,"max_hp_loss":0,"event_name":"Forgotten Altar","floor":21,"relics_lost":["Golden Idol"],"gold_loss":0}],"is_beta":false,"boss_relics":[{"not_picked":["Busted Crown","Empty Cage"],"picked":"Runic Dome"}],"items_purged_floors":[5],"is_endless":false,"potions_floor_spawned":[6,14,18,20],"killed_by":"Book of Stabbing","ascension_level":20}