{"gold_per_floor":[109,109,129,142,161,161,192,192,264,264,264,282,298,334,334,463,463,484,120,120,145,158,158,196,196,264,297,297,340,365,490,490,611,611,626,626,90,113,113,113,128,128,128,140,182,215,227,258,270,282],"floor_reached":51,"playtime":3034,"items_purged":["Strike_G"],"score":982,"play_id":"46c8c87f-3569-417b-95aa-11cd84723b26","local_time":"20190215232136","is_ascension_mode":true,"campfire_choices":[{"data":"Neutralize","floor":6.0,"key":"SMITH"},{"data":"Deadly Poison","floor":8.0,"key":"SMITH"},{"data":"Well Laid Plans","floor":10.0,"key":"SMITH"},{"data":"Dodge and Roll","floor":15.0,"key":"SMITH"},{"data":"PiercingWail","floor":23.0,"key":"SMITH"},{"data":"Bullet Time","floor":25.0,"key":"SMITH"},{"data":"Doppelganger","floor":32.0,"key":"SMITH"},{"data":"Noxious Fumes","floor":40.0,"key":"SMITH"},{"data":"Bane","floor":42.0,"key":"SMITH"},{"data":"Bouncing Flask","floor":44.0,"key":"SMITH"},{"data":"Backflip","floor":49,"key":"SMITH"}],"neow_cost":"NONE","seed_source_timestamp":157915862023600,"circlet_count":0,"master_deck":["Defend_G","Defend_G","Defend_G","Defend_G","Defend_G","Strike_G","Strike_G","Strike_G","Survivor","Neutralize+1","Deadly Poison+1","Well Laid Plans+1","PiercingWail+1","Backflip+1","Bouncing Flask+1","Deflect","Bane+1","Dodge and Roll+1","Glass Knife","PiercingWail+1","Footwork+1","Backflip+1","Poisoned Stab+1","Bullet Time+1","Doppelganger+1","Adrenaline+1","Noxious Fumes+1","Parasite","Cloak And Dagger+1","Bullet Time+1"],"special_seed":0,"relics":["Ring of the Snake","NeowsBlessing","Golden Idol","Bird Faced Urn","Mercury Hourglass","Potion Belt","Coffee Dripper","TwistedFunnel","PreservedInsect","Mummified Hand","Turnip","Bag of Marbles","Mango","Toxic Egg 2","Busted Crown","Paper Crane","Meat on the Bone","MawBank","Ornamental Fan"],"potions_floor_usage":[48,50,50,50,50,50],"damage_taken":[{"damage":0.0,"enemies":"Jaw Worm","floor":1.0,"turns":1.0},{"damage":0.0,"enemies":"Small Slimes","floor":3.0,"turns":1.0},{"damage":0.0,"enemies":"Cultist","floor":4.0,"turns":1.0},{"damage":0.0,"enemies":"Red Slaver","floor":5.0,"turns":5.0},{"damage":20.0,"enemies":"Lagavulin","floor":7.0,"turns":7.0},{"damage":1.0,"enemies":"Looter","floor":12.0,"turns":3.0},{"damage":1.0,"enemies":"3 Louse","floor":13.0,"turns":2.0},{"damage":5.0,"enemies":"3 Sentries","floor":14.0,"turns":6.0},{"damage":32.0,"enemies":"Slime Boss","floor":16.0,"turns":12.0},{"damage":1.0,"enemies":"3 Byrds","floor":18.0,"turns":5.0},{"damage":0.0,"enemies":"Spheric Guardian","floor":21.0,"turns":4.0},{"damage":0.0,"enemies":"Cultist and Chosen","floor":22.0,"turns":6.0},{"damage":1.0,"enemies":"Gremlin Leader","floor":24.0,"turns":6.0},{"damage":0.0,"enemies":"Slavers","floor":27.0,"turns":4.0},{"damage":0.0,"enemies":"Book of Stabbing","floor":29.0,"turns":4.0},{"damage":6.0,"enemies":"Shelled Parasite and Fungi","floor":30.0,"turns":4.0},{"damage":1.0,"enemies":"Colosseum Slavers","floor":31.0,"turns":3.0},{"damage":0.0,"enemies":"Colosseum Nobs","floor":31.0,"turns":3.0},{"damage":67.0,"enemies":"Automaton","floor":33.0,"turns":13.0},{"damage":3.0,"enemies":"3 Darklings","floor":35.0,"turns":3.0},{"damage":0.0,"enemies":"Orb Walker","floor":38.0,"turns":3.0},{"damage":9.0,"enemies":"Writhing Mass","floor":41.0,"turns":5.0},{"damage":22.0,"enemies":"Spire Growth","floor":45.0,"turns":4.0},{"damage":0,"enemies":"Jaw Worm Horde","floor":46,"turns":3},{"damage":0,"enemies":"Writhing Mass","floor":48,"turns":4},{"damage":23,"enemies":"Awakened One","floor":50,"turns":13}],"seed_played":"-5454907584109778584","potions_obtained":[{"floor":4.0,"key":"FearPotion"},{"floor":5.0,"key":"Block Potion"},{"floor":7.0,"key":"GamblersBrew"},{"floor":12.0,"key":"LiquidBronze"},{"floor":22.0,"key":"SteroidPotion"},{"floor":27.0,"key":"Explosive Potion"},{"floor":30.0,"key":"EssenceOfSteel"},{"floor":31.0,"key":"GamblersBrew"},{"floor":35.0,"key":"AttackPotion"},{"floor":41.0,"key":"Strength Potion"},{"floor":46,"key":"FearPotion"},{"floor":48,"key":"LiquidBronze"}],"is_trial":false,"path_per_floor":["M","?","M","M","M","R","E","R","T","R","?","M","M","E","R","B",null,"M","$","?","M","M","R","E","R","T","E","?","E","M","?","R","B",null,"M","?","$","M","?","R","M","R","T","R","M","M","T","M","R","B",null],"character_chosen":"THE_SILENT","items_purchased":["Footwork","TwistedFunnel","PowerPotion","Noxious Fumes","Paper Crane","Meat on the Bone"],"campfire_rested":0,"item_purchase_floors":[19,19,19,37,37,37],"current_hp_per_floor":[63,63,63,63,63,63,43,43,43,43,43,44,43,40,40,10,51,52,52,52,56,60,60,64,64,64,65,65,65,61,79,79,12,62,63,63,63,69,69,69,66,66,66,66,50,56,56,62,62,45],"gold":294,"neow_bonus":"THREE_ENEMY_KILL","is_prod":false,"is_daily":false,"chose_seed":false,"campfire_upgraded":11,"win_rate":0,"timestamp":1550290896,"path_taken":["M","?","M","M","M","R","E","R","T","R","?","M","M","E","R","BOSS","M","$","?","?","M","R","E","R","T","E","?","E","M","?","R","BOSS","M","?","$","M","?","R","M","R","T","R","?","M","?","M","R","BOSS"],"build_version":"2019-01-23","purchased_purges":1,"victory":true,"max_hp_per_floor":[70,65,65,65,65,65,65,65,65,65,65,65,65,65,65,65,65,65,65,65,65,65,65,65,65,65,65,65,65,65,79,79,79,79,79,79,79,79,79,79,79,79,79,79,79,79,79,79,79,79],"card_choices":[{"not_picked":["Masterful Stab","Terror"],"picked":"Deadly Poison","floor":1.0},{"not_picked":["Deadly Poison","Choke"],"picked":"Well Laid Plans","floor":3.0},{"not_picked":["Acrobatics","Flying Knee"],"picked":"PiercingWail","floor":4.0},{"not_picked":["Prepared","Bane"],"picked":"Backflip","floor":5.0},{"not_picked":["Deadly Poison","Reflex"],"picked":"Bouncing Flask","floor":7.0},{"not_picked":["Wraith Form v2","Blade Dance"],"picked":"Deflect","floor":12.0},{"not_picked":["Blade Dance","Bouncing Flask"],"picked":"Bane","floor":13.0},{"not_picked":["Dagger Throw","Blade Dance"],"picked":"Dodge and Roll","floor":14.0},{"not_picked":["Night Terror","Phantasmal Killer"],"picked":"Glass Knife","floor":16.0},{"not_picked":["Sucker Punch+1","Prepared+1"],"picked":"PiercingWail+1","floor":18.0},{"not_picked":["Outmaneuver","Underhanded Strike+1"],"picked":"Backflip+1","floor":21.0},{"not_picked":["Acrobatics","Underhanded Strike+1"],"picked":"Poisoned Stab+1","floor":22.0},{"not_picked":["Tactician","Deadly Poison"],"picked":"Bullet Time","floor":24.0},{"not_picked":["Underhanded Strike","Quick Slash+1","Prepared"],"picked":"SKIP","floor":27.0},{"not_picked":["Concentrate+1","Riddle With Holes"],"picked":"Doppelganger","floor":29.0},{"not_picked":["Poisoned Stab","Sucker Punch","Deadly Poison"],"picked":"SKIP","floor":30.0},{"not_picked":["Wraith Form v2","Night Terror+1"],"picked":"Adrenaline+1","floor":33.0},{"not_picked":["Deflect+1"],"picked":"SKIP","floor":35.0},{"not_picked":["Eviscerate"],"picked":"SKIP","floor":38.0},{"not_picked":["Poisoned Stab"],"picked":"SKIP","floor":41.0},{"not_picked":["Slice+1"],"picked":"SKIP","floor":45},{"not_picked":[],"picked":"Cloak And Dagger+1","floor":46},{"not_picked":[],"picked":"Bullet Time+1","floor":48}],"player_experience":244403,"relics_obtained":[{"floor":7.0,"key":"Bird Faced Urn"},{"floor":9.0,"key":"Mercury Hourglass"},{"floor":14.0,"key":"Potion Belt"},{"floor":24.0,"key":"PreservedInsect"},{"floor":26.0,"key":"Mummified Hand"},{"floor":27.0,"key":"Turnip"},{"floor":29.0,"key":"Bag of Marbles"},{"floor":31.0,"key":"Mango"},{"floor":31.0,"key":"Toxic Egg 2"},{"floor":43.0,"key":"MawBank"},{"floor":47,"key":"Ornamental Fan"}],"event_choices":[{"damage_healed":0.0,"max_hp_gain":0.0,"max_hp_loss":5.0,"gold_gain":0.0,"event_name":"Golden Idol","player_choice":"Lose Max HP","floor":2.0,"gold_loss":0.0,"damage_taken":0.0,"relics_obtained":["Golden Idol"]},{"cards_removed":["Strike_G"],"damage_healed":0.0,"max_hp_gain":0.0,"max_hp_loss":0.0,"gold_gain":0.0,"event_name":"Purifier","player_choice":"Purged","floor":11.0,"gold_loss":0.0,"damage_taken":0.0},{"damage_healed":0.0,"max_hp_gain":0.0,"max_hp_loss":0.0,"gold_gain":0.0,"event_name":"Upgrade Shrine","player_choice":"Upgraded","floor":20.0,"gold_loss":0.0,"damage_taken":0.0,"cards_upgraded":["Footwork"]},{"damage_healed":0.0,"max_hp_gain":0.0,"max_hp_loss":0.0,"gold_gain":0.0,"event_name":"Vampires","player_choice":"Ignored","floor":28.0,"gold_loss":0.0,"damage_taken":0.0},{"damage_healed":0.0,"max_hp_gain":0.0,"max_hp_loss":0.0,"gold_gain":0.0,"event_name":"Colosseum","player_choice":"Fight","floor":31.0,"gold_loss":0.0,"damage_taken":0.0},{"damage_healed":0.0,"max_hp_gain":0.0,"max_hp_loss":0.0,"gold_gain":0.0,"event_name":"Colosseum","player_choice":"Fought Nobs","floor":31.0,"gold_loss":0.0,"damage_taken":0.0},{"damage_healed":0.0,"max_hp_gain":0.0,"max_hp_loss":0.0,"gold_gain":0.0,"event_name":"Tomb of Lord Red Mask","player_choice":"Ignored","floor":36.0,"gold_loss":0.0,"damage_taken":0.0},{"damage_healed":0.0,"max_hp_gain":0.0,"max_hp_loss":0.0,"gold_gain":0.0,"event_name":"FaceTrader","player_choice":"Leave","floor":39.0,"gold_loss":0.0,"damage_taken":0.0}],"is_beta":false,"boss_relics":[{"not_picked":["Fusion Hammer","WristBlade"],"picked":"Coffee Dripper"},{"not_picked":["Eternal Feather","Orrery"],"picked":"Busted Crown"}],"items_purged_floors":[19],"is_endless":false,"potions_floor_spawned":[4,5,7,12,22,27,30,31,35,41,46,48],"ascension_level":6}