{"gold_per_floor":[118,268,268,287,304,304,170,170,170,188,213,213,226,252,252,252],"floor_reached":16,"playtime":606,"items_purged":["Strike_B"],"score":220,"play_id":"be89ac75-5712-47fa-a601-8296a603aea6","local_time":"20181011162036","is_ascension_mode":true,"campfire_choices":[{"data":"Hyperbeam","floor":6,"key":"SMITH"},{"data":"Zap","floor":8,"key":"SMITH"},{"data":"Dualcast","floor":12,"key":"SMITH"},{"data":"Tempest","floor":15,"key":"SMITH"}],"neow_cost":"PERCENT_DAMAGE","seed_source_timestamp":96489695389171,"circlet_count":0,"master_deck":["Strike_B","Strike_B","Strike_B","Defend_B","Defend_B","Defend_B","Defend_B","Zap+1","Dualcast+1","AscendersBane","Hologram","Hyperbeam+1","Cold Snap","FTL","Tempest+1","Loop"],"relics":["Cracked Core","Letter Opener","Lantern","Matryoshka"],"potions_floor_usage":[11,16],"damage_taken":[{"damage":1,"enemies":"Cultist","floor":1,"turns":4},{"damage":4,"enemies":"Jaw Worm","floor":4,"turns":4},{"damage":0,"enemies":"2 Louse","floor":5,"turns":1},{"damage":0,"enemies":"2 Fungi Beasts","floor":10,"turns":2},{"damage":18,"enemies":"Gremlin Nob","floor":11,"turns":4},{"damage":7,"enemies":"Gremlin Gang","floor":13,"turns":3},{"damage":7,"enemies":"Lagavulin","floor":14,"turns":3},{"damage":21,"enemies":"Slime Boss","floor":16,"turns":7}],"seed_played":"-49547185069422741","potions_obtained":[{"floor":4,"key":"Weak Potion"},{"floor":10,"key":"Block Potion"}],"is_trial":false,"path_per_floor":["M","?","?","M","M","R","$","R","T","M","E","R","M","E","R"],"character_chosen":"DEFECT","items_purchased":["PowerPotion"],"campfire_rested":0,"item_purchase_floors":[7],"current_hp_per_floor":[56,56,56,52,52,52,52,52,52,52,34,34,27,20,20,0],"gold":252,"neow_bonus":"TWENTY_PERCENT_HP_BONUS","is_prod":false,"is_daily":false,"chose_seed":false,"campfire_upgraded":4,"win_rate":0,"timestamp":1539267636,"path_taken":["M","?","?","M","M","R","$","R","T","M","E","R","M","E","R","BOSS"],"build_version":"2018-10-04v2","purchased_purges":1,"victory":false,"max_hp_per_floor":[85,85,85,85,85,85,85,85,85,85,85,85,85,85,85,85],"card_choices":[{"not_picked":["Heatsinks","Coolheaded"],"picked":"Hologram","floor":1},{"not_picked":["Stack","Redo"],"picked":"Hyperbeam","floor":4},{"not_picked":["Barrage","Rebound"],"picked":"Cold Snap","floor":5},{"not_picked":["Stack","Barrage","Scrape"],"picked":"SKIP","floor":10},{"not_picked":["Heatsinks","Melter"],"picked":"FTL","floor":11},{"not_picked":["Scrape","Go for the Eyes"],"picked":"Tempest","floor":13},{"not_picked":["Force Field","Rebound"],"picked":"Loop","floor":14}],"player_experience":1423540,"relics_obtained":[{"floor":9,"key":"Letter Opener"},{"floor":11,"key":"Lantern"},{"floor":14,"key":"Matryoshka"}],"event_choices":[{"event_name":"Liars Game","player_choice":"agreed","floor":2,"damage_taken":0},{"event_name":"Purifier","player_choice":"One Purge","floor":3,"damage_taken":0}],"is_beta":false,"boss_relics":[],"items_purged_floors":[7],"is_endless":false,"potions_floor_spawned":[4,10],"killed_by":"Slime Boss","ascension_level":20}