{"gold_per_floor":[113,113,78,98,175,175,206,206,230,230,230,249,284,297,297,297],"floor_reached":16,"playtime":540,"items_purged":[],"score":216,"play_id":"90f46b2c-fd24-44af-9444-0ce0fb528be6","local_time":"20181209232953","is_ascension_mode":true,"campfire_choices":[{"data":"Zap","floor":6,"key":"SMITH"},{"data":"Biased Cognition","floor":8,"key":"SMITH"},{"data":"Coolheaded","floor":10,"key":"SMITH"},{"data":"Hologram","floor":15,"key":"SMITH"}],"neow_cost":"TEN_PERCENT_HP_LOSS","seed_source_timestamp":980357987510007,"circlet_count":0,"master_deck":["AscendersBane","Strike_B","Strike_B","Strike_B","Strike_B+1","Defend_B+1","Defend_B","Defend_B+1","Defend_B","Zap+1","Dualcast+1","Rebound","Coolheaded+1","Biased Cognition+1","Reinforced Body","Creative AI","Hologram+1"],"relics":["Cracked Core","Incense Burner","Ornamental Fan","The Courier","Anchor","Golden Idol","War Paint"],"potions_floor_usage":[16],"damage_taken":[{"damage":2,"enemies":"Jaw Worm","floor":1,"turns":3},{"damage":10,"enemies":"Small Slimes","floor":4,"turns":2},{"damage":23,"enemies":"3 Sentries","floor":7,"turns":9},{"damage":0,"enemies":"2 Louse","floor":12,"turns":2},{"damage":4,"enemies":"Lagavulin","floor":13,"turns":7},{"damage":0,"enemies":"Looter","floor":14,"turns":4},{"damage":22,"enemies":"Hexaghost","floor":16,"turns":11}],"seed_played":"-805774988868742649","potions_obtained":[{"floor":12,"key":"PowerPotion"},{"floor":13,"key":"Energy Potion"}],"is_trial":false,"path_per_floor":["M","?","?","M","T","R","E","R","T","R","?","M","E","M","R","B"],"character_chosen":"DEFECT","items_purchased":[],"campfire_rested":0,"item_purchase_floors":[],"current_hp_per_floor":[62,43,59,49,49,49,26,26,26,26,26,26,22,22,22,0],"gold":297,"neow_bonus":"ONE_RARE_RELIC","is_prod":false,"is_daily":false,"chose_seed":false,"campfire_upgraded":4,"win_rate":0,"timestamp":1544394593,"path_taken":["M","?","?","M","?","R","E","R","T","R","?","M","E","M","R","BOSS"],"build_version":"2018-12-06","purchased_purges":0,"victory":false,"max_hp_per_floor":[64,64,64,64,64,64,64,64,64,64,58,58,58,58,58,58],"card_choices":[{"not_picked":["Hologram","Steam Power"],"picked":"Rebound","floor":1},{"not_picked":["Streamline","Beam Cell"],"picked":"Coolheaded","floor":4},{"not_picked":["Amplify","Barrage"],"picked":"Biased Cognition","floor":7},{"not_picked":["Beam Cell","Consume"],"picked":"Reinforced Body","floor":12},{"not_picked":["Streamline","Go for the Eyes"],"picked":"Creative AI","floor":13},{"not_picked":["Cold Snap","Redo"],"picked":"Hologram","floor":14}],"player_experience":1678311,"relics_obtained":[{"floor":5,"key":"Ornamental Fan"},{"floor":7,"key":"The Courier"},{"floor":9,"key":"Anchor"},{"floor":13,"key":"War Paint"}],"event_choices":[{"damage_healed":0,"gold_gain":0,"player_choice":"Entered Light","damage_taken":19,"max_hp_gain":0,"max_hp_loss":0,"event_name":"Shining Light","floor":2,"gold_loss":0,"cards_upgraded":["Strike_B","Defend_B"]},{"damage_healed":16,"gold_gain":0,"player_choice":"Healed","damage_taken":0,"max_hp_gain":0,"max_hp_loss":0,"event_name":"The Cleric","floor":3,"gold_loss":35},{"damage_healed":0,"gold_gain":0,"player_choice":"Lose Max HP","damage_taken":0,"relics_obtained":["Golden Idol"],"max_hp_gain":0,"max_hp_loss":6,"event_name":"Golden Idol","floor":11,"gold_loss":0}],"is_beta":false,"boss_relics":[],"items_purged_floors":[],"is_endless":false,"potions_floor_spawned":[12,13],"killed_by":"Hexaghost","ascension_level":20}