{"gold_per_floor":[111,127,142,14,29,29,55,55,55,55,80,91,107,125,125,225,225,238,256,268,280,313,339,339,370,370,370,388,418,418,108,108,212,212,232,192,205,4,22,57,57,57,57,57],"floor_reached":44,"playtime":3218,"items_purged":["Strike_B","Strike_B","Strike_B"],"score":774,"play_id":"b8265a61-bc9e-4133-b8fa-cb661d86a96c","local_time":"20190303145014","is_ascension_mode":true,"campfire_choices":[{"data":"Zap","floor":6.0,"key":"SMITH"},{"data":"Hologram","floor":8.0,"key":"SMITH"},{"data":"Coolheaded","floor":10.0,"key":"SMITH"},{"floor":15.0,"key":"REST"},{"data":"Coolheaded","floor":24,"key":"SMITH"},{"data":"Blizzard","floor":27,"key":"SMITH"},{"data":"Glacier","floor":30,"key":"SMITH"},{"floor":32,"key":"REST"},{"data":"Blizzard","floor":41,"key":"SMITH"}],"neow_cost":"NONE","seed_source_timestamp":0,"circlet_count":0,"master_deck":["Strike_B","Defend_B","Defend_B","Defend_B","Defend_B","Zap+1","Dualcast","Sweeping Beam","Hologram+1","Glacier+1","Coolheaded+1","Blizzard+1","FTL","Cold Snap","Loop","Coolheaded+1","Core Surge","Conserve Battery","Cold Snap+1","Coolheaded","Consume","Reboot","Blizzard+1","Creative AI+1"],"special_seed":0,"relics":["Cracked Core","NeowsBlessing","Pen Nib","Singing Bowl","Torii","Nuclear Battery","Red Mask","Shuriken","Lantern","Boot","Blue Candle","Runic Capacitor","Runic Pyramid","Ice Cream"],"potions_floor_usage":[22,23,23,25,29,39],"damage_taken":[{"damage":0.0,"enemies":"Small Slimes","floor":1.0,"turns":1.0},{"damage":0.0,"enemies":"Cultist","floor":2.0,"turns":1.0},{"damage":0.0,"enemies":"Jaw Worm","floor":3.0,"turns":1.0},{"damage":4.0,"enemies":"3 Louse","floor":5.0,"turns":4.0},{"damage":20.0,"enemies":"Lagavulin","floor":7.0,"turns":9.0},{"damage":24.0,"enemies":"Gremlin Nob","floor":11.0,"turns":6.0},{"damage":11.0,"enemies":"Exordium Thugs","floor":12.0,"turns":4.0},{"damage":0.0,"enemies":"Exordium Wildlife","floor":13.0,"turns":2.0},{"damage":0.0,"enemies":"Looter","floor":14.0,"turns":3.0},{"damage":9.0,"enemies":"The Guardian","floor":16.0,"turns":13.0},{"damage":11.0,"enemies":"3 Byrds","floor":18.0,"turns":5.0},{"damage":0.0,"enemies":"Spheric Guardian","floor":19.0,"turns":6.0},{"damage":2.0,"enemies":"Snecko","floor":20.0,"turns":6.0},{"damage":0.0,"enemies":"3 Cultists","floor":21.0,"turns":5.0},{"damage":3,"enemies":"Masked Bandits","floor":22,"turns":7},{"damage":6,"enemies":"Slavers","floor":23,"turns":6},{"damage":10,"enemies":"Gremlin Leader","floor":25,"turns":8},{"damage":2,"enemies":"Snake Plant","floor":28,"turns":8},{"damage":3,"enemies":"Slavers","floor":29,"turns":5},{"damage":9,"enemies":"Automaton","floor":33,"turns":11},{"damage":10,"enemies":"3 Darklings","floor":35,"turns":8},{"damage":0,"enemies":"Orb Walker","floor":37,"turns":4},{"damage":29,"enemies":"Maw","floor":39,"turns":9},{"damage":1,"enemies":"Nemesis","floor":40,"turns":9},{"damage":67,"enemies":"Giant Head","floor":44,"turns":9}],"seed_played":"569027245920602409","potions_obtained":[{"floor":5.0,"key":"Block Potion"},{"floor":12.0,"key":"Poison Potion"},{"floor":13.0,"key":"Block Potion"},{"floor":14.0,"key":"EssenceOfSteel"},{"floor":23,"key":"FocusPotion"},{"floor":25,"key":"LiquidBronze"},{"floor":28,"key":"PowerPotion"},{"floor":29,"key":"Ancient Potion"},{"floor":36,"key":"Weak Potion"},{"floor":36,"key":"EntropicBrew"},{"floor":40,"key":"SteroidPotion"}],"is_trial":false,"path_per_floor":["M","M","M","$","M","R","E","R","T","R","E","M","M","M","R","B",null,"M","M","M","M","?","E","R","E","T","R","M","E","R","$","R","B",null,"M","?","M","$","M","E","R","?","T","E"],"character_chosen":"DEFECT","items_purchased":["Coolheaded","Runic Capacitor","Blizzard"],"campfire_rested":2,"item_purchase_floors":[4,31,38],"current_hp_per_floor":[68,68,68,68,64,64,44,44,44,44,20,11,11,11,34,25,64,55,57,55,55,52,46,46,38,38,38,38,37,37,37,63,54,79,71,71,73,73,46,45,45,45,45,0],"gold":57,"neow_bonus":"THREE_ENEMY_KILL","is_prod":false,"is_daily":false,"chose_seed":false,"campfire_upgraded":7,"win_rate":0,"timestamp":1551642614,"path_taken":["M","M","M","$","M","R","E","R","T","R","E","M","M","M","R","BOSS","M","M","M","M","?","E","R","E","T","R","M","E","R","$","R","BOSS","M","?","M","$","?","E","R","?","T","E"],"build_version":"2019-01-23","purchased_purges":3,"victory":false,"max_hp_per_floor":[75,75,75,75,75,75,75,75,75,75,75,77,77,77,77,77,77,79,81,81,81,81,81,81,83,83,83,85,87,87,87,87,87,87,89,89,91,91,93,93,93,93,93,93],"card_choices":[{"not_picked":["Go for the Eyes","Redo"],"picked":"Sweeping Beam","floor":1.0},{"not_picked":["Leap","Rebound"],"picked":"Hologram","floor":2.0},{"not_picked":["Conserve Battery","Consume"],"picked":"Glacier","floor":3.0},{"not_picked":["Barrage","Coolheaded"],"picked":"Blizzard","floor":5.0},{"not_picked":["Scrape","Consume"],"picked":"FTL","floor":7.0},{"not_picked":["Undo","FTL"],"picked":"Cold Snap","floor":11.0},{"not_picked":["Redo","Sweeping Beam","Recycle"],"picked":"Singing Bowl","floor":12.0},{"not_picked":["Barrage","Force Field"],"picked":"Loop","floor":13.0},{"not_picked":["Rebound","Leap"],"picked":"Coolheaded","floor":14.0},{"not_picked":["Meteor Strike","Hyperbeam"],"picked":"Core Surge","floor":16.0},{"not_picked":["Steam","Beam Cell","Sweeping Beam"],"picked":"Singing Bowl","floor":18.0},{"not_picked":["Fusion","Rebound+1","Hologram"],"picked":"Singing Bowl","floor":19.0},{"not_picked":["Gash+1","Hologram"],"picked":"Conserve Battery","floor":20.0},{"not_picked":["Leap","Hyperbeam"],"picked":"Cold Snap+1","floor":21.0},{"not_picked":["Ball Lightning","Rebound"],"picked":"Coolheaded","floor":22},{"not_picked":["Recycle","Gash"],"picked":"Consume","floor":23},{"not_picked":["FTL","Multi-Cast","Coolheaded"],"picked":"Singing Bowl","floor":25},{"not_picked":["Leap","Recycle","Go for the Eyes"],"picked":"Singing Bowl","floor":28},{"not_picked":["Stack","Fusion+1","Ball Lightning"],"picked":"Singing Bowl","floor":29},{"not_picked":["Creative AI","Rainbow"],"picked":"Reboot","floor":33},{"not_picked":["Sweeping Beam+1","Beam Cell","White Noise"],"picked":"Singing Bowl","floor":35},{"not_picked":["Go for the Eyes+1","Steam Power","Consume"],"picked":"Singing Bowl","floor":37},{"not_picked":["Ball Lightning","Melter+1","Tempest+1"],"picked":"Singing Bowl","floor":39},{"not_picked":["Cold Snap+1","Genetic Algorithm"],"picked":"Creative AI","floor":40}],"player_experience":328563,"relics_obtained":[{"floor":7.0,"key":"Pen Nib"},{"floor":9.0,"key":"Singing Bowl"},{"floor":11.0,"key":"Torii"},{"floor":22,"key":"Red Mask"},{"floor":23,"key":"Shuriken"},{"floor":25,"key":"Lantern"},{"floor":26,"key":"Boot"},{"floor":29,"key":"Blue Candle"},{"floor":40,"key":"Ice Cream"}],"event_choices":[{"damage_healed":0,"gold_gain":0,"player_choice":"Fought Bandits","damage_taken":0,"max_hp_gain":0,"max_hp_loss":0,"event_name":"Masked Bandits","floor":22,"gold_loss":0},{"damage_healed":0,"gold_gain":0,"player_choice":"Bought 3 Potions","damage_taken":0,"max_hp_gain":0,"max_hp_loss":0,"event_name":"The Woman in Blue","floor":36,"gold_loss":0},{"damage_healed":0,"gold_gain":0,"player_choice":"Forge","damage_taken":0,"max_hp_gain":0,"max_hp_loss":0,"event_name":"Accursed Blacksmith","floor":42,"gold_loss":0,"cards_upgraded":["Creative AI"]}],"is_beta":false,"boss_relics":[{"not_picked":["Velvet Choker","Philosopher\u0027s Stone"],"picked":"Nuclear Battery"},{"not_picked":["Tiny House","Runic Dome"],"picked":"Runic Pyramid"}],"items_purged_floors":[4,31,38],"is_endless":false,"potions_floor_spawned":[5,12,13,14,23,25,28,29,40],"killed_by":"Giant Head","ascension_level":8}