{"gold_per_floor":[116,130,143,160,160,160,187,187,187,187,203,353,353,27,27,100,100,111,111,121,71,71,71,121,149,149,149],"floor_reached":27,"playtime":1051,"items_purged":["Strike_G"],"score":435,"play_id":"b9e72d86-79a1-45ed-96be-03922b8a7729","local_time":"20180929171910","is_ascension_mode":true,"campfire_choices":[{"data":"Noxious Fumes","floor":6,"key":"SMITH"},{"data":"All Out Attack","floor":8,"key":"SMITH"},{"data":"Catalyst","floor":10,"key":"SMITH"},{"data":"All Out Attack","floor":15,"key":"SMITH"},{"floor":23,"key":"REST"}],"neow_cost":"","seed_source_timestamp":849465112285943,"circlet_count":0,"master_deck":["Defend_G","Defend_G","Defend_G","Defend_G","Defend_G","Strike_G","Strike_G","Strike_G","Survivor+1","Neutralize","AscendersBane","Noxious Fumes+1","PiercingWail","Catalyst+1","All Out Attack+1","All Out Attack+1","Backstab","Adrenaline+1","PiercingWail","PiercingWail"],"relics":["Ring of the Snake","Lantern","Strawberry","Orichalcum","Cursed Key","Sundial","Meat on the Bone"],"potions_floor_usage":[4,7,16,25],"damage_taken":[{"damage":9,"enemies":"Jaw Worm","floor":1,"turns":6},{"damage":12,"enemies":"Cultist","floor":2,"turns":6},{"damage":0,"enemies":"2 Louse","floor":3,"turns":3},{"damage":2,"enemies":"Exordium Wildlife","floor":4,"turns":5},{"damage":9,"enemies":"3 Sentries","floor":7,"turns":7},{"damage":0,"enemies":"2 Fungi Beasts","floor":11,"turns":3},{"damage":10,"enemies":"Slime Boss","floor":16,"turns":8},{"damage":16,"enemies":"Shell Parasite","floor":18,"turns":4},{"damage":10,"enemies":"Spheric Guardian","floor":20,"turns":5},{"damage":46,"enemies":"Book of Stabbing","floor":25,"turns":7},{"damage":14,"enemies":"3 Cultists","floor":27,"turns":3}],"seed_played":"-149519071835931699","potions_obtained":[{"floor":1,"key":"Energy Potion"},{"floor":3,"key":"GhostInAJar"},{"floor":4,"key":"Fire Potion"},{"floor":20,"key":"SpeedPotion"}],"is_trial":false,"path_per_floor":["M","M","M","M","?","R","E","R","T","R","M","?","?","$","R","B",null,"M","?","M","?","T","R","?","E","T"],"character_chosen":"THE_SILENT","items_purchased":["Orichalcum","Backstab"],"campfire_rested":1,"item_purchase_floors":[14,14],"current_hp_per_floor":[50,38,38,36,36,36,27,27,34,34,34,34,34,34,34,24,61,45,45,35,35,35,56,56,10,10,0],"gold":149,"neow_bonus":"","is_prod":false,"is_daily":false,"chose_seed":false,"campfire_upgraded":4,"win_rate":0,"timestamp":1538234350,"path_taken":["M","M","M","M","?","R","E","R","T","R","M","?","?","$","R","BOSS","M","?","?","?","?","R","?","E","T","M"],"build_version":"2018-09-27","purchased_purges":1,"victory":false,"max_hp_per_floor":[66,66,66,66,66,66,66,66,73,73,73,73,73,73,73,73,73,73,73,73,73,73,73,73,73,73,73],"card_choices":[{"not_picked":["Well Laid Plans","Sucker Punch"],"picked":"Noxious Fumes","floor":1},{"not_picked":["Dagger Throw","Bane"],"picked":"PiercingWail","floor":2},{"not_picked":["Backflip","Bane"],"picked":"Catalyst","floor":3},{"not_picked":["Poisoned Stab","Slice"],"picked":"All Out Attack","floor":4},{"not_picked":["Bullet Time","Setup"],"picked":"Crippling Poison","floor":7},{"not_picked":["Sucker Punch","PiercingWail"],"picked":"All Out Attack","floor":11},{"not_picked":["Malaise","Venomology"],"picked":"Adrenaline","floor":16},{"not_picked":["Deadly Poison","Dash"],"picked":"PiercingWail","floor":18},{"not_picked":["Calculated Gamble","Choke"],"picked":"PiercingWail","floor":20},{"not_picked":["Deadly Poison","Outmaneuver","All Out Attack"],"picked":"SKIP","floor":25}],"player_experience":1288174,"relics_obtained":[{"floor":7,"key":"Lantern"},{"floor":9,"key":"Strawberry"},{"floor":25,"key":"Meat on the Bone"}],"event_choices":[{"event_name":"Wheel of Change","player_choice":"Card Removal","floor":5,"damage_taken":0},{"event_name":"Liars Game","player_choice":"agreed","floor":12,"damage_taken":0},{"event_name":"Living Wall","player_choice":"Forget","floor":13,"damage_taken":0},{"event_name":"WeMeetAgain","player_choice":"Card","floor":19,"damage_taken":0},{"event_name":"Designer","player_choice":"Upgrade 2 Random Cards","floor":21,"damage_taken":0},{"event_name":"Nest","player_choice":"Stole From Cult","floor":24,"damage_taken":0}],"is_beta":false,"boss_relics":[{"not_picked":["Lizard Tail","Orrery"],"picked":"Cursed Key"}],"items_purged_floors":[14],"is_endless":false,"potions_floor_spawned":[1,3,4,20],"killed_by":"3 Cultists","ascension_level":18}