{"gold_per_floor":[16,26,26,44,44,75,75,90,113,133,166,178,257,272,272,377,377,396,17,17,17,36,36,36,70,70,70],"floor_reached":27,"playtime":1015,"items_purged":["Strike_B"],"score":410,"play_id":"b422f64c-d08e-47a4-83d6-25c20f770178","local_time":"20190309115407","is_ascension_mode":true,"campfire_choices":[{"data":"Zap","floor":7.0,"key":"SMITH"},{"floor":15,"key":"REST"},{"data":"Self Repair","floor":24,"key":"SMITH"}],"neow_cost":"NO_GOLD","seed_source_timestamp":2019474205153500,"circlet_count":0,"master_deck":["Strike_B+1","Strike_B","Defend_B","Defend_B+1","Defend_B","Defend_B","Zap+1","Dualcast","Ball Lightning+1","Defragment+1","Self Repair+1","Conserve Battery","White Noise","Electrodynamics","Capacitor","Sweeping Beam","Echo Form","FTL","Thunder Strike","Electrodynamics","Heatsinks+1"],"special_seed":0,"relics":["Cracked Core","StoneCalendar","Blood Vial","Boot","Whetstone","Nuclear Battery","Art of War","Thread and Needle","Ornamental Fan"],"potions_floor_usage":[],"damage_taken":[{"damage":0.0,"enemies":"Small Slimes","floor":1.0,"turns":3.0},{"damage":7.0,"enemies":"Jaw Worm","floor":2.0,"turns":3.0},{"damage":1.0,"enemies":"Cultist","floor":4.0,"turns":3.0},{"damage":30.0,"enemies":"Lagavulin","floor":6.0,"turns":6.0},{"damage":6.0,"enemies":"Red Slaver","floor":8.0,"turns":2.0},{"damage":12.0,"enemies":"Large Slime","floor":10.0,"turns":5.0},{"damage":32.0,"enemies":"Gremlin Nob","floor":11.0,"turns":5.0},{"damage":1,"enemies":"Exordium Thugs","floor":12,"turns":2},{"damage":9,"enemies":"2 Fungi Beasts","floor":14,"turns":3},{"damage":0,"enemies":"Slime Boss","floor":16,"turns":5},{"damage":33,"enemies":"3 Byrds","floor":18,"turns":3},{"damage":11,"enemies":"Spheric Guardian","floor":22,"turns":3},{"damage":28,"enemies":"Gremlin Leader","floor":25,"turns":4},{"damage":42,"enemies":"Book of Stabbing","floor":27,"turns":4}],"seed_played":"-2021123580913171618","potions_obtained":[{"floor":2.0,"key":"Fruit Juice"},{"floor":8.0,"key":"Regen Potion"},{"floor":11.0,"key":"Poison Potion"},{"floor":12,"key":"Explosive Potion"},{"floor":16,"key":"Poison Potion"}],"is_trial":false,"path_per_floor":["M","M","?","M","?","E","R","M","T","M","E","M","?","M","R","B",null,"M","$","?","$","M","$","R","E","T","E"],"character_chosen":"DEFECT","items_purchased":["Thunder Strike","Art of War"],"campfire_rested":1,"item_purchase_floors":[19,19],"current_hp_per_floor":[68,61,66,65,49,19,19,22,22,24,15,23,23,23,48,57,78,54,54,54,54,52,52,52,36,36,0],"gold":70,"neow_bonus":"ONE_RARE_RELIC","is_prod":false,"is_daily":false,"chose_seed":false,"campfire_upgraded":2,"win_rate":0,"timestamp":1552150447,"path_taken":["M","M","?","M","?","E","R","M","T","M","E","M","?","?","R","BOSS","M","$","?","?","?","?","R","E","T","E"],"build_version":"2019-01-23","purchased_purges":1,"victory":false,"max_hp_per_floor":[75,75,80,80,80,80,80,80,80,85,85,85,85,85,85,85,85,85,85,85,85,85,85,85,85,85,85],"card_choices":[{"not_picked":["Cold Snap","Rebound"],"picked":"Ball Lightning","floor":1.0},{"not_picked":["Rebound","Turbo"],"picked":"Defragment","floor":2.0},{"not_picked":["Turbo","Barrage","Stack"],"picked":"SKIP","floor":4.0},{"not_picked":["Force Field","Defragment"],"picked":"Self Repair","floor":6.0},{"not_picked":["Sweeping Beam","Defragment"],"picked":"Conserve Battery","floor":8.0},{"not_picked":["Leap","Force Field"],"picked":"White Noise","floor":10.0},{"not_picked":["Turbo","Storm"],"picked":"Electrodynamics","floor":11.0},{"not_picked":["Skim","Gash"],"picked":"Capacitor","floor":12},{"not_picked":["Hologram","FTL"],"picked":"Sweeping Beam","floor":14},{"not_picked":["Hyperbeam","Biased Cognition"],"picked":"Echo Form","floor":16},{"not_picked":["Sweeping Beam","Streamline"],"picked":"FTL","floor":18},{"not_picked":["Ball Lightning+1","Compile Driver+1"],"picked":"Heatsinks+1","floor":22},{"not_picked":["Gash","Barrage","Lockon"],"picked":"SKIP","floor":25}],"player_experience":372586,"relics_obtained":[{"floor":6.0,"key":"Blood Vial"},{"floor":9.0,"key":"Boot"},{"floor":11.0,"key":"Whetstone"},{"floor":25,"key":"Thread and Needle"},{"floor":26,"key":"Ornamental Fan"}],"event_choices":[{"damage_healed":0.0,"max_hp_gain":5.0,"max_hp_loss":0.0,"gold_gain":0.0,"event_name":"Big Fish","player_choice":"Donut","floor":3.0,"gold_loss":0.0,"damage_taken":0.0},{"damage_healed":0.0,"max_hp_gain":0.0,"max_hp_loss":0.0,"gold_gain":0.0,"event_name":"Shining Light","player_choice":"Entered Light","floor":5.0,"gold_loss":0.0,"damage_taken":16.0,"cards_upgraded":["Defend_B","Defragment"]},{"damage_healed":0,"gold_gain":79,"player_choice":"Gained Gold","damage_taken":0,"max_hp_gain":0,"max_hp_loss":0,"event_name":"Golden Wing","floor":13,"gold_loss":0},{"damage_healed":0,"gold_gain":0,"cards_transformed":["Strike_B"],"player_choice":"Transformed","damage_taken":0,"max_hp_gain":0,"max_hp_loss":0,"event_name":"Transmorgrifier","floor":20,"gold_loss":0,"cards_obtained":["Electrodynamics"]}],"is_beta":false,"boss_relics":[{"not_picked":["Fusion Hammer","Lizard Tail"],"picked":"Nuclear Battery"}],"items_purged_floors":[19],"is_endless":false,"potions_floor_spawned":[2,8,11,12,16,22],"killed_by":"Book of Stabbing","ascension_level":8}