{"gold_per_floor":[114,39,49,20,20,53,53,65,65,65,88,88],"floor_reached":12,"playtime":416,"items_purged":[],"score":152,"play_id":"57596e11-95ec-4f89-aa7b-706901d2b2a2","local_time":"20181102232836","is_ascension_mode":true,"campfire_choices":[{"data":"Dash","floor":7,"key":"SMITH"},{"data":"Quick Slash","floor":10,"key":"SMITH"}],"neow_cost":"NONE","seed_source_timestamp":1484217732625792,"circlet_count":0,"master_deck":["AscendersBane","Defend_G","Defend_G","Defend_G","Defend_G","Defend_G","Strike_G","Strike_G","Strike_G","Survivor","Neutralize","Quick Slash+1","Footwork","Dagger Throw","Dash+1","PiercingWail"],"relics":["Ring of the Snake","Bronze Scales","Peace Pipe","The Specimen","Odd Mushroom"],"potions_floor_usage":[6,12],"damage_taken":[{"damage":0,"enemies":"Cultist","floor":1,"turns":5},{"damage":1,"enemies":"Small Slimes","floor":3,"turns":3},{"damage":33,"enemies":"3 Sentries","floor":6,"turns":7},{"damage":0,"enemies":"Jaw Worm","floor":8,"turns":3},{"damage":1,"enemies":"The Mushroom Lair","floor":11,"turns":5},{"damage":22,"enemies":"Gremlin Nob","floor":12,"turns":4}],"seed_played":"1169860750620696151","potions_obtained":[{"floor":3,"key":"AttackPotion"},{"floor":6,"key":"Strength Potion"},{"floor":8,"key":"Fire Potion"}],"is_trial":false,"path_per_floor":["M","?","M","$","?","E","R","M","T","R","?","E"],"character_chosen":"THE_SILENT","items_purchased":["Dagger Throw"],"campfire_rested":0,"item_purchase_floors":[4],"current_hp_per_floor":[59,59,58,58,51,18,18,18,18,18,17,0],"gold":88,"neow_bonus":"RANDOM_COMMON_RELIC","is_prod":false,"is_daily":false,"chose_seed":false,"campfire_upgraded":2,"win_rate":0,"timestamp":1541197716,"path_taken":["M","?","M","$","?","E","R","M","T","R","?","E"],"build_version":"2018-11-01","purchased_purges":0,"victory":false,"max_hp_per_floor":[66,66,66,66,66,66,66,66,66,66,66,66],"card_choices":[{"not_picked":["Slice","Backflip"],"picked":"Quick Slash","floor":1},{"not_picked":["Cloak And Dagger","Caltrops"],"picked":"Footwork","floor":3},{"not_picked":["Bane","Finisher"],"picked":"Dash","floor":6},{"not_picked":["Prepared","Accuracy"],"picked":"PiercingWail","floor":8}],"player_experience":1532937,"relics_obtained":[{"floor":6,"key":"Peace Pipe"},{"floor":9,"key":"The Specimen"},{"floor":11,"key":"Odd Mushroom"}],"event_choices":[{"cards_removed":["Strike_G"],"damage_healed":0,"gold_gain":0,"player_choice":"Card Removal","damage_taken":0,"max_hp_gain":0,"max_hp_loss":0,"event_name":"The Cleric","floor":2,"gold_loss":75},{"cards_removed":["Strike_G"],"damage_healed":0,"gold_gain":0,"player_choice":"Card Removal","damage_taken":7,"max_hp_gain":0,"max_hp_loss":0,"event_name":"Golden Wing","floor":5,"gold_loss":0},{"damage_healed":0,"gold_gain":0,"player_choice":"Fought Mushrooms","damage_taken":0,"max_hp_gain":0,"max_hp_loss":0,"event_name":"Mushrooms","floor":11,"gold_loss":0}],"is_beta":false,"boss_relics":[],"items_purged_floors":[],"is_endless":false,"potions_floor_spawned":[3,6,8],"killed_by":"Gremlin Nob","ascension_level":20}