{"gold_per_floor":[116,128,278,203,221,221,238,251,251,283,302,282,301,301],"floor_reached":14,"playtime":521,"items_purged":[],"score":188,"play_id":"376f3862-a67c-4304-b269-0e1d93bba095","local_time":"20181114204950","is_ascension_mode":true,"campfire_choices":[{"data":"Bash","floor":6,"key":"SMITH"}],"neow_cost":"TEN_PERCENT_HP_LOSS","seed_source_timestamp":215450211679731,"circlet_count":0,"master_deck":["AscendersBane","Strike_R","Strike_R","Strike_R","Strike_R","Strike_R","Defend_R","Defend_R","Defend_R","Defend_R","Bash+1","Battle Trance","Clothesline","Cleave","Wild Strike","Combust","Shrug It Off"],"relics":["Burning Blood","Calipers","Sundial","Mercury Hourglass"],"potions_floor_usage":[14],"damage_taken":[{"damage":8,"enemies":"Small Slimes","floor":1,"turns":4},{"damage":8,"enemies":"Jaw Worm","floor":2,"turns":6},{"damage":0,"enemies":"2 Louse","floor":5,"turns":3},{"damage":16,"enemies":"Gremlin Gang","floor":7,"turns":4},{"damage":30,"enemies":"Large Slime","floor":8,"turns":8},{"damage":8,"enemies":"Gremlin Nob","floor":10,"turns":3},{"damage":12,"enemies":"Looter","floor":11,"turns":3},{"damage":17,"enemies":"Exordium Wildlife","floor":13,"turns":4},{"damage":27,"enemies":"Lagavulin","floor":14,"turns":5}],"seed_played":"-738548792338901516","potions_obtained":[{"floor":2,"key":"SpeedPotion"},{"floor":8,"key":"LiquidBronze"},{"floor":12,"key":"Weak Potion"}],"is_trial":false,"path_per_floor":["M","M","?","?","M","R","M","M","T","E","M","?","M","E"],"character_chosen":"IRONCLAD","items_purchased":[],"campfire_rested":0,"item_purchase_floors":[],"current_hp_per_floor":[66,64,64,64,68,68,58,34,34,32,26,26,15,0],"gold":301,"neow_bonus":"ONE_RARE_RELIC","is_prod":false,"is_daily":false,"chose_seed":false,"campfire_upgraded":1,"win_rate":0,"timestamp":1542224990,"path_taken":["M","M","?","?","M","R","M","M","T","E","?","?","?","E"],"build_version":"2018-11-08","purchased_purges":0,"victory":false,"max_hp_per_floor":[68,68,68,68,68,68,68,68,68,68,68,68,68,68],"card_choices":[{"not_picked":["Flex","True Grit"],"picked":"Battle Trance","floor":1},{"not_picked":["Shrug It Off","Armaments"],"picked":"Clothesline","floor":2},{"not_picked":["Iron Wave","Metallicize"],"picked":"Cleave","floor":5},{"not_picked":["Blood for Blood","Body Slam"],"picked":"Wild Strike","floor":7},{"not_picked":["Flex","Heavy Blade","Brutality"],"picked":"SKIP","floor":8},{"not_picked":["Evolve","Anger"],"picked":"Combust","floor":10},{"not_picked":["Armaments","Havoc","Flex"],"picked":"SKIP","floor":11},{"not_picked":["Metallicize","Iron Wave"],"picked":"Shrug It Off","floor":13}],"player_experience":1607929,"relics_obtained":[{"floor":9,"key":"Sundial"},{"floor":10,"key":"Mercury Hourglass"}],"event_choices":[{"damage_healed":0,"gold_gain":150,"player_choice":"AGREE","damage_taken":0,"max_hp_gain":0,"max_hp_loss":0,"event_name":"Liars Game","floor":3,"gold_loss":0,"cards_obtained":["Doubt"]},{"cards_removed":["Doubt"],"damage_healed":0,"gold_gain":0,"player_choice":"Card Removal","damage_taken":0,"max_hp_gain":0,"max_hp_loss":0,"event_name":"The Cleric","floor":4,"gold_loss":75},{"damage_healed":0,"gold_gain":0,"player_choice":"Bought 1 Potion","damage_taken":0,"max_hp_gain":0,"max_hp_loss":0,"event_name":"The Woman in Blue","floor":12,"gold_loss":0}],"is_beta":false,"boss_relics":[],"items_purged_floors":[],"is_endless":false,"potions_floor_spawned":[2,8],"killed_by":"Lagavulin","ascension_level":20}