{"gold_per_floor":[368,379,399,5,5,38,55,84,84,94,120,37,49,62,62,164,164,178,190,205,62,62,62,87,106,106,106,125,160,176,46,46,142,142,156,36,0,100,100,133,133,158,183,216,234,248,274,274,274,274,274,274,35,67,67],"floor_reached":55,"playtime":10128,"items_purged":["Strike_B","Strike_B","Doubt","Strike_B","Pain"],"score":1193,"play_id":"d33a6af4-ad69-42e5-a046-af650bdf5399","local_time":"20190226224752","is_ascension_mode":true,"campfire_choices":[{"data":"Defragment","floor":15.0,"key":"SMITH"},{"data":"Fission","floor":23.0,"key":"SMITH"},{"data":"Defragment","floor":27,"key":"SMITH"},{"data":"Loop","floor":32,"key":"SMITH"},{"data":"Coolheaded","floor":41,"key":"SMITH"},{"floor":49,"key":"RECALL"},{"data":"Loop","floor":52,"key":"SMITH"}],"neow_cost":"TEN_PERCENT_HP_LOSS","seed_source_timestamp":0,"circlet_count":0,"master_deck":["Strike_B+1","Defend_B","Defend_B","Defend_B+1","Defend_B","Zap+1","Dualcast","Ball Lightning","Coolheaded","Loop+1","Defragment+1","Leap","Compile Driver+1","Seek","Coolheaded+1","Fission+1","Storm+1","Ball Lightning+1","Undo","Self Repair","Defragment+1","Hologram","Loop+1","Electrodynamics","Coolheaded+1","Panacea","Multi-Cast+1","Capacitor+1","Hologram+1","Coolheaded+1","Blizzard"],"special_seed":0,"relics":["Cracked Core","PreservedInsect","The Courier","Mummified Hand","Pantograph","Ancient Tea Set","Symbiotic Virus","Cursed Key","Pen Nib","War Paint","Question Card","Black Star","Red Mask","Calipers","Toxic Egg 2","StoneCalendar","Meat on the Bone","Oddly Smooth Stone","Omamori","Gremlin Horn","Dream Catcher","Bottled Tornado","DataDisk","Whetstone"],"potions_floor_usage":[24,24,44,50,55],"damage_taken":[{"damage":8.0,"enemies":"2 Louse","floor":1.0,"turns":4.0},{"damage":7.0,"enemies":"Jaw Worm","floor":2.0,"turns":3.0},{"damage":0.0,"enemies":"Cultist","floor":3.0,"turns":3.0},{"damage":7.0,"enemies":"Lagavulin","floor":6.0,"turns":7.0},{"damage":3.0,"enemies":"Blue Slaver","floor":7.0,"turns":4.0},{"damage":1.0,"enemies":"3 Sentries","floor":8.0,"turns":7.0},{"damage":2.0,"enemies":"Gremlin Gang","floor":10.0,"turns":4.0},{"damage":0.0,"enemies":"Gremlin Nob","floor":11.0,"turns":3.0},{"damage":6.0,"enemies":"Exordium Thugs","floor":13.0,"turns":4.0},{"damage":0.0,"enemies":"Large Slime","floor":14.0,"turns":5.0},{"damage":12.0,"enemies":"Slime Boss","floor":16.0,"turns":11.0},{"damage":2.0,"enemies":"Spheric Guardian","floor":18.0,"turns":3.0},{"damage":12.0,"enemies":"Chosen","floor":19.0,"turns":3.0},{"damage":13.0,"enemies":"Snecko","floor":20.0,"turns":4.0},{"damage":1,"enemies":"Slavers","floor":24,"turns":2},{"damage":0,"enemies":"Shelled Parasite and Fungi","floor":25,"turns":3},{"damage":9,"enemies":"Snake Plant","floor":28,"turns":3},{"damage":16,"enemies":"Gremlin Leader","floor":29,"turns":3},{"damage":0,"enemies":"Snecko","floor":30,"turns":3},{"damage":23,"enemies":"Champ","floor":33,"turns":9},{"damage":0,"enemies":"3 Darklings","floor":35,"turns":1},{"damage":0,"enemies":"Mind Bloom Boss Battle","floor":38,"turns":3},{"damage":12,"enemies":"Nemesis","floor":40,"turns":4},{"damage":0,"enemies":"Giant Head","floor":42,"turns":7},{"damage":19,"enemies":"Reptomancer","floor":44,"turns":4},{"damage":3,"enemies":"Orb Walker","floor":45,"turns":2},{"damage":8,"enemies":"Spire Growth","floor":46,"turns":4},{"damage":13,"enemies":"Nemesis","floor":47,"turns":5},{"damage":69,"enemies":"Awakened One","floor":50,"turns":16},{"damage":15,"enemies":"Shield and Spear","floor":54,"turns":4},{"damage":77,"enemies":"The Heart","floor":55,"turns":8}],"seed_played":"-6487558043853818211","potions_obtained":[{"floor":3.0,"key":"SpeedPotion"},{"floor":6.0,"key":"Ancient Potion"},{"floor":7.0,"key":"Poison Potion"},{"floor":8.0,"key":"Poison Potion"},{"floor":10.0,"key":"AttackPotion"},{"floor":14.0,"key":"Energy Potion"},{"floor":18.0,"key":"PowerPotion"},{"floor":19.0,"key":"SneckoOil"},{"floor":29,"key":"Energy Potion"},{"floor":45,"key":"SteroidPotion"},{"floor":46,"key":"SpeedPotion"},{"floor":54,"key":"Poison Potion"}],"is_trial":false,"path_per_floor":["M","M","M","$","?","E","M","E","T","M","E","?","M","M","R","B",null,"M","M","M","$","?","R","E","M","T","R","M","E","M","$","R","B",null,"M","$","?","?","?","E","R","E","T","E","M","M","E","?","R","B",null,"R","$","E","B"],"character_chosen":"DEFECT","items_purchased":["PreservedInsect","Defragment","SkillPotion","Leap","Self Repair","Loop","Coolheaded+1","Blizzard"],"campfire_rested":0,"item_purchase_floors":[4,4,4,4,21,31,53,53],"current_hp_per_floor":[60,53,53,53,58,51,48,47,47,45,45,45,39,39,39,52,68,66,54,41,41,73,73,73,73,73,73,64,55,62,62,62,57,69,69,69,69,73,68,63,63,70,70,58,55,54,48,48,48,23,61,61,61,53,0],"gold":67,"neow_bonus":"TWO_FIFTY_GOLD","is_prod":false,"is_daily":false,"chose_seed":false,"campfire_upgraded":6,"win_rate":0,"timestamp":1551239272,"path_taken":["M","M","M","$","?","E","M","E","T","M","E","?","M","M","R","BOSS","M","M","?","$","?","R","E","M","T","R","?","E","M","?","R","BOSS","M","$","?","?","?","E","R","E","T","E","M","M","E","?","R","BOSS","R","$","E","BOSS"],"build_version":"2019-01-23","purchased_purges":5,"victory":false,"max_hp_per_floor":[68,68,68,68,73,73,73,73,73,73,73,73,73,73,73,73,73,73,73,73,73,73,73,73,73,73,73,73,73,73,73,73,73,73,73,73,73,73,73,73,73,73,73,73,73,73,73,73,73,73,73,73,73,73,73],"card_choices":[{"not_picked":["Conserve Battery","Cold Snap"],"picked":"Ball Lightning","floor":1.0},{"not_picked":["Recycle","Ball Lightning"],"picked":"Coolheaded","floor":2.0},{"not_picked":["Steam","Chill"],"picked":"Loop","floor":3.0},{"not_picked":["All For One","Stack","Redo"],"picked":"SKIP","floor":6.0},{"not_picked":["Steam","Turbo","Leap"],"picked":"SKIP","floor":7.0},{"not_picked":["Streamline","Aggregate"],"picked":"Compile Driver","floor":8.0},{"not_picked":["Ball Lightning","Beam Cell"],"picked":"Seek","floor":10.0},{"not_picked":["Ball Lightning","Beam Cell"],"picked":"Coolheaded","floor":11.0},{"not_picked":["Hello World","Beam Cell","Turbo"],"picked":"SKIP","floor":13.0},{"not_picked":["Redo","Gash"],"picked":"Sweeping Beam","floor":14.0},{"not_picked":["Meteor Strike","Hyperbeam"],"picked":"Fission","floor":16.0},{"not_picked":["Cold Snap","Beam Cell"],"picked":"Storm+1","floor":18.0},{"not_picked":["Compile Driver","Darkness"],"picked":"Ball Lightning+1","floor":19.0},{"not_picked":["Go for the Eyes+1","Sweeping Beam"],"picked":"Undo","floor":20.0},{"not_picked":["Streamline+1","Lockon"],"picked":"Defragment","floor":24},{"not_picked":["Cold Snap","Streamline","Auto Shields+1"],"picked":"SKIP","floor":25},{"not_picked":["Beam Cell","Hyperbeam"],"picked":"Hologram","floor":28},{"not_picked":["FTL","Amplify","All For One"],"picked":"SKIP","floor":29},{"not_picked":["Leap","Compile Driver","Gash","Turbo"],"picked":"SKIP","floor":30},{"not_picked":["Hyperbeam","Amplify","Meteor Strike"],"picked":"Electrodynamics","floor":33},{"not_picked":["White Noise","Heatsinks","Stack"],"picked":"Coolheaded+1","floor":35},{"not_picked":["Blind","Secret Technique","Dramatic Entrance"],"picked":"Panacea","floor":39},{"not_picked":["Redo","Rebound","Meteor Strike","Melter+1"],"picked":"SKIP","floor":40},{"not_picked":["Steam+1","Force Field+1","Beam Cell+1"],"picked":"Multi-Cast+1","floor":42},{"not_picked":["Redo+1","Reboot+1","Tempest+1","Steam+1"],"picked":"SKIP","floor":44},{"not_picked":["Sunder+1","Tempest+1","Turbo+1"],"picked":"Capacitor+1","floor":45},{"not_picked":["Compile Driver+1","Go for the Eyes+1","Streamline"],"picked":"Hologram+1","floor":46},{"not_picked":["Undo+1","Stack+1","Melter+1","Barrage"],"picked":"SKIP","floor":47},{"not_picked":["Electrodynamics","Steam+1","Chill+1","Self Repair+1"],"picked":"SKIP","floor":54}],"player_experience":307567,"relics_obtained":[{"floor":6.0,"key":"The Courier"},{"floor":8.0,"key":"Mummified Hand"},{"floor":9.0,"key":"Pantograph"},{"floor":11.0,"key":"Ancient Tea Set"},{"floor":24,"key":"Pen Nib"},{"floor":26,"key":"War Paint"},{"floor":29,"key":"Question Card"},{"floor":38,"key":"Calipers"},{"floor":40,"key":"Toxic Egg 2"},{"floor":40,"key":"StoneCalendar"},{"floor":42,"key":"Meat on the Bone"},{"floor":42,"key":"Oddly Smooth Stone"},{"floor":44,"key":"Omamori"},{"floor":44,"key":"Gremlin Horn"},{"floor":47,"key":"Dream Catcher"},{"floor":47,"key":"Bottled Tornado"},{"floor":54,"key":"DataDisk"},{"floor":54,"key":"Whetstone"}],"event_choices":[{"damage_healed":0.0,"max_hp_gain":5.0,"max_hp_loss":0.0,"gold_gain":0.0,"event_name":"Big Fish","player_choice":"Donut","floor":5.0,"gold_loss":0.0,"damage_taken":0.0},{"damage_healed":0.0,"max_hp_gain":0.0,"max_hp_loss":0.0,"gold_gain":0.0,"event_name":"WeMeetAgain","player_choice":"Paid Gold","floor":12.0,"gold_loss":83.0,"damage_taken":0.0,"relics_obtained":["Symbiotic Virus"]},{"damage_healed":32.0,"max_hp_gain":0.0,"max_hp_loss":0.0,"gold_gain":0.0,"event_name":"Wheel of Change","player_choice":"Full Heal","floor":22.0,"gold_loss":0.0,"damage_taken":0.0},{"damage_healed":0,"gold_gain":0,"player_choice":"Paid","damage_taken":0,"relics_obtained":["Red Mask"],"max_hp_gain":0,"max_hp_loss":0,"event_name":"Tomb of Lord Red Mask","floor":37,"gold_loss":36},{"damage_healed":0,"gold_gain":0,"player_choice":"Fight","damage_taken":0,"max_hp_gain":0,"max_hp_loss":0,"event_name":"MindBloom","floor":38,"gold_loss":0},{"damage_healed":0,"gold_gain":0,"player_choice":"Memory 2","damage_taken":5,"max_hp_gain":0,"max_hp_loss":0,"event_name":"SensoryStone","floor":39,"gold_loss":0},{"cards_removed":["Sweeping Beam"],"damage_healed":0,"gold_gain":0,"player_choice":"Removed Attack","damage_taken":0,"max_hp_gain":0,"max_hp_loss":0,"event_name":"Falling","floor":48,"gold_loss":0}],"is_beta":false,"boss_relics":[{"not_picked":["Velvet Choker","FrozenCore"],"picked":"Cursed Key"},{"not_picked":["Coffee Dripper","Runic Dome"],"picked":"Black Star"}],"items_purged_floors":[4,21,31,36,53],"is_endless":false,"potions_floor_spawned":[3,6,7,8,10,14,18,19,29,45,46,54],"killed_by":"The Heart","ascension_level":7}