{"gold_per_floor":[113,15,15,15,39,39,74,97,97,97,172,272,291,335,335,335],"floor_reached":16,"playtime":303,"items_purged":[],"score":266,"play_id":"e1ee4375-ead7-4440-a191-721a083ffabc","local_time":"20181227013716","is_ascension_mode":true,"campfire_choices":[{"data":"Noxious Fumes","floor":6,"key":"SMITH"},{"data":"Catalyst","floor":10,"key":"SMITH"},{"data":"Neutralize","floor":15,"key":"SMITH"}],"neow_cost":"NONE","seed_source_timestamp":180813484753736,"circlet_count":0,"master_deck":["AscendersBane","Defend_G","Defend_G","Defend_G","Defend_G","Defend_G","Strike_G","Strike_G","Strike_G","Strike_G","Survivor","Neutralize+1","Bane","Noxious Fumes+1","Bane","Endless Agony","Catalyst+1","Endless Agony","Backflip"],"relics":["Ring of the Snake","NeowsBlessing","Golden Idol","Bottled Lightning","The Courier","Orichalcum"],"potions_floor_usage":[16,16],"damage_taken":[{"damage":0,"enemies":"Small Slimes","floor":1,"turns":1},{"damage":0,"enemies":"2 Louse","floor":5,"turns":1},{"damage":0,"enemies":"Gremlin Nob","floor":7,"turns":1},{"damage":1,"enemies":"Cultist","floor":8,"turns":3},{"damage":14,"enemies":"Blue Slaver","floor":13,"turns":4},{"damage":25,"enemies":"Lagavulin","floor":14,"turns":5},{"damage":1,"enemies":"Hexaghost","floor":16,"turns":5}],"seed_played":"-5719319220190731387","potions_obtained":[{"floor":1,"key":"Strength Potion"},{"floor":14,"key":"FearPotion"}],"is_trial":false,"path_per_floor":["M","$","?","?","M","R","E","M","T","R","?","?","M","E","R","B"],"character_chosen":"THE_SILENT","items_purchased":["Noxious Fumes","Bane"],"campfire_rested":0,"item_purchase_floors":[2,2],"current_hp_per_floor":[59,59,52,52,52,52,52,51,51,51,40,40,26,1,1,0],"gold":335,"neow_bonus":"THREE_ENEMY_KILL","is_prod":false,"is_daily":false,"chose_seed":false,"campfire_upgraded":3,"win_rate":0,"timestamp":1545871036,"path_taken":["M","$","?","?","M","R","E","M","T","R","?","?","M","E","R","BOSS"],"build_version":"2018-12-20","purchased_purges":0,"victory":false,"max_hp_per_floor":[66,66,66,60,60,60,60,60,60,60,60,60,60,60,60,60],"card_choices":[{"not_picked":["Reflex","Acrobatics"],"picked":"Bane","floor":1},{"not_picked":["Calculated Gamble","Reflex"],"picked":"Endless Agony","floor":5},{"not_picked":["Quick Slash","Skewer","Deflect"],"picked":"SKIP","floor":7},{"not_picked":["Backflip","Skewer"],"picked":"Catalyst","floor":8},{"not_picked":["Prepared","Expertise"],"picked":"Endless Agony","floor":13},{"not_picked":["Dagger Throw","Dagger Spray"],"picked":"Backflip","floor":14}],"player_experience":1735747,"relics_obtained":[{"floor":7,"key":"Bottled Lightning"},{"floor":9,"key":"The Courier"},{"floor":14,"key":"Orichalcum"}],"event_choices":[{"cards_removed":["Strike_G"],"damage_healed":0,"gold_gain":0,"player_choice":"Card Removal","damage_taken":7,"max_hp_gain":0,"max_hp_loss":0,"event_name":"Golden Wing","floor":3,"gold_loss":0},{"damage_healed":0,"gold_gain":0,"player_choice":"Lose Max HP","damage_taken":0,"relics_obtained":["Golden Idol"],"max_hp_gain":0,"max_hp_loss":6,"event_name":"Golden Idol","floor":4,"gold_loss":0},{"damage_healed":0,"gold_gain":75,"player_choice":"Gather Gold","damage_taken":11,"max_hp_gain":0,"max_hp_loss":0,"event_name":"World of Goop","floor":11,"gold_loss":0},{"damage_healed":0,"gold_gain":100,"player_choice":"Gold","damage_taken":0,"max_hp_gain":0,"max_hp_loss":0,"event_name":"Wheel of Change","floor":12,"gold_loss":0}],"is_beta":false,"boss_relics":[],"items_purged_floors":[],"is_endless":false,"potions_floor_spawned":[1,14],"killed_by":"Hexaghost","ascension_level":20}