{"gold_per_floor":[109,184,109,384,394,423,423,450,450,450,22,22,40,119,119,119],"floor_reached":16,"playtime":568,"items_purged":["Strike_G","Regret"],"score":262,"play_id":"ff17262c-edfe-472a-b8a8-053f583eaef4","local_time":"20190302143928","is_ascension_mode":true,"campfire_choices":[{"data":"Wraith Form v2","floor":7,"key":"SMITH"},{"data":"Bouncing Flask","floor":10,"key":"SMITH"},{"data":"Backflip","floor":15,"key":"SMITH"}],"neow_cost":"NONE","seed_source_timestamp":1184780855403626,"circlet_count":0,"master_deck":["AscendersBane","Defend_G","Defend_G","Defend_G","Defend_G","Defend_G","Strike_G","Strike_G","Strike_G","Strike_G","Survivor","Neutralize","Backflip+1","Bouncing Flask+1","Wraith Form v2+1","Crippling Poison+1"],"relics":["Ring of the Snake","NeowsBlessing","WingedGreaves","Strawberry","Orichalcum","Anchor","Mummified Hand"],"potions_floor_usage":[],"damage_taken":[{"damage":0,"enemies":"2 Louse","floor":1,"turns":1},{"damage":0,"enemies":"Cultist","floor":5,"turns":1},{"damage":0,"enemies":"3 Sentries","floor":6,"turns":1},{"damage":39,"enemies":"Lagavulin","floor":8,"turns":7},{"damage":0,"enemies":"Jaw Worm","floor":13,"turns":4},{"damage":21,"enemies":"The Guardian","floor":16,"turns":2}],"seed_played":"-7237368514912381669","potions_obtained":[{"floor":5,"key":"Strength Potion"}],"is_trial":false,"path_per_floor":["M","?","$","?","M","E","R","E","T","R","$","?","M","T","R","B"],"character_chosen":"THE_SILENT","items_purchased":["Orichalcum","Anchor"],"campfire_rested":0,"item_purchase_floors":[11,11],"current_hp_per_floor":[59,48,48,48,48,48,48,16,16,16,16,16,16,16,16,0],"gold":119,"neow_bonus":"THREE_ENEMY_KILL","is_prod":false,"is_daily":false,"chose_seed":false,"campfire_upgraded":3,"win_rate":0,"timestamp":1551533968,"path_taken":["M","?","$","?","?","E","R","E","T","R","$","?","?","?","R","BOSS"],"build_version":"2019-01-23","purchased_purges":2,"victory":false,"max_hp_per_floor":[66,66,66,66,66,66,66,73,73,73,73,73,73,73,73,73],"card_choices":[{"not_picked":["Dagger Spray","Escape Plan"],"picked":"Backflip","floor":1},{"not_picked":["Skewer","Flechettes"],"picked":"Bouncing Flask","floor":5},{"not_picked":["Blade Dance","Expertise"],"picked":"Wraith Form v2","floor":6},{"not_picked":["Flying Knee","PiercingWail"],"picked":"Crippling Poison","floor":8},{"not_picked":["Quick Slash","Underhanded Strike","All Out Attack"],"picked":"SKIP","floor":13}],"player_experience":1956994,"relics_obtained":[{"floor":6,"key":"WingedGreaves"},{"floor":8,"key":"Strawberry"},{"floor":14,"key":"Mummified Hand"}],"event_choices":[{"damage_healed":0,"gold_gain":75,"player_choice":"Gather Gold","damage_taken":11,"max_hp_gain":0,"max_hp_loss":0,"event_name":"World of Goop","floor":2,"gold_loss":0},{"damage_healed":0,"gold_gain":275,"player_choice":"Desecrate","damage_taken":0,"max_hp_gain":0,"max_hp_loss":0,"event_name":"Golden Shrine","floor":4,"gold_loss":0,"cards_obtained":["Regret"]},{"damage_healed":0,"gold_gain":0,"player_choice":"Upgraded","damage_taken":0,"max_hp_gain":0,"max_hp_loss":0,"event_name":"Upgrade Shrine","floor":12,"gold_loss":0,"cards_upgraded":["Crippling Poison"]}],"is_beta":false,"boss_relics":[],"items_purged_floors":[3,11],"is_endless":false,"potions_floor_spawned":[5],"killed_by":"The Guardian","ascension_level":20}