{"gold_per_floor":[19,39,50,325,340,340,353,353,353,353,165,315,37,52,52,129,129,142,142,152,152,163,189,208,208,208,208,226,276,306,321,321,394,394,412,422,422,422,422,422,74,91,163,163,211,222,222,52,52,52,52],"floor_reached":52,"playtime":2146,"items_purged":["Regret","Doubt","Writhe"],"score":1839,"play_id":"4aa44293-6e17-463b-9317-3d79cbd7d21f","local_time":"20181012215900","is_ascension_mode":true,"campfire_choices":[{"data":"Poisoned Stab","floor":6,"key":"SMITH"},{"data":"Catalyst","floor":8,"key":"SMITH"},{"data":"Leg Sweep","floor":10,"key":"SMITH"},{"data":"Noxious Fumes","floor":15,"key":"SMITH"},{"floor":25,"key":"REST"},{"data":"Caltrops","floor":27,"key":"SMITH"},{"data":"Bouncing Flask","floor":32,"key":"SMITH"},{"data":"Noxious Fumes","floor":40,"key":"SMITH"},{"floor":44,"key":"REST"},{"floor":47,"key":"REST"},{"floor":49,"key":"REST"}],"neow_cost":"NO_GOLD","seed_source_timestamp":201173766914115,"circlet_count":0,"master_deck":["Defend_G","Defend_G","Defend_G","Defend_G","Defend_G","Strike_G","Strike_G","Strike_G","Strike_G","Survivor","Neutralize","AscendersBane","Poisoned Stab+1","Leg Sweep+1","Catalyst+1","Caltrops+1","Terror","Poisoned Stab","Noxious Fumes+1","Dash","Die Die Die","Bouncing Flask+1","Noxious Fumes+1","Well Laid Plans","Bouncing Flask+1","Corpse Explosion","PiercingWail","Noxious Fumes","Backflip+1","Parasite","Wraith Form v2","PanicButton"],"relics":["Ring of the Snake","FossilizedHelix","Centennial Puzzle","Lantern","Cursed Key","Snake Skull","Question Card","Lizard Tail","Orichalcum","Kunai","Thread and Needle"],"potions_floor_usage":[23,30,33,45,51],"damage_taken":[{"damage":0,"enemies":"Cultist","floor":1,"turns":4},{"damage":0,"enemies":"Small Slimes","floor":2,"turns":3},{"damage":0,"enemies":"2 Louse","floor":3,"turns":3},{"damage":35,"enemies":"Exordium Thugs","floor":5,"turns":8},{"damage":3,"enemies":"2 Fungi Beasts","floor":7,"turns":4},{"damage":0,"enemies":"3 Louse","floor":14,"turns":5},{"damage":12,"enemies":"Slime Boss","floor":16,"turns":8},{"damage":5,"enemies":"3 Byrds","floor":18,"turns":4},{"damage":0,"enemies":"Shell Parasite","floor":20,"turns":2},{"damage":7,"enemies":"3 Cultists","floor":22,"turns":5},{"damage":13,"enemies":"Slavers","floor":23,"turns":4},{"damage":0,"enemies":"Cultist and Chosen","floor":24,"turns":5},{"damage":6,"enemies":"Snake Plant","floor":28,"turns":3},{"damage":0,"enemies":"Gremlin Leader","floor":30,"turns":5},{"damage":4,"enemies":"Centurion and Healer","floor":31,"turns":5},{"damage":3,"enemies":"Champ","floor":33,"turns":6},{"damage":2,"enemies":"Orb Walker","floor":35,"turns":3},{"damage":10,"enemies":"3 Shapes","floor":36,"turns":4},{"damage":27,"enemies":"Maw","floor":42,"turns":6},{"damage":35,"enemies":"Mysterious Sphere","floor":45,"turns":5},{"damage":25,"enemies":"Spire Growth","floor":46,"turns":3},{"damage":18,"enemies":"Donu and Deca","floor":50,"turns":7},{"damage":31,"enemies":"Time Eater","floor":51,"turns":5}],"seed_played":"6226556268783640997","potions_obtained":[{"floor":5,"key":"LiquidBronze"},{"floor":7,"key":"GhostInAJar"},{"floor":14,"key":"GhostInAJar"},{"floor":23,"key":"SteroidPotion"},{"floor":31,"key":"Dexterity Potion"},{"floor":36,"key":"Regen Potion"},{"floor":46,"key":"GamblersBrew"}],"is_trial":false,"path_per_floor":["M","M","M","?","M","R","M","R","T","R","$","?","$","M","R","B",null,"M","?","M","?","M","E","M","R","T","R","M","?","E","M","R","B",null,"M","M","?","?","?","R","$","M","T","R","?","M","R","$","R","B","B"],"character_chosen":"THE_SILENT","items_purchased":["Poisoned Stab","Noxious Fumes","Lantern","Orichalcum","Noxious Fumes","PanicButton","Poison Potion"],"campfire_rested":4,"item_purchase_floors":[11,11,13,41,41,48,48],"current_hp_per_floor":[59,59,59,59,24,24,21,21,21,21,21,21,21,21,21,9,52,47,47,47,47,40,27,27,46,46,46,40,40,40,36,36,33,58,56,46,46,59,59,59,59,32,32,51,25,33,52,52,66,48,17],"gold":52,"neow_bonus":"ONE_RARE_RELIC","is_prod":false,"is_daily":false,"chose_seed":false,"campfire_upgraded":7,"win_rate":0,"timestamp":1539374340,"path_taken":["M","M","M","?","M","R","M","R","T","R","$","?","$","M","R","BOSS","M","?","M","?","M","E","M","R","T","R","M","?","E","?","R","BOSS","M","M","?","?","?","R","?","?","T","R","?","M","R","$","R","BOSS","BOSS"],"build_version":"2018-10-11","purchased_purges":3,"victory":true,"max_hp_per_floor":[66,66,66,66,66,66,66,66,66,66,66,66,66,66,66,66,66,66,66,66,66,66,66,66,66,66,66,66,66,66,66,66,66,66,66,66,66,66,66,66,66,66,66,66,66,66,66,66,66,66,66],"card_choices":[{"not_picked":["Dagger Throw","Bane"],"picked":"Poisoned Stab","floor":1},{"not_picked":["Endless Agony","Dodge and Roll"],"picked":"Leg Sweep","floor":2},{"not_picked":["Dash","Flying Knee"],"picked":"Catalyst","floor":3},{"not_picked":["Underhanded Strike","Slice"],"picked":"Caltrops","floor":5},{"not_picked":["Escape Plan","Expertise"],"picked":"Terror","floor":7},{"not_picked":["Expertise","Outmaneuver"],"picked":"Dash","floor":14},{"not_picked":["Grand Finale","Storm of Steel"],"picked":"Die Die Die","floor":16},{"not_picked":["Blade Dance","Deadly Poison"],"picked":"Bouncing Flask+1","floor":18},{"not_picked":["Underhanded Strike","Distraction","Infinite Blades"],"picked":"SKIP","floor":20},{"not_picked":["Concentrate","Prepared","Dagger Spray"],"picked":"SKIP","floor":22},{"not_picked":["Prepared","A Thousand Cuts","Expertise+1"],"picked":"SKIP","floor":23},{"not_picked":["All Out Attack","Heel Hook+1"],"picked":"Noxious Fumes","floor":24},{"not_picked":["Quick Slash","Underhanded Strike"],"picked":"Well Laid Plans","floor":28},{"not_picked":["Prepared","Dagger Throw","Backflip"],"picked":"SKIP","floor":30},{"not_picked":["Quick Slash","Finisher","Eviscerate"],"picked":"Bouncing Flask","floor":31},{"not_picked":["Phantasmal Killer","Doppelganger","Glass Knife"],"picked":"Corpse Explosion","floor":33},{"not_picked":["Deflect","Sucker Punch","Dodge and Roll"],"picked":"PiercingWail","floor":35},{"not_picked":["Outmaneuver","Skewer","Deflect","Reflex"],"picked":"SKIP","floor":36},{"not_picked":["Deflect","Riddle With Holes","Tactician"],"picked":"Backflip+1","floor":42},{"not_picked":["Dodge and Roll","Choke","Underhanded Strike"],"picked":"Wraith Form v2","floor":46}],"player_experience":1431674,"relics_obtained":[{"floor":9,"key":"Centennial Puzzle"},{"floor":23,"key":"Snake Skull"},{"floor":30,"key":"Question Card"},{"floor":43,"key":"Kunai"},{"floor":45,"key":"Thread and Needle"}],"event_choices":[{"event_name":"Golden Shrine","player_choice":"Desecrate","floor":4,"damage_taken":0},{"event_name":"Liars Game","player_choice":"agreed","floor":12,"damage_taken":0},{"event_name":"The Mausoleum","player_choice":"No","floor":19,"damage_taken":0},{"event_name":"The Lab","player_choice":"Got Potions","floor":21,"damage_taken":0},{"event_name":"Golden Shrine","player_choice":"Pray","floor":29,"damage_taken":0},{"event_name":"Tomb of Lord Red Mask","player_choice":"Ignored","floor":37,"damage_taken":0},{"event_name":"Winding Halls","player_choice":"Writhe","floor":38,"damage_taken":0},{"event_name":"Falling","player_choice":"Removed Attack","floor":39,"damage_taken":0},{"event_name":"Mysterious Sphere","player_choice":"Fight","floor":45,"damage_taken":0}],"is_beta":false,"boss_relics":[{"not_picked":["Runic Dome","Busted Crown"],"picked":"Cursed Key"},{"not_picked":["HoveringKite","Coffee Dripper"],"picked":"Lizard Tail"}],"items_purged_floors":[11,13,41],"is_endless":false,"potions_floor_spawned":[5,7,14,18,20,23,31,36,46],"ascension_level":20}