{"gold_per_floor":[109,125,200,218,234,234,248,274,274,290,323,323,323,348,348,452,452,470,2,2,18,30,30,55,67,79,103,180,212,244,282,294,403,415,439,451,68,88,103,130,130,130,154,154,169,169,187,201,201,201],"floor_reached":51,"playtime":4019,"items_purged":["Strike_R","Strike_R"],"score":1010,"play_id":"d45d440d-191a-4308-a1d5-5e67302d1adf","local_time":"20190213215052","is_ascension_mode":true,"campfire_choices":[{"data":"Uppercut","floor":6.0,"key":"SMITH"},{"data":"Bash","floor":12.0,"key":"SMITH"},{"data":"Rampage","floor":15.0,"key":"SMITH"},{"data":"Feed","floor":23.0,"key":"SMITH"},{"floor":25.0,"key":"REST"},{"data":"Inflame","floor":32.0,"key":"SMITH"},{"floor":41.0,"key":"REST"},{"floor":44.0,"key":"DIG"},{"floor":46.0,"key":"DIG"},{"floor":49.0,"key":"DIG"}],"neow_cost":"NONE","seed_source_timestamp":682878064074300,"circlet_count":0,"master_deck":["Strike_R","Strike_R","Defend_R","Defend_R","Defend_R","Defend_R","Bash+1","Sword Boomerang","Rage","Rampage+1","Uppercut+1","Metallicize","Metallicize","Anger","Feed+1","Carnage","Inflame+1","Flame Barrier","Feel No Pain","True Grit+1","Clothesline+1","Second Wind+1","Intimidate","Juggernaut","Impervious","True Grit+1","Heavy Blade+1","Reaper","Parasite","Spot Weakness+1","Pommel Strike+1","Disarm+1"],"special_seed":0,"relics":["Burning Blood","Oddly Smooth Stone","Potion Belt","Bronze Scales","Paper Frog","Snecko Eye","PreservedInsect","Nilry\u0027s Codex","MawBank","Pear","Tiny Chest","Gremlin Horn","Orrery","Shuriken","Happy Flower","Shovel","Blood Vial","Incense Burner","Unceasing Top","Bag of Preparation"],"potions_floor_usage":[50,50,50,50,50],"damage_taken":[{"damage":1.0,"enemies":"Small Slimes","floor":1.0,"turns":3.0},{"damage":3.0,"enemies":"2 Louse","floor":2.0,"turns":3.0},{"damage":7.0,"enemies":"Jaw Worm","floor":4.0,"turns":3.0},{"damage":11.0,"enemies":"Looter","floor":5.0,"turns":3.0},{"damage":8.0,"enemies":"Exordium Wildlife","floor":7.0,"turns":5.0},{"damage":6.0,"enemies":"Gremlin Nob","floor":8.0,"turns":4.0},{"damage":3.0,"enemies":"Gremlin Gang","floor":10.0,"turns":4.0},{"damage":18.0,"enemies":"Lagavulin","floor":11.0,"turns":6.0},{"damage":7.0,"enemies":"Gremlin Nob","floor":14.0,"turns":4.0},{"damage":30.0,"enemies":"Slime Boss","floor":16.0,"turns":12.0},{"damage":21.0,"enemies":"Spheric Guardian","floor":18.0,"turns":4.0},{"damage":0.0,"enemies":"Chosen","floor":21.0,"turns":3.0},{"damage":9.0,"enemies":"3 Cultists","floor":22.0,"turns":5.0},{"damage":22.0,"enemies":"Slavers","floor":24.0,"turns":4.0},{"damage":9.0,"enemies":"Shelled Parasite and Fungi","floor":27.0,"turns":3.0},{"damage":7.0,"enemies":"Book of Stabbing","floor":28.0,"turns":3.0},{"damage":24.0,"enemies":"Chosen and Byrds","floor":29.0,"turns":6.0},{"damage":9.0,"enemies":"Cultist and Chosen","floor":30.0,"turns":4.0},{"damage":6.0,"enemies":"Gremlin Leader","floor":31.0,"turns":7.0},{"damage":49.0,"enemies":"Collector","floor":33.0,"turns":7.0},{"damage":21.0,"enemies":"3 Shapes","floor":35.0,"turns":4.0},{"damage":36.0,"enemies":"3 Darklings","floor":38.0,"turns":4.0},{"damage":19.0,"enemies":"Writhing Mass","floor":39.0,"turns":4.0},{"damage":34.0,"enemies":"Giant Head","floor":40.0,"turns":8.0},{"damage":40.0,"enemies":"4 Shapes","floor":45.0,"turns":7.0},{"damage":2.0,"enemies":"Maw","floor":47.0,"turns":7.0},{"damage":21.0,"enemies":"Jaw Worm Horde","floor":48.0,"turns":4.0},{"damage":65,"enemies":"Donu and Deca","floor":50,"turns":9}],"seed_played":"1773672598253921802","potions_obtained":[{"floor":0.0,"key":"Explosive Potion"},{"floor":0.0,"key":"Explosive Potion"},{"floor":0.0,"key":"Explosive Potion"},{"floor":5.0,"key":"Dexterity Potion"},{"floor":7.0,"key":"Regen Potion"},{"floor":10.0,"key":"Poison Potion"},{"floor":11.0,"key":"BloodPotion"},{"floor":18.0,"key":"Poison Potion"},{"floor":22.0,"key":"PowerPotion"},{"floor":29.0,"key":"AttackPotion"},{"floor":39.0,"key":"LiquidBronze"},{"floor":40.0,"key":"Strength Potion"},{"floor":47.0,"key":"Energy Potion"}],"is_trial":false,"path_per_floor":["M","M","?","M","M","R","M","E","T","M","E","R","?","E","R","B",null,"M","$","?","M","M","R","E","R","T","M","E","M","M","E","R","B",null,"M","?","$","M","M","E","R","T","T","R","M","R","M","M","R","B",null],"character_chosen":"IRONCLAD","items_purchased":["Inflame","PreservedInsect","Fruit Juice","Flame Barrier","Shuriken","Strength Potion"],"campfire_rested":2,"item_purchase_floors":[19,19,19,19,37,37],"current_hp_per_floor":[77,80,69,68,63,63,61,61,61,64,61,61,61,60,60,36,69,54,54,38,44,49,49,37,64,74,71,70,56,57,57,57,25,89,74,74,74,64,55,41,75,75,75,75,57,57,81,75,75,48],"gold":201,"neow_bonus":"THREE_SMALL_POTIONS","is_prod":false,"is_daily":false,"chose_seed":false,"campfire_upgraded":5,"win_rate":0,"timestamp":1550112652,"path_taken":["M","M","?","M","M","R","M","E","T","M","E","R","?","E","R","BOSS","M","$","?","M","M","R","E","R","T","M","E","M","M","E","R","BOSS","M","?","$","M","M","E","R","?","T","R","M","R","M","M","R","BOSS"],"build_version":"2019-01-23","purchased_purges":2,"victory":true,"max_hp_per_floor":[80,80,80,80,80,80,80,80,80,80,80,80,80,80,80,80,80,80,80,80,80,88,88,92,92,102,102,102,106,110,110,110,110,110,110,110,110,110,114,114,114,114,114,114,118,118,118,118,118,122],"card_choices":[{"not_picked":["Rupture","Power Through"],"picked":"Sword Boomerang","floor":1.0},{"not_picked":["Cleave","Reckless Charge"],"picked":"Rage","floor":2.0},{"not_picked":["Perfected Strike","Infernal Blade"],"picked":"Rampage","floor":4.0},{"not_picked":["Sentinel","Ghostly Armor"],"picked":"Uppercut","floor":5.0},{"not_picked":["Warcry","Heavy Blade"],"picked":"Metallicize","floor":7.0},{"not_picked":["Headbutt","Twin Strike"],"picked":"Metallicize","floor":8.0},{"not_picked":["Warcry","Combust"],"picked":"Anger","floor":10.0},{"not_picked":["Sentinel","Iron Wave","Hemokinesis"],"picked":"SKIP","floor":11.0},{"not_picked":["Pummel","Sword Boomerang","Body Slam"],"picked":"SKIP","floor":14.0},{"not_picked":["Fiend Fire","Exhume"],"picked":"Feed","floor":16.0},{"not_picked":["Dropkick","Body Slam"],"picked":"Carnage","floor":18.0},{"not_picked":["Pummel","Second Wind+1"],"picked":"Feel No Pain","floor":21.0},{"not_picked":["Clash","Twin Strike"],"picked":"True Grit+1","floor":22.0},{"not_picked":["Rage","Sword Boomerang","Clash"],"picked":"SKIP","floor":24.0},{"not_picked":["Blood for Blood","Shrug It Off"],"picked":"Clothesline+1","floor":27.0},{"not_picked":["Havoc","Cleave"],"picked":"Second Wind+1","floor":28.0},{"not_picked":["Iron Wave","Infernal Blade"],"picked":"Intimidate","floor":29.0},{"not_picked":["Havoc+1","Sword Boomerang"],"picked":"Juggernaut","floor":30.0},{"not_picked":["Wild Strike","Clash","Bloodletting"],"picked":"SKIP","floor":31.0},{"not_picked":["Offering","Dark Embrace"],"picked":"Impervious","floor":33.0},{"not_picked":["Perfected Strike","Bloodletting+1"],"picked":"True Grit+1","floor":34.0},{"not_picked":["Body Slam","Warcry"],"picked":"Heavy Blade+1","floor":34.0},{"not_picked":["Armaments+1","Reckless Charge"],"picked":"Reaper","floor":35.0},{"not_picked":["Headbutt+1","Anger+1","Flex+1"],"picked":"SKIP","floor":38.0},{"not_picked":["Ghostly Armor","Anger","Inflame"],"picked":"SKIP","floor":39.0},{"not_picked":["Searing Blow+1","Entrench"],"picked":"Spot Weakness+1","floor":40.0},{"not_picked":["Disarm+1","Body Slam"],"picked":"Pommel Strike+1","floor":45.0},{"not_picked":["Blood for Blood","Sword Boomerang+1"],"picked":"Disarm+1","floor":47.0},{"not_picked":["Havoc+1","Flex+1","Heavy Blade+1"],"picked":"SKIP","floor":48.0}],"player_experience":237544,"relics_obtained":[{"floor":8.0,"key":"Oddly Smooth Stone"},{"floor":9.0,"key":"Potion Belt"},{"floor":11.0,"key":"Bronze Scales"},{"floor":14.0,"key":"Paper Frog"},{"floor":20.0,"key":"Nilry\u0027s Codex"},{"floor":24.0,"key":"MawBank"},{"floor":26.0,"key":"Pear"},{"floor":28.0,"key":"Tiny Chest"},{"floor":31.0,"key":"Gremlin Horn"},{"floor":40.0,"key":"Happy Flower"},{"floor":42.0,"key":"Shovel"},{"floor":43.0,"key":"Blood Vial"},{"floor":44.0,"key":"Incense Burner"},{"floor":46.0,"key":"Unceasing Top"},{"floor":49.0,"key":"Bag of Preparation"}],"event_choices":[{"damage_healed":0.0,"max_hp_gain":0.0,"max_hp_loss":0.0,"gold_gain":75.0,"event_name":"World of Goop","player_choice":"Gather Gold","floor":3.0,"gold_loss":0.0,"damage_taken":11.0},{"cards_removed":["Strike_R"],"damage_healed":0.0,"max_hp_gain":0.0,"max_hp_loss":0.0,"gold_gain":0.0,"event_name":"Living Wall","player_choice":"Forget","floor":13.0,"gold_loss":0.0,"damage_taken":0.0},{"damage_healed":0.0,"max_hp_gain":0.0,"max_hp_loss":0.0,"gold_gain":0.0,"event_name":"Cursed Tome","player_choice":"Obtained Book","floor":20.0,"gold_loss":0.0,"damage_taken":16.0},{"damage_healed":0.0,"max_hp_gain":0.0,"max_hp_loss":0.0,"gold_gain":0.0,"event_name":"SensoryStone","player_choice":"Memory 1","floor":36.0,"gold_loss":0.0,"damage_taken":0.0}],"is_beta":false,"boss_relics":[{"not_picked":["Runic Cube","Ectoplasm"],"picked":"Snecko Eye"},{"not_picked":["Mark of Pain","Calling Bell"],"picked":"Orrery"}],"items_purged_floors":[19,37],"is_endless":false,"potions_floor_spawned":[2,5,7,10,11,18,22,29,30,39,40,47,48],"ascension_level":7}