{"gold_per_floor":[115,125,144,26,42,69,79,79,79,79,79,79,92,125,125,197,197,210,210,222,42,62,95,95,95,95,121,121,121],"floor_reached":29,"playtime":1636,"items_purged":["Strike_B","Strike_B"],"score":546,"play_id":"a56caa26-8e63-4df8-8e1d-797b6b527289","local_time":"20190301203911","is_ascension_mode":true,"campfire_choices":[{"data":"Defragment","floor":8,"key":"SMITH"},{"data":"Defragment","floor":10,"key":"SMITH"},{"floor":12,"key":"REST"},{"data":"Sunder","floor":15,"key":"SMITH"},{"floor":25,"key":"REST"},{"floor":28,"key":"REST"}],"neow_cost":"NONE","seed_source_timestamp":1118793901239901,"circlet_count":0,"master_deck":["AscendersBane","Strike_B+1","Strike_B+1","Defend_B+1","Defend_B+1","Defend_B+1","Defend_B+1","Zap+1","Dualcast","Coolheaded","Sunder+1","Defragment+1","Ball Lightning","Compile Driver","Defragment+1","Conserve Battery+1","Echo Form","Reprogram+1","Ghostly+1","Ghostly+1","Ghostly+1","Reinforced Body+1","Genetic Algorithm+1","Capacitor+1","Recycle+1","Steam Power+1"],"relics":["Cracked Core","DataDisk","Toxic Egg 2","Letter Opener","Bag of Marbles","Fusion Hammer","Molten Egg 2","Question Card","Mercury Hourglass"],"potions_floor_usage":[14,23],"damage_taken":[{"damage":5,"enemies":"2 Louse","floor":1,"turns":3},{"damage":3,"enemies":"Small Slimes","floor":2,"turns":4},{"damage":0,"enemies":"Cultist","floor":3,"turns":3},{"damage":2,"enemies":"3 Louse","floor":5,"turns":3},{"damage":32,"enemies":"Gremlin Nob","floor":6,"turns":4},{"damage":0,"enemies":"2 Fungi Beasts","floor":7,"turns":3},{"damage":8,"enemies":"Blue Slaver","floor":13,"turns":2},{"damage":6,"enemies":"Lagavulin","floor":14,"turns":6},{"damage":2,"enemies":"The Guardian","floor":16,"turns":9},{"damage":0,"enemies":"Spheric Guardian","floor":18,"turns":3},{"damage":9,"enemies":"Chosen","floor":20,"turns":5},{"damage":9,"enemies":"Shelled Parasite and Fungi","floor":22,"turns":5},{"damage":3,"enemies":"Slavers","floor":23,"turns":6},{"damage":22,"enemies":"Book of Stabbing","floor":27,"turns":6},{"damage":15,"enemies":"Centurion and Healer","floor":29,"turns":1}],"seed_played":"-1075721873921441682","potions_obtained":[{"floor":1,"key":"Regen Potion"},{"floor":6,"key":"Dexterity Potion"},{"floor":16,"key":"AttackPotion"}],"is_trial":false,"path_per_floor":["M","M","M","$","M","E","M","R","T","R","?","R","M","E","R","B",null,"M","?","M","$","M","E","?","R","T","E","R","M"],"character_chosen":"DEFECT","items_purchased":["Defragment","Genetic Algorithm+1"],"campfire_rested":3,"item_purchase_floors":[4,21],"current_hp_per_floor":[59,56,56,56,54,22,22,22,22,22,11,32,24,33,33,31,61,61,35,26,26,17,14,14,24,24,2,12,0],"gold":121,"neow_bonus":"UPGRADE_CARD","is_prod":false,"is_daily":false,"chose_seed":false,"campfire_upgraded":3,"win_rate":0,"timestamp":1551469151,"path_taken":["M","M","M","$","M","E","M","R","T","R","?","R","M","E","R","BOSS","M","?","M","$","M","E","?","R","T","E","R","M"],"build_version":"2019-01-23","purchased_purges":2,"victory":false,"max_hp_per_floor":[71,71,71,71,71,71,71,71,71,71,71,71,71,71,71,71,71,71,35,35,35,35,35,35,35,35,35,35,35],"card_choices":[{"not_picked":["Double Energy","Gash"],"picked":"Coolheaded","floor":1},{"not_picked":["Barrage","Coolheaded"],"picked":"Sunder","floor":2},{"not_picked":["Turbo","Leap","Barrage"],"picked":"SKIP","floor":3},{"not_picked":["Compile Driver","Hologram"],"picked":"Ball Lightning","floor":5},{"not_picked":["Chaos","Steam Power"],"picked":"Compile Driver","floor":6},{"not_picked":["Reprogram","Conserve Battery"],"picked":"Defragment","floor":7},{"not_picked":["Ball Lightning","Stack+1","Rebound"],"picked":"SKIP","floor":13},{"not_picked":["Sweeping Beam","Lockon"],"picked":"Conserve Battery+1","floor":14},{"not_picked":["Meteor Strike","Hyperbeam"],"picked":"Echo Form","floor":16},{"not_picked":["Heatsinks","Compile Driver"],"picked":"Reprogram+1","floor":18},{"not_picked":["Rip and Tear","Leap+1"],"picked":"Reinforced Body+1","floor":20},{"not_picked":["Go for the Eyes","Ball Lightning"],"picked":"Capacitor+1","floor":22},{"not_picked":["Cold Snap+1","Sweeping Beam"],"picked":"Recycle+1","floor":23},{"not_picked":["Turbo+1","Steam+1","Gash+1"],"picked":"Steam Power+1","floor":27}],"player_experience":1952122,"relics_obtained":[{"floor":6,"key":"DataDisk"},{"floor":9,"key":"Toxic Egg 2"},{"floor":14,"key":"Bag of Marbles"},{"floor":23,"key":"Molten Egg 2"},{"floor":26,"key":"Question Card"},{"floor":27,"key":"Mercury Hourglass"}],"event_choices":[{"damage_healed":0,"gold_gain":0,"player_choice":"Success","damage_taken":11,"relics_obtained":["Letter Opener"],"max_hp_gain":0,"max_hp_loss":0,"event_name":"Scrap Ooze","floor":11,"gold_loss":0},{"damage_healed":0,"gold_gain":0,"player_choice":"Became a Ghost","damage_taken":0,"max_hp_gain":0,"max_hp_loss":36,"event_name":"Ghosts","floor":19,"gold_loss":0,"cards_obtained":["Ghostly","Ghostly","Ghostly"]},{"damage_healed":0,"gold_gain":0,"player_choice":"Simplicity","damage_taken":0,"max_hp_gain":0,"max_hp_loss":0,"event_name":"Back to Basics","floor":24,"gold_loss":0,"cards_upgraded":["Strike_B","Strike_B","Defend_B","Defend_B","Defend_B","Defend_B"]}],"is_beta":false,"boss_relics":[{"not_picked":["Cursed Key","Eternal Feather"],"picked":"Fusion Hammer"}],"items_purged_floors":[4,21],"is_endless":false,"potions_floor_spawned":[1,6,13,16,22],"killed_by":"Centurion and Healer","ascension_level":20}