{"gold_per_floor":[112,82,98,98,110,110,139,139,139,139,149,183,183,19,19,93,93,107,107,118,138,138,169,169,182,182,193,219,219,236,263,263,341,341,359,259,259],"floor_reached":37,"playtime":1990,"items_purged":["Strike_G","Strike_G"],"score":974,"play_id":"44aa2037-3742-4773-aea5-5e854bc5b8ab","local_time":"20190201175904","is_ascension_mode":true,"campfire_choices":[{"data":"Catalyst","floor":6,"key":"SMITH"},{"data":"Deadly Poison","floor":8,"key":"SMITH"},{"data":"Dodge and Roll","floor":10,"key":"SMITH"},{"data":"Catalyst","floor":15,"key":"SMITH"},{"data":"Deadly Poison","floor":24,"key":"SMITH"},{"floor":29,"key":"REST"},{"data":"Bouncing Flask","floor":32,"key":"SMITH"}],"neow_cost":"NONE","seed_source_timestamp":1441603937765544,"circlet_count":0,"master_deck":["AscendersBane","Defend_G","Defend_G","Defend_G","Defend_G","Defend_G","Survivor","Neutralize","Deadly Poison+1","Catalyst+1","Dodge and Roll+1","Bouncing Flask+1","Deadly Poison","Catalyst+1","Slice","Malaise","Deadly Poison+1","Noxious Fumes+1","Calculated Gamble","Leg Sweep","PiercingWail","Leg Sweep","PiercingWail"],"relics":["Ring of the Snake","NeowsBlessing","Ninja Scroll","Ornamental Fan","Shuriken","Sozu","Ginger","Pocketwatch","Paper Crane","Dodecahedron","Snecko Eye"],"potions_floor_usage":[7,28],"damage_taken":[{"damage":0,"enemies":"Small Slimes","floor":1,"turns":1},{"damage":0,"enemies":"Cultist","floor":3,"turns":1},{"damage":0,"enemies":"2 Louse","floor":5,"turns":1},{"damage":20,"enemies":"Lagavulin","floor":7,"turns":6},{"damage":1,"enemies":"Exordium Wildlife","floor":11,"turns":3},{"damage":30,"enemies":"3 Sentries","floor":12,"turns":11},{"damage":5,"enemies":"Hexaghost","floor":16,"turns":3},{"damage":0,"enemies":"Spheric Guardian","floor":18,"turns":2},{"damage":11,"enemies":"2 Thieves","floor":20,"turns":5},{"damage":0,"enemies":"Snecko","floor":21,"turns":3},{"damage":2,"enemies":"Book of Stabbing","floor":23,"turns":4},{"damage":0,"enemies":"Snake Plant","floor":25,"turns":1},{"damage":9,"enemies":"Shelled Parasite and Fungi","floor":27,"turns":3},{"damage":11,"enemies":"Gremlin Leader","floor":28,"turns":2},{"damage":1,"enemies":"Cultist and Chosen","floor":30,"turns":4},{"damage":0,"enemies":"Book of Stabbing","floor":31,"turns":4},{"damage":17,"enemies":"Champ","floor":33,"turns":4},{"damage":22,"enemies":"3 Shapes","floor":35,"turns":5},{"damage":32,"enemies":"2 Orb Walkers","floor":37,"turns":4}],"seed_played":"2236217962652157425","potions_obtained":[{"floor":2,"key":"Weak Potion"},{"floor":2,"key":"SpeedPotion"},{"floor":16,"key":"Fire Potion"}],"is_trial":false,"path_per_floor":["M","?","M","?","M","R","E","R","T","R","M","E","?","$","R","B",null,"M","?","M","M","?","E","R","M","T","M","E","R","M","E","R","B",null,"M","$","?"],"character_chosen":"THE_SILENT","items_purchased":["Catalyst"],"campfire_rested":1,"item_purchase_floors":[14],"current_hp_per_floor":[59,59,59,59,59,59,39,39,39,39,38,8,30,30,30,25,56,56,56,45,45,39,37,37,37,37,28,17,36,35,35,35,18,54,32,32,0],"gold":259,"neow_bonus":"THREE_ENEMY_KILL","is_prod":false,"is_daily":false,"chose_seed":false,"campfire_upgraded":6,"win_rate":0,"timestamp":1549040344,"path_taken":["M","?","?","?","?","R","E","R","T","R","M","E","?","?","R","BOSS","M","?","M","M","?","E","R","M","T","M","E","R","?","E","R","BOSS","M","$","?"],"build_version":"2019-01-23","purchased_purges":2,"victory":false,"max_hp_per_floor":[66,66,66,66,66,66,66,66,66,66,66,66,66,66,66,66,66,66,66,66,66,66,66,66,66,66,66,66,66,66,66,66,66,66,66,66,66],"card_choices":[{"not_picked":["Poisoned Stab","Dodge and Roll"],"picked":"Deadly Poison","floor":1},{"not_picked":["Quick Slash","Finisher","Cloak And Dagger"],"picked":"SKIP","floor":3},{"not_picked":["Sucker Punch","Blade Dance"],"picked":"Catalyst","floor":5},{"not_picked":["Die Die Die","Caltrops"],"picked":"Dodge and Roll","floor":7},{"not_picked":["Well Laid Plans","Noxious Fumes"],"picked":"Bouncing Flask","floor":11},{"not_picked":["Cloak And Dagger","Sucker Punch"],"picked":"Deadly Poison","floor":12},{"not_picked":["Riddle With Holes","Slice","Finisher"],"picked":"SKIP","floor":18},{"not_picked":["Choke+1","Dodge and Roll"],"picked":"Deadly Poison","floor":20},{"not_picked":["Caltrops","Acrobatics"],"picked":"Noxious Fumes+1","floor":21},{"not_picked":["Concentrate","Sucker Punch","Blade Dance"],"picked":"SKIP","floor":23},{"not_picked":["Tools of the Trade","Prepared"],"picked":"Calculated Gamble","floor":25},{"not_picked":["Deflect","Quick Slash"],"picked":"Leg Sweep","floor":27},{"not_picked":["Prepared","Noxious Fumes","Blade Dance"],"picked":"SKIP","floor":28},{"not_picked":["Quick Slash","Footwork"],"picked":"PiercingWail","floor":30},{"not_picked":["Terror","Sucker Punch"],"picked":"Leg Sweep","floor":31},{"not_picked":["Dodge and Roll","Deadly Poison"],"picked":"PiercingWail","floor":35}],"player_experience":1833009,"relics_obtained":[{"floor":7,"key":"Ninja Scroll"},{"floor":9,"key":"Ornamental Fan"},{"floor":12,"key":"Shuriken"},{"floor":23,"key":"Ginger"},{"floor":26,"key":"Pocketwatch"},{"floor":28,"key":"Paper Crane"},{"floor":31,"key":"Dodecahedron"}],"event_choices":[{"damage_healed":0,"gold_gain":0,"player_choice":"Bought 2 Potions","damage_taken":0,"max_hp_gain":0,"max_hp_loss":0,"event_name":"The Woman in Blue","floor":2,"gold_loss":0},{"cards_removed":["Strike_G"],"damage_healed":0,"gold_gain":0,"player_choice":"Offered Basic","damage_taken":0,"max_hp_gain":0,"max_hp_loss":0,"event_name":"Bonfire Elementals","floor":4,"gold_loss":0},{"damage_healed":22,"gold_gain":0,"player_choice":"Banana","damage_taken":0,"max_hp_gain":0,"max_hp_loss":0,"event_name":"Big Fish","floor":13,"gold_loss":0},{"damage_healed":0,"gold_gain":0,"cards_transformed":["Strike_G","Strike_G"],"player_choice":"Became Test Subject","damage_taken":0,"max_hp_gain":0,"max_hp_loss":0,"event_name":"Drug Dealer","floor":19,"gold_loss":0,"cards_obtained":["Slice","Malaise"]},{"damage_healed":0,"gold_gain":0,"player_choice":"","damage_taken":6,"max_hp_gain":0,"max_hp_loss":0,"event_name":"Knowing Skull","floor":22,"potions_obtained":[],"gold_loss":0,"cards_obtained":[]},{"damage_healed":0,"gold_gain":0,"player_choice":"Fight","damage_taken":0,"max_hp_gain":0,"max_hp_loss":0,"event_name":"Mysterious Sphere","floor":37,"gold_loss":0}],"is_beta":false,"boss_relics":[{"not_picked":["Busted Crown","Lizard Tail"],"picked":"Sozu"},{"not_picked":["Philosopher\u0027s Stone","Ring of the Serpent"],"picked":"Snecko Eye"}],"items_purged_floors":[14,36],"is_endless":false,"potions_floor_spawned":[16,20,21,23,28,33,35],"killed_by":"2 Orb Walkers","ascension_level":20}