{"gold_per_floor":[114,114,130,147,163,163,177,177,231,231,249,281,281,314,314,385,385,402,502,502,515,531,562,562,588,588,548,607,621,671,671,671,750,750,767,310,326,340,359,389,389,421,448,448,458,488,501,501,501,501,501],"floor_reached":51,"playtime":2721,"items_purged":["Lockon"],"score":1514,"play_id":"2a3c6234-0b7e-4152-8942-1410ae091f81","local_time":"20190304205808","is_ascension_mode":true,"campfire_choices":[{"data":"Defragment","floor":6,"key":"SMITH"},{"data":"Zap","floor":8,"key":"SMITH"},{"data":"Rip and Tear","floor":10,"key":"SMITH"},{"data":"Defragment","floor":15,"key":"SMITH"},{"data":"Loop","floor":24,"key":"SMITH"},{"floor":32,"key":"REST"},{"data":"Seek","floor":41,"key":"SMITH"},{"floor":44,"key":"REST"},{"data":"Biased Cognition","floor":49,"key":"SMITH"}],"neow_cost":"NONE","seed_source_timestamp":161921031440476,"circlet_count":0,"master_deck":["AscendersBane","Zap+1","Dualcast","Auto Shields","Rip and Tear+1","Defragment+1","Defragment+1","Chill","Ball Lightning","Electrodynamics","Leap","Conserve Battery","Chill","Amplify","Coolheaded","FTL","Auto Shields+1","Self Repair+1","Loop+1","Seek+1","Double Energy","Biased Cognition+1","White Noise+1","Chill","Force Field+1","Seek","Compile Driver+1"],"relics":["Cracked Core","Bag of Marbles","Sundial","Pear","Bronze Scales","Pandora\u0027s Box","StoneCalendar","Dodecahedron","Regal Pillow","Juzu Bracelet","Pen Nib","Tiny Chest","Runic Dome","OrangePellets","Omamori","Letter Opener","Gremlin Horn","Shovel"],"potions_floor_usage":[7,11,16,22,25,28,29,29,37,39],"damage_taken":[{"damage":0,"enemies":"Small Slimes","floor":1,"turns":5},{"damage":6,"enemies":"Cultist","floor":3,"turns":4},{"damage":0,"enemies":"Jaw Worm","floor":4,"turns":3},{"damage":0,"enemies":"Looter","floor":5,"turns":2},{"damage":13,"enemies":"Large Slime","floor":7,"turns":6},{"damage":6,"enemies":"Gremlin Gang","floor":11,"turns":3},{"damage":20,"enemies":"Lagavulin","floor":12,"turns":6},{"damage":2,"enemies":"3 Sentries","floor":14,"turns":9},{"damage":1,"enemies":"The Guardian","floor":16,"turns":9},{"damage":3,"enemies":"Chosen","floor":18,"turns":3},{"damage":12,"enemies":"Colosseum Slavers","floor":19,"turns":3},{"damage":8,"enemies":"Colosseum Nobs","floor":19,"turns":3},{"damage":0,"enemies":"3 Byrds","floor":21,"turns":2},{"damage":6,"enemies":"Cultist and Chosen","floor":22,"turns":4},{"damage":24,"enemies":"Book of Stabbing","floor":23,"turns":5},{"damage":39,"enemies":"Slavers","floor":25,"turns":4},{"damage":18,"enemies":"Gremlin Leader","floor":28,"turns":7},{"damage":3,"enemies":"Shelled Parasite and Fungi","floor":29,"turns":3},{"damage":16,"enemies":"Champ","floor":33,"turns":10},{"damage":16,"enemies":"Orb Walker","floor":35,"turns":3},{"damage":0,"enemies":"3 Darklings","floor":37,"turns":2},{"damage":0,"enemies":"4 Shapes","floor":38,"turns":4},{"damage":7,"enemies":"Spire Growth","floor":39,"turns":5},{"damage":64,"enemies":"Reptomancer","floor":40,"turns":6},{"damage":15,"enemies":"Nemesis","floor":42,"turns":7},{"damage":0,"enemies":"Maw","floor":45,"turns":8},{"damage":13,"enemies":"Reptomancer","floor":46,"turns":6},{"damage":0,"enemies":"Sphere and 2 Shapes","floor":47,"turns":3},{"damage":26,"enemies":"Time Eater","floor":50,"turns":11},{"damage":65,"enemies":"Awakened One","floor":51,"turns":8}],"seed_played":"7455496551676487078","potions_obtained":[{"floor":1,"key":"PowerPotion"},{"floor":3,"key":"SneckoOil"},{"floor":11,"key":"Swift Potion"},{"floor":14,"key":"SteroidPotion"},{"floor":21,"key":"SteroidPotion"},{"floor":23,"key":"Regen Potion"},{"floor":27,"key":"Swift Potion"},{"floor":28,"key":"GamblersBrew"},{"floor":33,"key":"Fire Potion"},{"floor":35,"key":"Strength Potion"},{"floor":37,"key":"Regen Potion"},{"floor":47,"key":"Strength Potion"}],"is_trial":false,"path_per_floor":["M","?","M","M","M","R","M","R","T","R","M","E","T","E","R","B",null,"M","?","?","M","M","E","R","E","T","?","E","M","?","?","R","B",null,"M","$","M","M","M","E","R","E","T","R","M","E","M","?","R","B","B"],"character_chosen":"DEFECT","items_purchased":["OrangePellets","Omamori"],"campfire_rested":2,"item_purchase_floors":[36,36],"current_hp_per_floor":[64,64,58,58,58,58,45,45,45,45,39,19,29,27,27,26,67,64,44,60,60,54,40,40,33,33,33,15,12,12,12,51,45,72,66,66,76,81,81,27,27,12,12,51,71,78,78,78,78,62,0],"gold":501,"neow_bonus":"TRANSFORM_CARD","is_prod":false,"is_daily":false,"chose_seed":false,"campfire_upgraded":7,"win_rate":0,"timestamp":1551729488,"path_taken":["M","?","M","M","M","R","?","R","T","R","M","E","?","E","R","BOSS","M","?","?","M","M","E","R","E","T","?","E","M","?","?","R","BOSS","M","$","M","M","M","E","R","E","T","R","M","E","M","?","R","BOSS","BOSS"],"build_version":"2019-01-23","purchased_purges":1,"victory":false,"max_hp_per_floor":[71,71,71,71,71,71,71,71,71,71,71,71,81,81,81,81,81,81,81,81,81,81,81,81,81,81,81,81,81,81,81,81,81,81,81,81,81,81,81,81,81,81,81,81,81,81,81,81,81,81,81],"card_choices":[{"not_picked":["Redo","Hologram"],"picked":"Rip and Tear","floor":1},{"not_picked":["Consume","Turbo"],"picked":"Ball Lightning","floor":3},{"not_picked":["Barrage","Lockon","Turbo"],"picked":"SKIP","floor":4},{"not_picked":["Stack","Coolheaded"],"picked":"Defragment","floor":5},{"not_picked":["Rebound","Beam Cell","Stack"],"picked":"SKIP","floor":7},{"not_picked":["Heatsinks","Capacitor"],"picked":"Defragment","floor":11},{"not_picked":["BootSequence","Melter"],"picked":"Chill","floor":12},{"not_picked":["Stack","Multi-Cast"],"picked":"Ball Lightning","floor":14},{"not_picked":["Fission","Rainbow"],"picked":"Electrodynamics","floor":16},{"not_picked":["FTL","Conserve Battery"],"picked":"Coolheaded","floor":18},{"not_picked":["Hologram","Beam Cell"],"picked":"FTL","floor":19},{"not_picked":["Compile Driver","Beam Cell"],"picked":"Auto Shields+1","floor":21},{"not_picked":["Skim","Turbo"],"picked":"Self Repair+1","floor":22},{"not_picked":["Fusion+1","Aggregate"],"picked":"Loop","floor":23},{"not_picked":["Conserve Battery","Steam"],"picked":"Seek","floor":25},{"not_picked":["Scrape","Fusion","Steam"],"picked":"SKIP","floor":28},{"not_picked":["Streamline","Beam Cell"],"picked":"Double Energy","floor":29},{"not_picked":["Core Surge","Creative AI"],"picked":"Biased Cognition","floor":33},{"not_picked":["Rebound","Coolheaded"],"picked":"White Noise+1","floor":35},{"not_picked":["Aggregate","Cold Snap+1"],"picked":"Chill","floor":37},{"not_picked":["Steam+1","Tempest"],"picked":"Force Field+1","floor":38},{"not_picked":["Scrape","Beam Cell+1","Leap"],"picked":"SKIP","floor":39},{"not_picked":["Tempest","Undo"],"picked":"Seek","floor":40},{"not_picked":["Barrage+1","Leap","Stack"],"picked":"SKIP","floor":42},{"not_picked":["Conserve Battery","Double Energy","Auto Shields"],"picked":"SKIP","floor":45},{"not_picked":["Turbo","Reprogram+1","Darkness"],"picked":"SKIP","floor":46},{"not_picked":["Cold Snap","Gash"],"picked":"Compile Driver+1","floor":47}],"player_experience":1964301,"relics_obtained":[{"floor":9,"key":"Bag of Marbles"},{"floor":12,"key":"Sundial"},{"floor":13,"key":"Pear"},{"floor":14,"key":"Bronze Scales"},{"floor":19,"key":"StoneCalendar"},{"floor":19,"key":"Dodecahedron"},{"floor":23,"key":"Regal Pillow"},{"floor":25,"key":"Juzu Bracelet"},{"floor":26,"key":"Pen Nib"},{"floor":28,"key":"Tiny Chest"},{"floor":40,"key":"Letter Opener"},{"floor":42,"key":"Gremlin Horn"},{"floor":46,"key":"Shovel"}],"event_choices":[{"cards_removed":["Strike_B"],"damage_healed":0,"gold_gain":0,"player_choice":"Purged","damage_taken":0,"max_hp_gain":0,"max_hp_loss":0,"event_name":"Purifier","floor":2,"gold_loss":0},{"damage_healed":0,"gold_gain":0,"player_choice":"Fight","damage_taken":0,"max_hp_gain":0,"max_hp_loss":0,"event_name":"Colosseum","floor":19,"gold_loss":0},{"damage_healed":0,"gold_gain":0,"player_choice":"Fought Nobs","damage_taken":0,"max_hp_gain":0,"max_hp_loss":0,"event_name":"Colosseum","floor":19,"gold_loss":0},{"damage_healed":16,"gold_gain":0,"player_choice":"Heal","damage_taken":0,"max_hp_gain":0,"max_hp_loss":0,"event_name":"The Library","floor":20,"gold_loss":0},{"damage_healed":0,"gold_gain":0,"player_choice":"Bought 3 Potions","damage_taken":0,"max_hp_gain":0,"max_hp_loss":0,"event_name":"The Woman in Blue","floor":27,"gold_loss":0},{"damage_healed":0,"gold_gain":50,"player_choice":"Stole From Cult","damage_taken":0,"max_hp_gain":0,"max_hp_loss":0,"event_name":"Nest","floor":30,"gold_loss":0},{"cards_removed":["Aggregate"],"damage_healed":0,"gold_gain":0,"player_choice":"Elegance","damage_taken":0,"max_hp_gain":0,"max_hp_loss":0,"event_name":"Back to Basics","floor":31,"gold_loss":0},{"cards_removed":["Ball Lightning"],"damage_healed":0,"gold_gain":0,"player_choice":"Removed Attack","damage_taken":0,"max_hp_gain":0,"max_hp_loss":0,"event_name":"Falling","floor":48,"gold_loss":0}],"is_beta":false,"boss_relics":[{"not_picked":["Ectoplasm","Sozu"],"picked":"Pandora\u0027s Box"},{"not_picked":["Cursed Key","Busted Crown"],"picked":"Runic Dome"}],"items_purged_floors":[36],"is_endless":false,"potions_floor_spawned":[1,3,11,14,21,23,28,33,35,37,47],"killed_by":"Awakened One","ascension_level":20}