{"gold_per_floor":[18,34,44,44,64,64,64,77,77,109,109,138,157,170,170,248,248,259,29,29,49,64,64,82,82,82,82,93,193,193,227,227,227],"floor_reached":33,"playtime":1639,"items_purged":[],"score":658,"play_id":"cb4d0854-f6f2-4afd-8b40-0da115369867","local_time":"20190123193600","is_ascension_mode":true,"campfire_choices":[{"data":"Buffer","floor":6,"key":"SMITH"},{"data":"Ball Lightning","floor":11,"key":"SMITH"},{"data":"Stack","floor":15,"key":"SMITH"},{"data":"Biased Cognition","floor":23,"key":"SMITH"},{"data":"Electrodynamics","floor":25,"key":"SMITH"},{"floor":32,"key":"REST"}],"neow_cost":"NO_GOLD","seed_source_timestamp":78274696019666,"circlet_count":0,"master_deck":["AscendersBane","Strike_B","Strike_B","Strike_B","Defend_B","Defend_B","Defend_B","Defend_B","Zap","Dualcast","Tempest","Lockon","Steam","Buffer+1","Rip and Tear+1","Ball Lightning+1","Turbo","Electrodynamics+1","Coolheaded","Stack+1","Biased Cognition+1","Cold Snap+1","Ball Lightning","Static Discharge+1","Reinforced Body","Ball Lightning"],"relics":["Cracked Core","Torii","Calipers","Nunchaku","Dead Branch","White Beast Statue","Lee\u0027s Waffle","Strawberry","Singing Bowl","FossilizedHelix","Cables","Happy Flower"],"potions_floor_usage":[5,10,16,22,24,29,29],"damage_taken":[{"damage":12,"enemies":"Jaw Worm","floor":1,"turns":4},{"damage":1,"enemies":"Cultist","floor":2,"turns":3},{"damage":1,"enemies":"2 Louse","floor":3,"turns":2},{"damage":6,"enemies":"Lots of Slimes","floor":5,"turns":3},{"damage":0,"enemies":"Looter","floor":8,"turns":4},{"damage":1,"enemies":"Gremlin Nob","floor":10,"turns":4},{"damage":1,"enemies":"3 Sentries","floor":12,"turns":7},{"damage":0,"enemies":"2 Fungi Beasts","floor":13,"turns":3},{"damage":0,"enemies":"Blue Slaver","floor":14,"turns":3},{"damage":0,"enemies":"The Guardian","floor":16,"turns":12},{"damage":6,"enemies":"3 Byrds","floor":18,"turns":2},{"damage":0,"enemies":"Chosen","floor":21,"turns":4},{"damage":12,"enemies":"Sentry and Sphere","floor":22,"turns":6},{"damage":7,"enemies":"3 Cultists","floor":24,"turns":3},{"damage":0,"enemies":"Snecko","floor":28,"turns":4},{"damage":10,"enemies":"Colosseum Slavers","floor":29,"turns":4},{"damage":9,"enemies":"Colosseum Nobs","floor":29,"turns":3},{"damage":26,"enemies":"Book of Stabbing","floor":31,"turns":4},{"damage":58,"enemies":"Automaton","floor":33,"turns":8}],"seed_played":"1567365804727506762","potions_obtained":[{"floor":1,"key":"Fire Potion"},{"floor":8,"key":"SkillPotion"},{"floor":12,"key":"Energy Potion"},{"floor":14,"key":"Weak Potion"},{"floor":18,"key":"Energy Potion"},{"floor":21,"key":"AttackPotion"},{"floor":22,"key":"GamblersBrew"},{"floor":24,"key":"FearPotion"},{"floor":29,"key":"FearPotion"},{"floor":31,"key":"SteroidPotion"}],"is_trial":false,"path_per_floor":["?","M","?","?","M","?","?","?"],"character_chosen":"DEFECT","items_purchased":["Lee\u0027s Waffle"],"campfire_rested":1,"item_purchase_floors":[19],"current_hp_per_floor":[52,51,50,50,44,44,44,44,44,43,43,42,42,42,42,42,64,58,78,85,85,73,73,66,66,66,66,68,49,49,25,51,0],"gold":227,"neow_bonus":"ONE_RARE_RELIC","is_prod":false,"is_daily":false,"chose_seed":false,"campfire_upgraded":5,"win_rate":0,"timestamp":1548264960,"path_taken":["M","M","M","?","?","R","?","M","T","E","R","E","M","M","R","BOSS","M","$","?","M","?","R","M","R","T","?","M","?","?","E","R","BOSS"],"build_version":"2019-01-23","purchased_purges":0,"victory":false,"max_hp_per_floor":[71,71,71,71,71,71,71,71,71,71,71,71,71,71,71,71,71,71,78,85,85,85,85,85,85,85,85,87,87,87,89,89,89],"card_choices":[{"not_picked":["Hologram","Redo"],"picked":"Tempest","floor":1},{"not_picked":["Redo","Tempest"],"picked":"Lockon","floor":2},{"not_picked":["Barrage","Redo"],"picked":"Steam","floor":3},{"not_picked":["Turbo","Sweeping Beam"],"picked":"Rip and Tear","floor":5},{"not_picked":["Cold Snap","Reboot"],"picked":"Ball Lightning","floor":8},{"not_picked":["Compile Driver","Steam"],"picked":"Turbo","floor":10},{"not_picked":["Go for the Eyes","Steam"],"picked":"Electrodynamics","floor":12},{"not_picked":["Sunder","Recycle"],"picked":"Coolheaded","floor":13},{"not_picked":["Turbo","Coolheaded"],"picked":"Stack","floor":14},{"not_picked":["Meteor Strike","All For One"],"picked":"Biased Cognition","floor":16},{"not_picked":["Auto Shields","Beam Cell"],"picked":"Cold Snap+1","floor":18},{"not_picked":["Reinforced Body","Compile Driver"],"picked":"Ball Lightning","floor":21},{"not_picked":["Genetic Algorithm","Tempest"],"picked":"Static Discharge+1","floor":22},{"not_picked":["Barrage","Leap"],"picked":"Reinforced Body","floor":24},{"not_picked":["Heatsinks","Hologram","Gash"],"picked":"Singing Bowl","floor":28},{"not_picked":["Conserve Battery","Cold Snap"],"picked":"Ball Lightning","floor":29},{"not_picked":["Sunder+1","Self Repair","Beam Cell"],"picked":"Singing Bowl","floor":31}],"player_experience":1477080,"relics_obtained":[{"floor":9,"key":"Calipers"},{"floor":10,"key":"Nunchaku"},{"floor":12,"key":"Dead Branch"},{"floor":26,"key":"Singing Bowl"},{"floor":29,"key":"FossilizedHelix"},{"floor":29,"key":"Cables"},{"floor":31,"key":"Happy Flower"}],"event_choices":[{"damage_healed":0,"gold_gain":0,"player_choice":"1 cards matched","damage_taken":0,"max_hp_gain":0,"max_hp_loss":0,"event_name":"Match and Keep!","floor":4,"gold_loss":0,"cards_obtained":["Buffer"]},{"damage_healed":0,"gold_gain":0,"player_choice":"Upgraded","damage_taken":0,"max_hp_gain":0,"max_hp_loss":0,"event_name":"Upgrade Shrine","floor":7,"gold_loss":0,"cards_upgraded":["Rip and Tear"]},{"damage_healed":0,"gold_gain":0,"player_choice":"Gave Potion","damage_taken":0,"relics_obtained":["Strawberry"],"max_hp_gain":0,"max_hp_loss":0,"event_name":"WeMeetAgain","floor":20,"gold_loss":0},{"damage_healed":0,"gold_gain":0,"player_choice":"Ignored","damage_taken":0,"max_hp_gain":0,"max_hp_loss":0,"event_name":"The Mausoleum","floor":27,"gold_loss":0},{"damage_healed":0,"gold_gain":0,"player_choice":"Fight","damage_taken":0,"max_hp_gain":0,"max_hp_loss":0,"event_name":"Colosseum","floor":29,"gold_loss":0},{"damage_healed":0,"gold_gain":0,"player_choice":"Fought Nobs","damage_taken":0,"max_hp_gain":0,"max_hp_loss":0,"event_name":"Colosseum","floor":29,"gold_loss":0},{"cards_removed":["Strike_B"],"damage_healed":0,"gold_gain":0,"player_choice":"Offered Basic","damage_taken":0,"max_hp_gain":0,"max_hp_loss":0,"event_name":"Bonfire Elementals","floor":30,"gold_loss":0}],"is_beta":false,"boss_relics":[{"not_picked":["Coffee Dripper","Runic Dome"],"picked":"White Beast Statue"}],"items_purged_floors":[],"is_endless":false,"potions_floor_spawned":[1,8,12,14,18,21,22,24,28,29,29,31],"killed_by":"Automaton","ascension_level":20}