{"gold_per_floor":[10,29,41,54,19,19,50,64,64,64,76,86,105,133,133,209,209,219,45,79,89,89,89,89],"floor_reached":24,"playtime":2933,"items_purged":[],"score":424,"play_id":"5e838cc2-8cd5-4456-9b57-f003b5772865","local_time":"20180928144212","is_ascension_mode":true,"campfire_choices":[{"data":"Cloak And Dagger","floor":6,"key":"SMITH"},{"data":"All Out Attack","floor":10,"key":"SMITH"},{"data":"Cloak And Dagger","floor":15,"key":"SMITH"},{"floor":23,"key":"REST"}],"neow_cost":"NO_GOLD","seed_source_timestamp":751744973868122,"circlet_count":0,"master_deck":["Defend_G","Defend_G","Defend_G","Defend_G","Defend_G","Strike_G","Strike_G","Strike_G","Strike_G","Strike_G","Survivor","Neutralize","AscendersBane","Slice","Masterful Stab","Cloak And Dagger+1","All Out Attack+1","Flying Knee","Calculated Gamble","Cloak And Dagger+1","Burst","Dagger Spray","Backflip","After Image","Backflip","Deflect+1","Cloak And Dagger"],"relics":["Ring of the Serpent","Mango","Ninja Scroll","Orichalcum","Strawberry","Happy Flower","Red Mask"],"potions_floor_usage":[16,20,24],"damage_taken":[{"damage":2,"enemies":"Jaw Worm","floor":1,"turns":5},{"damage":4,"enemies":"Small Slimes","floor":2,"turns":3},{"damage":0,"enemies":"Cultist","floor":3,"turns":3},{"damage":0,"enemies":"Exordium Wildlife","floor":4,"turns":3},{"damage":44,"enemies":"Gremlin Nob","floor":7,"turns":5},{"damage":9,"enemies":"Large Slime","floor":8,"turns":5},{"damage":1,"enemies":"Looter","floor":11,"turns":3},{"damage":1,"enemies":"2 Fungi Beasts","floor":12,"turns":2},{"damage":0,"enemies":"Blue Slaver","floor":13,"turns":2},{"damage":5,"enemies":"3 Sentries","floor":14,"turns":5},{"damage":1,"enemies":"The Guardian","floor":16,"turns":17},{"damage":10,"enemies":"2 Thieves","floor":18,"turns":4},{"damage":15,"enemies":"Masked Bandits","floor":20,"turns":5},{"damage":18,"enemies":"Chosen","floor":21,"turns":7},{"damage":60,"enemies":"Book of Stabbing","floor":24,"turns":6}],"seed_played":"-8895885119864021499","potions_obtained":[{"floor":2,"key":"GhostInAJar"},{"floor":8,"key":"EssenceOfSteel"},{"floor":16,"key":"PowerPotion"}],"is_trial":false,"path_per_floor":["M","M","M","M","?","R","E","M","T","R","M","M","M","E","R","B",null,"M","$","?","M","?","R"],"character_chosen":"THE_SILENT","items_purchased":["Happy Flower"],"campfire_rested":1,"item_purchase_floors":[19],"current_hp_per_floor":[71,67,67,67,80,80,36,27,27,27,26,25,25,27,27,26,72,62,62,47,29,29,55,0],"gold":89,"neow_bonus":"ONE_RARE_RELIC","is_prod":false,"is_daily":false,"chose_seed":false,"campfire_upgraded":3,"win_rate":0,"timestamp":1538138532,"path_taken":["M","M","M","M","?","R","E","M","T","R","M","M","M","E","R","BOSS","M","$","?","M","?","R","E"],"build_version":"2018-09-27","purchased_purges":0,"victory":false,"max_hp_per_floor":[80,80,80,80,80,80,80,80,80,80,80,80,80,87,87,87,87,87,87,87,87,87,87,87],"card_choices":[{"not_picked":["Underhanded Strike","Cloak And Dagger"],"picked":"Slice","floor":1},{"not_picked":["Flying Knee","Sucker Punch"],"picked":"Masterful Stab","floor":2},{"not_picked":["Dagger Throw","Phantasmal Killer"],"picked":"Cloak And Dagger","floor":3},{"not_picked":["Calculated Gamble","Outmaneuver"],"picked":"All Out Attack","floor":4},{"not_picked":["Caltrops","Poisoned Stab"],"picked":"Flying Knee","floor":7},{"not_picked":["Reflex","Acrobatics"],"picked":"Calculated Gamble","floor":8},{"not_picked":["Underhanded Strike","Heel Hook"],"picked":"Cloak And Dagger","floor":11},{"not_picked":["Heel Hook","All Out Attack"],"picked":"Burst","floor":12},{"not_picked":["Blade Dance","Slice"],"picked":"Dagger Spray","floor":13},{"not_picked":["Blade Dance","Sucker Punch"],"picked":"Backflip","floor":14},{"not_picked":["Burst","Storm of Steel"],"picked":"After Image","floor":16},{"not_picked":["Underhanded Strike","Flechettes"],"picked":"Backflip","floor":18},{"not_picked":["Deadly Poison","Slice"],"picked":"Deflect+1","floor":20},{"not_picked":["Flying Knee","Deflect"],"picked":"Cloak And Dagger","floor":21}],"player_experience":1274918,"relics_obtained":[{"floor":7,"key":"Ninja Scroll"},{"floor":9,"key":"Orichalcum"},{"floor":14,"key":"Strawberry"},{"floor":20,"key":"Red Mask"}],"event_choices":[{"event_name":"The Cleric","player_choice":"Healed","floor":5,"damage_taken":0},{"event_name":"Masked Bandits","player_choice":"Fought Bandits","floor":20,"damage_taken":0},{"event_name":"Cursed Tome","player_choice":"Ignored","floor":22,"damage_taken":0}],"is_beta":false,"boss_relics":[{"not_picked":["Calling Bell","White Beast Statue"],"picked":"Ring of the Serpent"}],"items_purged_floors":[],"is_endless":false,"potions_floor_spawned":[2,8,11,16],"killed_by":"Book of Stabbing","ascension_level":18}