{"gold_per_floor":[111,111,124,49,59,59,92,106,179,179,179,179,189,219,219,295,295,310,310,360,141,151,151,151],"floor_reached":24,"playtime":678,"items_purged":["Pain","Dualcast"],"score":408,"play_id":"440217c1-e3f7-41cb-8e72-0f8691b1fc23","local_time":"20181230032256","is_ascension_mode":true,"campfire_choices":[{"data":"Lockon","floor":6,"key":"SMITH"},{"data":"Loop","floor":12,"key":"SMITH"},{"data":"Zap","floor":15,"key":"SMITH"},{"data":"Defragment","floor":23,"key":"SMITH"}],"neow_cost":"NONE","seed_source_timestamp":446039151938253,"circlet_count":0,"master_deck":["AscendersBane","Strike_B+1","Strike_B+1","Strike_B+1","Strike_B+1","Defend_B+1","Defend_B+1","Defend_B+1","Defend_B+1","Zap+1","Hologram","Sweeping Beam","Lockon+1","Reinforced Body","Loop+1","Lockon","Hologram","Defragment","Glacier","Defragment+1"],"relics":["Cracked Core","NeowsBlessing","WarpedTongs","Calipers","Bottled Flame","Bronze Scales","Dream Catcher","Sozu"],"potions_floor_usage":[24],"damage_taken":[{"damage":0,"enemies":"Small Slimes","floor":1,"turns":1},{"damage":1,"enemies":"Cultist","floor":3,"turns":1},{"damage":0,"enemies":"2 Louse","floor":5,"turns":1},{"damage":30,"enemies":"3 Sentries","floor":7,"turns":7},{"damage":0,"enemies":"Blue Slaver","floor":8,"turns":2},{"damage":5,"enemies":"Exordium Wildlife","floor":13,"turns":3},{"damage":8,"enemies":"Gremlin Nob","floor":14,"turns":3},{"damage":7,"enemies":"Hexaghost","floor":16,"turns":8},{"damage":16,"enemies":"Spheric Guardian","floor":18,"turns":4},{"damage":0,"enemies":"3 Byrds","floor":22,"turns":4},{"damage":41,"enemies":"Slavers","floor":24,"turns":3}],"seed_played":"-5820462488976436406","potions_obtained":[{"floor":5,"key":"Swift Potion"},{"floor":7,"key":"SmokeBomb"},{"floor":8,"key":"LiquidBronze"}],"is_trial":false,"path_per_floor":["M","?","M","$","M","R","E","M","T","?","?","R","M","E","R","B",null,"M","?","?","$","M","R","E"],"character_chosen":"DEFECT","items_purchased":["Glacier","Defragment"],"campfire_rested":0,"item_purchase_floors":[21,21],"current_hp_per_floor":[64,64,63,63,63,63,33,33,33,7,30,30,25,17,17,10,56,40,40,40,40,40,40,0],"gold":151,"neow_bonus":"THREE_ENEMY_KILL","is_prod":false,"is_daily":false,"chose_seed":false,"campfire_upgraded":4,"win_rate":0,"timestamp":1546136576,"path_taken":["M","?","?","$","M","R","E","?","T","?","?","R","M","E","R","BOSS","M","?","?","?","M","R","E"],"build_version":"2018-12-20","purchased_purges":2,"victory":false,"max_hp_per_floor":[71,71,71,71,71,71,71,71,71,71,71,71,71,71,71,71,71,71,71,71,71,71,71,71],"card_choices":[{"not_picked":["Beam Cell","Redo"],"picked":"Hologram","floor":1},{"not_picked":["Heatsinks","Conserve Battery"],"picked":"Sweeping Beam","floor":3},{"not_picked":["Steam Power","Turbo"],"picked":"Lockon","floor":5},{"not_picked":["Steam","Fission"],"picked":"Reinforced Body","floor":7},{"not_picked":["Turbo","Recycle"],"picked":"Loop","floor":8},{"not_picked":["Leap","Go for the Eyes"],"picked":"Lockon","floor":13},{"not_picked":["Streamline","Darkness"],"picked":"Hologram","floor":14},{"not_picked":["Stack","Hello World"],"picked":"Defragment","floor":18},{"not_picked":["Conserve Battery","Steam Power","Sweeping Beam"],"picked":"SKIP","floor":22}],"player_experience":1757457,"relics_obtained":[{"floor":7,"key":"Calipers"},{"floor":9,"key":"Bottled Flame"},{"floor":14,"key":"Dream Catcher"}],"event_choices":[{"damage_healed":0,"gold_gain":0,"player_choice":"Rummage","damage_taken":0,"relics_obtained":["WarpedTongs"],"max_hp_gain":0,"max_hp_loss":0,"event_name":"Accursed Blacksmith","floor":2,"gold_loss":0,"cards_obtained":["Pain"]},{"damage_healed":0,"gold_gain":0,"player_choice":"Success","damage_taken":26,"relics_obtained":["Bronze Scales"],"max_hp_gain":0,"max_hp_loss":0,"event_name":"Scrap Ooze","floor":10,"gold_loss":0},{"damage_healed":23,"gold_gain":0,"player_choice":"Banana","damage_taken":0,"max_hp_gain":0,"max_hp_loss":0,"event_name":"Big Fish","floor":11,"gold_loss":0},{"damage_healed":0,"gold_gain":0,"player_choice":"Simplicity","damage_taken":0,"max_hp_gain":0,"max_hp_loss":0,"event_name":"Back to Basics","floor":19,"gold_loss":0,"cards_upgraded":["Strike_B","Strike_B","Strike_B","Strike_B","Defend_B","Defend_B","Defend_B","Defend_B"]},{"damage_healed":0,"gold_gain":50,"player_choice":"Stole From Cult","damage_taken":0,"max_hp_gain":0,"max_hp_loss":0,"event_name":"Nest","floor":20,"gold_loss":0}],"is_beta":false,"boss_relics":[{"not_picked":["Eternal Feather","Runic Dome"],"picked":"Sozu"}],"items_purged_floors":[4,21],"is_endless":false,"potions_floor_spawned":[5,7,8,16,18],"killed_by":"Slavers","ascension_level":20}