{"gold_per_floor":[117,42,117,136,136,136,163,163,163,163,190,201,218,218],"floor_reached":14,"playtime":535,"items_purged":["Strike_R"],"score":196,"play_id":"48da9d23-cf6a-42ef-a9f0-1b9c0850ea62","local_time":"20181003211457","is_ascension_mode":true,"campfire_choices":[{"data":"Bash","floor":6,"key":"SMITH"},{"floor":10,"key":"REST"}],"neow_cost":"TEN_PERCENT_HP_LOSS","seed_source_timestamp":1209778536468368,"circlet_count":0,"master_deck":["Strike_R","Strike_R","Strike_R","Strike_R","Defend_R","Defend_R","Defend_R","Bash+1","AscendersBane","Impervious","Headbutt","Shrug It Off","Shrug It Off"],"relics":["Burning Blood","Du-Vu Doll","Ornamental Fan","Bottled Flame"],"potions_floor_usage":[7,7,14],"damage_taken":[{"damage":2,"enemies":"2 Louse","floor":1,"turns":3},{"damage":7,"enemies":"Small Slimes","floor":4,"turns":3},{"damage":20,"enemies":"Lagavulin","floor":7,"turns":5},{"damage":47,"enemies":"3 Sentries","floor":11,"turns":12},{"damage":0,"enemies":"Cultist","floor":12,"turns":3},{"damage":3,"enemies":"Blue Slaver","floor":13,"turns":5},{"damage":36,"enemies":"Lagavulin","floor":14,"turns":8}],"seed_played":"8660425306825497581","potions_obtained":[{"floor":1,"key":"Strength Potion"},{"floor":4,"key":"SteroidPotion"},{"floor":13,"key":"Poison Potion"}],"is_trial":false,"path_per_floor":["M","$","?","M","?","R","E","?","T","R","E","M","M"],"character_chosen":"IRONCLAD","items_purchased":[],"campfire_rested":1,"item_purchase_floors":[],"current_hp_per_floor":[68,68,57,56,49,49,35,35,35,55,14,20,23,0],"gold":218,"neow_bonus":"THREE_RARE_CARDS","is_prod":false,"is_daily":false,"chose_seed":false,"campfire_upgraded":1,"win_rate":0,"timestamp":1538594097,"path_taken":["M","$","?","M","?","R","E","?","T","R","E","M","M","E"],"build_version":"2018-09-27","purchased_purges":1,"victory":false,"max_hp_per_floor":[68,68,68,68,68,68,68,68,68,68,68,68,68,68],"card_choices":[{"not_picked":["Brutality","Bludgeon"],"picked":"Impervious","floor":0},{"not_picked":["Burning Pact","Warcry"],"picked":"Headbutt","floor":1},{"not_picked":["Dual Wield","Wild Strike"],"picked":"Shrug It Off","floor":4},{"not_picked":["Wild Strike","Evolve","Burning Pact"],"picked":"SKIP","floor":7},{"not_picked":["Warcry","Double Tap","Havoc"],"picked":"SKIP","floor":11},{"not_picked":["Blood for Blood","True Grit"],"picked":"Shrug It Off","floor":12},{"not_picked":["Armaments","Clash","Sword Boomerang"],"picked":"SKIP","floor":13}],"player_experience":1334150,"relics_obtained":[{"floor":7,"key":"Du-Vu Doll"},{"floor":9,"key":"Ornamental Fan"},{"floor":11,"key":"Bottled Flame"}],"event_choices":[{"event_name":"World of Goop","player_choice":"Gather Gold","floor":3,"damage_taken":0},{"event_name":"Golden Wing","player_choice":"Card Removal","floor":5,"damage_taken":0},{"event_name":"Liars Game","player_choice":"disagreed","floor":8,"damage_taken":0}],"is_beta":false,"boss_relics":[],"items_purged_floors":[2],"is_endless":false,"potions_floor_spawned":[1,4,13],"killed_by":"Lagavulin","ascension_level":20}