{"gold_per_floor":[161,161,188,199,218,218,248,262,262,262,8,25,39,55,55,129,129,149,149,64,64,82,82,111,111,411,411,411,10,27,56,56,133,133,150,150,150,150,160,185,185,216,216,247,263,298,311,336,336,336,336,336,34,62,62],"floor_reached":56,"playtime":4545,"items_purged":["Strike_B","Strike_B","Strike_B"],"score":2520,"play_id":"49479e01-bb4c-44a9-8b06-c79481770021","local_time":"20190216200849","is_ascension_mode":true,"campfire_choices":[{"data":"Darkness","floor":6,"key":"SMITH"},{"data":"Redo","floor":10,"key":"SMITH"},{"floor":15,"key":"REST"},{"data":"Sunder","floor":23,"key":"SMITH"},{"data":"Biased Cognition","floor":25,"key":"SMITH"},{"data":"Ghostly","floor":27,"key":"SMITH"},{"data":"Ghostly","floor":32,"key":"SMITH"},{"floor":41,"key":"RECALL"},{"data":"Buffer","floor":49,"key":"SMITH"},{"floor":52,"key":"DIG"}],"neow_cost":"NONE","seed_source_timestamp":61043596518637,"circlet_count":0,"master_deck":["AscendersBane","Strike_B","Defend_B","Defend_B","Defend_B","Defend_B+1","Zap","Dualcast","Go for the Eyes","Cold Snap","Darkness+1","Chill","Core Surge","Redo+1","Conserve Battery","Compile Driver","Electrodynamics","Biased Cognition+1","Conserve Battery","Ghostly+1","Ghostly","Ghostly+1","Sunder+1","Electrodynamics","Capacitor","Thunder Strike","Recycle","Tempest+1","Buffer+1","Reinforced Body","Skim+1"],"relics":["Tiny House","Vajra","Smiling Mask","Incense Burner","Medical Kit","Snecko Eye","Enchiridion","FossilizedHelix","Unceasing Top","Old Coin","Strange Spoon","Matryoshka","Coffee Dripper","Singing Bowl","Gremlin Horn","PreservedInsect","Meat on the Bone","Omamori","Shovel","Sundial","Bag of Preparation","Kunai","Pen Nib","Blue Candle"],"potions_floor_usage":[4,7,7,18,30,30,40,42,50,50,55,55],"damage_taken":[{"damage":13,"enemies":"Jaw Worm","floor":1,"turns":4},{"damage":2,"enemies":"Small Slimes","floor":4,"turns":4},{"damage":8,"enemies":"2 Louse","floor":5,"turns":3},{"damage":17,"enemies":"Gremlin Nob","floor":7,"turns":5},{"damage":1,"enemies":"Blue Slaver","floor":8,"turns":4},{"damage":15,"enemies":"Gremlin Gang","floor":12,"turns":8},{"damage":0,"enemies":"Large Slime","floor":13,"turns":5},{"damage":9,"enemies":"Looter","floor":14,"turns":3},{"damage":7,"enemies":"Hexaghost","floor":16,"turns":8},{"damage":18,"enemies":"Shell Parasite","floor":18,"turns":6},{"damage":0,"enemies":"Chosen","floor":22,"turns":5},{"damage":0,"enemies":"Book of Stabbing","floor":24,"turns":4},{"damage":0,"enemies":"Snake Plant","floor":30,"turns":4},{"damage":2,"enemies":"Slavers","floor":31,"turns":4},{"damage":0,"enemies":"Automaton","floor":33,"turns":9},{"damage":11,"enemies":"3 Shapes","floor":35,"turns":4},{"damage":0,"enemies":"Orb Walker","floor":39,"turns":3},{"damage":0,"enemies":"Giant Head","floor":40,"turns":11},{"damage":0,"enemies":"Reptomancer","floor":42,"turns":3},{"damage":0,"enemies":"Nemesis","floor":44,"turns":3},{"damage":0,"enemies":"Transient","floor":45,"turns":5},{"damage":0,"enemies":"Giant Head","floor":46,"turns":9},{"damage":0,"enemies":"Spire Growth","floor":47,"turns":6},{"damage":0,"enemies":"Reptomancer","floor":48,"turns":4},{"damage":0,"enemies":"Donu and Deca","floor":50,"turns":6},{"damage":0,"enemies":"Shield and Spear","floor":54,"turns":8},{"damage":23,"enemies":"The Heart","floor":55,"turns":9}],"seed_played":"7149483288031154126","potions_obtained":[{"floor":0,"key":"Dexterity Potion"},{"floor":1,"key":"Dexterity Potion"},{"floor":5,"key":"AttackPotion"},{"floor":16,"key":"Swift Potion"},{"floor":22,"key":"EssenceOfSteel"},{"floor":31,"key":"Explosive Potion"},{"floor":35,"key":"Poison Potion"},{"floor":39,"key":"SteroidPotion"},{"floor":42,"key":"EssenceOfSteel"},{"floor":46,"key":"EssenceOfSteel"}],"is_trial":false,"path_per_floor":["M","?","T","M","M","R","E","M","T","R","$","M","M","M","R","B",null,"M","?","?","?","M","R","E","R","T","R","?","$","M","E","R","B",null,"M","?","?","T","M","E","R","E","T","E","M","E","M","E","R","B",null,"R","$","E","B",null],"character_chosen":"DEFECT","items_purchased":["Medical Kit","Strange Spoon","Capacitor","Regen Potion","Swift Potion","Pen Nib","Explosive Potion"],"campfire_rested":1,"item_purchase_floors":[11,29,29,29,53,53,53],"current_hp_per_floor":[56,56,56,54,46,46,29,28,28,28,28,13,13,4,26,19,62,44,23,23,23,23,23,23,23,23,23,23,23,35,33,33,33,37,26,26,26,26,26,26,26,26,26,26,28,30,32,32,32,32,40,40,40,42,31],"gold":62,"neow_bonus":"BOSS_RELIC","is_prod":false,"is_daily":false,"chose_seed":false,"campfire_upgraded":7,"win_rate":0,"timestamp":1550365729,"path_taken":["M","?","?","M","M","R","E","M","T","R","$","M","M","M","R","BOSS","M","?","?","?","M","R","E","R","T","R","?","$","M","E","R","BOSS","M","?","?","?","M","E","R","E","T","E","M","E","M","E","R","BOSS","R","$","E","BOSS"],"build_version":"2019-01-23","purchased_purges":3,"victory":true,"max_hp_per_floor":[76,76,76,76,76,76,76,76,76,76,76,76,76,76,76,76,76,76,76,76,38,38,38,38,38,38,38,38,38,38,38,38,38,38,38,38,36,36,36,36,36,36,36,36,38,40,42,42,42,42,42,42,42,44,44],"card_choices":[{"not_picked":["Recycle","Scrape"],"picked":"Go for the Eyes","floor":0},{"not_picked":["Streamline","Sweeping Beam"],"picked":"Cold Snap","floor":1},{"not_picked":["Turbo","Skim"],"picked":"Darkness","floor":4},{"not_picked":["Turbo","Tempest"],"picked":"Chill","floor":5},{"not_picked":["Blizzard","Chaos"],"picked":"Core Surge","floor":7},{"not_picked":["Cold Snap","Go for the Eyes"],"picked":"Redo","floor":8},{"not_picked":["Cold Snap","Sweeping Beam"],"picked":"Conserve Battery","floor":12},{"not_picked":["Conserve Battery","Stack"],"picked":"Compile Driver","floor":13},{"not_picked":["Steam Power","Capacitor"],"picked":"Electrodynamics","floor":14},{"not_picked":["Hyperbeam","Multi-Cast"],"picked":"Biased Cognition","floor":16},{"not_picked":["Gash","Leap"],"picked":"Conserve Battery","floor":18},{"not_picked":["Compile Driver","Rebound"],"picked":"Sunder","floor":22},{"not_picked":["Barrage","Beam Cell"],"picked":"Electrodynamics","floor":24},{"not_picked":["Self Repair+1","Compile Driver","Stack"],"picked":"SKIP","floor":30},{"not_picked":["Gash","Heatsinks","Streamline"],"picked":"SKIP","floor":31},{"not_picked":["Reboot","Creative AI"],"picked":"Thunder Strike","floor":33},{"not_picked":["Compile Driver","Gash","Ball Lightning"],"picked":"SKIP","floor":35},{"not_picked":["Ball Lightning","Compile Driver"],"picked":"Recycle","floor":39},{"not_picked":["Chill","Ball Lightning"],"picked":"Tempest+1","floor":40},{"not_picked":["Steam","Hello World"],"picked":"Buffer","floor":42},{"not_picked":["Storm","Double Energy"],"picked":"Reinforced Body","floor":44},{"not_picked":["Auto Shields+1","Force Field","Sweeping Beam"],"picked":"Singing Bowl","floor":45},{"not_picked":["Leap","Barrage","Sunder"],"picked":"Singing Bowl","floor":46},{"not_picked":["Darkness+1","Fusion","Leap"],"picked":"Singing Bowl","floor":47},{"not_picked":["Reboot","Beam Cell"],"picked":"Skim+1","floor":48},{"not_picked":["Sweeping Beam","Reprogram","Force Field"],"picked":"Singing Bowl","floor":54}],"player_experience":1676957,"relics_obtained":[{"floor":3,"key":"Vajra"},{"floor":7,"key":"Smiling Mask"},{"floor":9,"key":"Incense Burner"},{"floor":19,"key":"Enchiridion"},{"floor":24,"key":"Unceasing Top"},{"floor":26,"key":"Old Coin"},{"floor":31,"key":"Matryoshka"},{"floor":38,"key":"Singing Bowl"},{"floor":38,"key":"Gremlin Horn"},{"floor":40,"key":"PreservedInsect"},{"floor":42,"key":"Meat on the Bone"},{"floor":43,"key":"Omamori"},{"floor":44,"key":"Shovel"},{"floor":46,"key":"Sundial"},{"floor":48,"key":"Bag of Preparation"},{"floor":52,"key":"Kunai"},{"floor":54,"key":"Blue Candle"}],"event_choices":[{"damage_healed":0,"gold_gain":0,"player_choice":"Ignored","damage_taken":0,"max_hp_gain":0,"max_hp_loss":0,"event_name":"Liars Game","floor":2,"gold_loss":0},{"damage_healed":0,"gold_gain":0,"player_choice":"Obtained Book","damage_taken":21,"max_hp_gain":0,"max_hp_loss":0,"event_name":"Cursed Tome","floor":19,"gold_loss":0},{"damage_healed":0,"gold_gain":0,"player_choice":"Obtained Relic","damage_taken":0,"relics_obtained":["FossilizedHelix"],"max_hp_gain":0,"max_hp_loss":0,"event_name":"Addict","floor":20,"gold_loss":85},{"damage_healed":0,"gold_gain":0,"player_choice":"Became a Ghost","damage_taken":0,"max_hp_gain":0,"max_hp_loss":38,"event_name":"Ghosts","floor":21,"gold_loss":0,"cards_obtained":["Ghostly","Ghostly","Ghostly"]},{"damage_healed":0,"gold_gain":0,"player_choice":"Ignored","damage_taken":0,"max_hp_gain":0,"max_hp_loss":0,"event_name":"The Mausoleum","floor":28,"gold_loss":0},{"damage_healed":0,"gold_gain":0,"player_choice":"Memory 1","damage_taken":0,"max_hp_gain":0,"max_hp_loss":0,"event_name":"SensoryStone","floor":36,"gold_loss":0},{"damage_healed":0,"gold_gain":0,"player_choice":"Max HP","damage_taken":0,"max_hp_gain":0,"max_hp_loss":2,"event_name":"Winding Halls","floor":37,"gold_loss":0}],"is_beta":false,"boss_relics":[{"not_picked":["Ectoplasm","Fusion Hammer"],"picked":"Snecko Eye"},{"not_picked":["Busted Crown","Nuclear Battery"],"picked":"Coffee Dripper"}],"items_purged_floors":[11,29,53],"is_endless":false,"potions_floor_spawned":[1,5,16,22,31,35,39,42,46],"ascension_level":15}