{"gold_per_floor":[118,118,20,38,52,52,78,91,91,123,23,23,53,70,70,149,149,165,184,194,194,244,244,275,275,321,321,347,347,347,347,347,421,421,436,436,41,59,74,100,116,126,126,145,20,45,45,75,75,75,75,75,75,20,47,47],"floor_reached":57,"playtime":3000,"items_purged":["Strike_R","Strike_R+1","Parasite"],"score":2881,"play_id":"92ddb8cb-a77f-4047-9a1c-12318a4f6664","local_time":"20181225015725","is_ascension_mode":true,"campfire_choices":[{"data":"Pommel Strike","floor":6,"key":"SMITH"},{"data":"Bash","floor":12,"key":"SMITH"},{"data":"Battle Trance","floor":15,"key":"SMITH"},{"data":"Spot Weakness","floor":23,"key":"SMITH"},{"data":"Shrug It Off","floor":25,"key":"SMITH"},{"data":"Shrug It Off","floor":30,"key":"SMITH"},{"floor":32,"key":"REST"},{"floor":47,"key":"RECALL"},{"data":"Evolve","floor":49,"key":"SMITH"},{"data":"Pummel","floor":53,"key":"SMITH"}],"neow_cost":"NONE","seed_source_timestamp":6278024964123,"circlet_count":0,"master_deck":["AscendersBane","Strike_R+1","Strike_R+1","Defend_R+1","Defend_R+1","Defend_R+1","Defend_R+1","Bash+1","Pummel+1","Iron Wave","Spot Weakness+1","Anger","Pommel Strike+1","Battle Trance+1","Headbutt","True Grit+1","Cleave+1","Shrug It Off+1","Reaper+1","Shrug It Off+1","Armaments+1","Shockwave+1","Anger+1","Feed+1","Reckless Charge+1","Evolve+1","Intimidate+1","Inflame+1","Havoc+1","Corruption+1","Flame Barrier+1","Shrug It Off+1","Pommel Strike+1"],"relics":["Burning Blood","Champion Belt","Ice Cream","Sundial","Molten Egg 2","Runic Dome","Matryoshka","Centennial Puzzle","War Paint","MutagenicStrength","Question Card","Pen Nib","Ornamental Fan","Coffee Dripper","OrangePellets","Letter Opener","Torii","Pantograph","Vajra"],"potions_floor_usage":[10,24,24,40,56],"damage_taken":[{"damage":4,"enemies":"Jaw Worm","floor":1,"turns":4},{"damage":1,"enemies":"Cultist","floor":4,"turns":3},{"damage":7,"enemies":"Small Slimes","floor":5,"turns":4},{"damage":30,"enemies":"3 Sentries","floor":7,"turns":8},{"damage":6,"enemies":"Blue Slaver","floor":8,"turns":3},{"damage":19,"enemies":"Gremlin Nob","floor":10,"turns":4},{"damage":0,"enemies":"Lagavulin","floor":13,"turns":5},{"damage":1,"enemies":"3 Louse","floor":14,"turns":2},{"damage":32,"enemies":"Slime Boss","floor":16,"turns":10},{"damage":18,"enemies":"3 Byrds","floor":18,"turns":5},{"damage":28,"enemies":"Chosen","floor":19,"turns":6},{"damage":34,"enemies":"3 Cultists","floor":20,"turns":6},{"damage":10,"enemies":"Slavers","floor":24,"turns":3},{"damage":9,"enemies":"Gremlin Leader","floor":28,"turns":5},{"damage":42,"enemies":"Collector","floor":33,"turns":7},{"damage":11,"enemies":"3 Shapes","floor":35,"turns":6},{"damage":46,"enemies":"Orb Walker","floor":38,"turns":7},{"damage":12,"enemies":"Writhing Mass","floor":39,"turns":4},{"damage":56,"enemies":"Giant Head","floor":40,"turns":7},{"damage":13,"enemies":"Spire Growth","floor":41,"turns":4},{"damage":11,"enemies":"Sphere and 2 Shapes","floor":42,"turns":3},{"damage":0,"enemies":"3 Darklings","floor":44,"turns":3},{"damage":32,"enemies":"Nemesis","floor":46,"turns":7},{"damage":1,"enemies":"Giant Head","floor":48,"turns":5},{"damage":15,"enemies":"Donu and Deca","floor":50,"turns":6},{"damage":61,"enemies":"Time Eater","floor":51,"turns":9},{"damage":102,"enemies":"Shield and Spear","floor":55,"turns":5},{"damage":24,"enemies":"The Heart","floor":56,"turns":6}],"seed_played":"4484150368856821619","potions_obtained":[{"floor":1,"key":"FearPotion"},{"floor":13,"key":"PowerPotion"},{"floor":28,"key":"Ancient Potion"},{"floor":33,"key":"Regen Potion"},{"floor":36,"key":"FairyPotion"},{"floor":48,"key":"Dexterity Potion"}],"is_trial":false,"path_per_floor":["M","?","$","M","M","R","E","M","T","E","$","R","E","M","R","B",null,"M","M","M","?","?","R","E","R","T","?","E","T","R","?","R","B",null,"M","?","$","M","M","E","M","M","T","M","$","E","R","E","R","B","B",null,"R","$","E","B",null],"character_chosen":"IRONCLAD","items_purchased":["Spot Weakness","Block Potion","True Grit","OrangePellets","Evolve","SpeedPotion"],"campfire_rested":1,"item_purchase_floors":[3,3,11,37,37,54],"current_hp_per_floor":[77,77,77,82,81,81,57,57,57,44,44,44,50,55,55,29,69,65,48,37,37,37,37,33,33,33,33,47,47,47,23,49,22,71,84,84,84,57,68,58,63,74,74,104,104,83,83,88,88,104,70,105,105,105,31,47],"gold":47,"neow_bonus":"TEN_PERCENT_HP_BONUS","is_prod":false,"is_daily":false,"chose_seed":false,"campfire_upgraded":8,"win_rate":0,"timestamp":1545699445,"path_taken":["M","?","?","M","M","R","E","M","T","E","$","R","E","M","R","BOSS","M","M","M","?","?","R","E","R","T","?","E","?","R","?","R","BOSS","M","?","$","?","M","E","M","M","T","M","?","E","R","E","R","BOSS","BOSS","R","$","E","BOSS"],"build_version":"2018-12-20","purchased_purges":3,"victory":true,"max_hp_per_floor":[82,82,82,82,82,82,82,82,82,82,82,82,82,82,82,82,82,82,82,82,82,82,82,82,82,82,82,82,82,82,87,87,87,87,91,91,91,95,99,99,103,107,107,107,104,108,108,108,108,112,116,116,116,116,116,116],"card_choices":[{"not_picked":["True Grit","Clash"],"picked":"Pummel","floor":1},{"not_picked":["Thunderclap","Clash"],"picked":"Anger","floor":4},{"not_picked":["Rampage","Clothesline"],"picked":"Pommel Strike","floor":5},{"not_picked":["Berserk","Rupture"],"picked":"Battle Trance","floor":7},{"not_picked":["Heavy Blade","Combust"],"picked":"Headbutt","floor":8},{"not_picked":["Clash","Warcry","Twin Strike"],"picked":"SKIP","floor":10},{"not_picked":["Inflame","Headbutt"],"picked":"Cleave","floor":13},{"not_picked":["Infernal Blade","Perfected Strike+1"],"picked":"Shrug It Off","floor":14},{"not_picked":["Immolate+1","Brutality"],"picked":"Reaper+1","floor":16},{"not_picked":["Bloodletting","Seeing Red"],"picked":"Shrug It Off","floor":18},{"not_picked":["Clash+1","Body Slam+1"],"picked":"Armaments+1","floor":19},{"not_picked":["Intimidate","Clothesline+1"],"picked":"Shockwave","floor":20},{"not_picked":["Brutality","Armaments"],"picked":"Anger+1","floor":24},{"not_picked":["Iron Wave+1","Headbutt+1","Corruption"],"picked":"SKIP","floor":28},{"not_picked":["Immolate+1","Berserk","Demon Form"],"picked":"Feed+1","floor":33},{"not_picked":["Seeing Red","Clash+1","Metallicize"],"picked":"Reckless Charge+1","floor":35},{"not_picked":["Body Slam+1","Bloodletting+1","Sword Boomerang+1","Heavy Blade+1"],"picked":"SKIP","floor":38},{"not_picked":["Iron Wave+1","Double Tap","Armaments+1"],"picked":"Intimidate+1","floor":39},{"not_picked":["Reckless Charge+1","Sword Boomerang+1","Clothesline+1"],"picked":"Inflame+1","floor":40},{"not_picked":["Flex","Warcry","Burning Pact"],"picked":"Havoc+1","floor":41},{"not_picked":["Perfected Strike+1","Flame Barrier","Thunderclap+1"],"picked":"Corruption+1","floor":42},{"not_picked":["Wild Strike+1","Anger+1","Clash+1"],"picked":"Flame Barrier+1","floor":44},{"not_picked":["Infernal Blade","Seeing Red","Body Slam+1"],"picked":"Shrug It Off+1","floor":46},{"not_picked":["Hemokinesis+1","Evolve","Second Wind+1"],"picked":"Pommel Strike+1","floor":48},{"not_picked":["Juggernaut","Body Slam+1","Headbutt+1","Searing Blow+1"],"picked":"SKIP","floor":55}],"player_experience":1710202,"relics_obtained":[{"floor":7,"key":"Champion Belt"},{"floor":9,"key":"Ice Cream"},{"floor":10,"key":"Sundial"},{"floor":13,"key":"Molten Egg 2"},{"floor":24,"key":"Matryoshka"},{"floor":26,"key":"Centennial Puzzle"},{"floor":26,"key":"War Paint"},{"floor":28,"key":"Question Card"},{"floor":29,"key":"Pen Nib"},{"floor":29,"key":"Ornamental Fan"},{"floor":40,"key":"Letter Opener"},{"floor":46,"key":"Torii"},{"floor":48,"key":"Pantograph"},{"floor":55,"key":"Vajra"}],"event_choices":[{"damage_healed":0,"gold_gain":0,"cards_transformed":["Strike_R"],"player_choice":"Transformed","damage_taken":0,"max_hp_gain":0,"max_hp_loss":0,"event_name":"Transmorgrifier","floor":2,"gold_loss":0,"cards_obtained":["Iron Wave"]},{"damage_healed":0,"gold_gain":0,"player_choice":"Simplicity","damage_taken":0,"max_hp_gain":0,"max_hp_loss":0,"event_name":"Back to Basics","floor":21,"gold_loss":0,"cards_upgraded":["Strike_R","Strike_R","Strike_R","Defend_R","Defend_R","Defend_R","Defend_R"]},{"damage_healed":0,"gold_gain":50,"player_choice":"Stole From Cult","damage_taken":0,"max_hp_gain":0,"max_hp_loss":0,"event_name":"Nest","floor":22,"gold_loss":0},{"damage_healed":0,"gold_gain":0,"player_choice":"Inject Mutagens","damage_taken":0,"relics_obtained":["MutagenicStrength"],"max_hp_gain":0,"max_hp_loss":0,"event_name":"Drug Dealer","floor":27,"gold_loss":0},{"damage_healed":0,"gold_gain":0,"player_choice":"Shed Blood","damage_taken":29,"max_hp_gain":5,"max_hp_loss":0,"event_name":"Forgotten Altar","floor":31,"gold_loss":0},{"damage_healed":0,"gold_gain":0,"player_choice":"Got Potions","damage_taken":0,"max_hp_gain":0,"max_hp_loss":0,"event_name":"Lab","floor":36,"gold_loss":0}],"is_beta":false,"boss_relics":[{"not_picked":["Ectoplasm","Astrolabe"],"picked":"Runic Dome"},{"not_picked":["Busted Crown","Pandora\u0027s Box"],"picked":"Coffee Dripper"}],"items_purged_floors":[11,37,45],"is_endless":false,"potions_floor_spawned":[1,5,13,14,18,28,33,35,38,48,55],"ascension_level":20}