{"gold_per_floor":[213,138,163,10,24,24,54,204,204,204,236,253,253,280,280,280],"floor_reached":16,"playtime":526,"items_purged":["Strike_G"],"score":232,"play_id":"229cc1d5-1560-4c2e-9188-4731c194585a","local_time":"20190128225015","is_ascension_mode":true,"campfire_choices":[{"data":"Predator","floor":6,"key":"SMITH"},{"floor":10,"key":"REST"},{"floor":13,"key":"REST"},{"floor":15,"key":"REST"}],"neow_cost":"NONE","seed_source_timestamp":1114884001498501,"circlet_count":0,"master_deck":["AscendersBane","Defend_G","Defend_G","Defend_G","Defend_G","Defend_G","Strike_G","Strike_G","Strike_G","Survivor","Neutralize","Footwork","Predator+1","Escape Plan","Masterful Stab","Doubt","All Out Attack","Poisoned Stab","Venomology"],"relics":["Ring of the Snake","Bag of Preparation","Blue Candle","Ninja Scroll","Omamori","The Courier"],"potions_floor_usage":[7,11,11,16],"damage_taken":[{"damage":13,"enemies":"Jaw Worm","floor":1,"turns":9},{"damage":0,"enemies":"Small Slimes","floor":5,"turns":3},{"damage":44,"enemies":"Lagavulin","floor":7,"turns":9},{"damage":28,"enemies":"Gremlin Nob","floor":11,"turns":4},{"damage":0,"enemies":"Cultist","floor":12,"turns":3},{"damage":21,"enemies":"Lagavulin","floor":14,"turns":6},{"damage":27,"enemies":"The Guardian","floor":16,"turns":13}],"seed_played":"-8707973744486650338","potions_obtained":[{"floor":1,"key":"Fire Potion"},{"floor":5,"key":"Fire Potion"},{"floor":7,"key":"Regen Potion"},{"floor":14,"key":"FearPotion"}],"is_trial":false,"path_per_floor":["M","?","T","$","M","R","E","?","T","R","E","M","R","E","R","B"],"character_chosen":"THE_SILENT","items_purchased":["Predator"],"campfire_rested":3,"item_purchase_floors":[4],"current_hp_per_floor":[46,46,46,46,46,46,2,2,2,21,5,5,24,3,22,0],"gold":280,"neow_bonus":"HUNDRED_GOLD","is_prod":false,"is_daily":false,"chose_seed":false,"campfire_upgraded":1,"win_rate":0,"timestamp":1548712215,"path_taken":["M","?","?","$","M","R","E","?","T","R","E","M","R","E","R","BOSS"],"build_version":"2019-01-23","purchased_purges":1,"victory":false,"max_hp_per_floor":[66,66,66,66,66,66,66,66,66,66,66,66,66,66,66,66],"card_choices":[{"not_picked":["Choke","Acrobatics"],"picked":"Footwork","floor":1},{"not_picked":["Riddle With Holes","Eviscerate"],"picked":"Escape Plan","floor":5},{"not_picked":["Sucker Punch","Blade Dance"],"picked":"Masterful Stab","floor":7},{"not_picked":["Eviscerate","Setup"],"picked":"All Out Attack","floor":11},{"not_picked":["Quick Slash","Slice"],"picked":"Poisoned Stab","floor":12},{"not_picked":["Slice","Quick Slash"],"picked":"Venomology","floor":14}],"player_experience":1821786,"relics_obtained":[{"floor":3,"key":"Bag of Preparation"},{"floor":7,"key":"Blue Candle"},{"floor":9,"key":"Ninja Scroll"},{"floor":11,"key":"Omamori"},{"floor":14,"key":"The Courier"}],"event_choices":[{"cards_removed":["Strike_G"],"damage_healed":0,"gold_gain":0,"player_choice":"Card Removal","damage_taken":0,"max_hp_gain":0,"max_hp_loss":0,"event_name":"The Cleric","floor":2,"gold_loss":75},{"damage_healed":0,"gold_gain":150,"player_choice":"AGREE","damage_taken":0,"max_hp_gain":0,"max_hp_loss":0,"event_name":"Liars Game","floor":8,"gold_loss":0,"cards_obtained":["Doubt"]}],"is_beta":false,"boss_relics":[],"items_purged_floors":[4],"is_endless":false,"potions_floor_spawned":[1,5,7,14],"killed_by":"The Guardian","ascension_level":20}