{"gold_per_floor":[116,130,150,150,150,177,177,197,220,220,220,168,181,194,194,298,298,310,409,421,336,350,350,363,363],"floor_reached":25,"playtime":1591,"items_purged":[],"score":205,"play_id":"71dcb3eb-c825-4153-a4b7-57603925332b","local_time":"20190618212346","is_ascension_mode":false,"campfire_choices":[{"floor":7,"key":"REST"},{"data":"Loop","floor":11,"key":"SMITH"},{"floor":15,"key":"REST"},{"floor":23,"key":"REST"}],"neow_cost":"NONE","seed_source_timestamp":49064006298855,"circlet_count":0,"master_deck":["Strike_B","Strike_B","Strike_B","Strike_B","Defend_B","Defend_B","Defend_B","Defend_B","Zap","BootSequence","Go for the Eyes","Loop+1","Sweeping Beam","Doom and Gloom","Redo","Ball Lightning","Leap","Capacitor","Echo Form","Gash","Gash","Static Discharge","Chaos+1","Sweeping Beam"],"relics":["Cracked Core","Dream Catcher","Strawberry","Velvet Choker","Bag of Marbles"],"potions_floor_usage":[22],"damage_taken":[{"damage":1,"enemies":"Cultist","floor":1,"turns":5},{"damage":4,"enemies":"Jaw Worm","floor":2,"turns":4},{"damage":0,"enemies":"2 Louse","floor":3,"turns":3},{"damage":40,"enemies":"Lagavulin","floor":6,"turns":8},{"damage":2,"enemies":"Blue Slaver","floor":8,"turns":3},{"damage":0,"enemies":"Looter","floor":13,"turns":3},{"damage":8,"enemies":"Large Slime","floor":14,"turns":5},{"damage":39,"enemies":"The Guardian","floor":16,"turns":10},{"damage":25,"enemies":"3 Byrds","floor":18,"turns":5},{"damage":30,"enemies":"Spheric Guardian","floor":20,"turns":4},{"damage":24,"enemies":"Centurion and Healer","floor":22,"turns":6},{"damage":14,"enemies":"Chosen and Byrds","floor":24,"turns":6},{"damage":33,"enemies":"Book of Stabbing","floor":25,"turns":4}],"seed_played":"6406436438234748223","potions_obtained":[{"floor":2,"key":"Ancient Potion"},{"floor":3,"key":"Ancient Potion"},{"floor":8,"key":"EssenceOfSteel"},{"floor":13,"key":"Poison Potion"},{"floor":20,"key":"Regen Potion"}],"is_trial":false,"path_per_floor":["M","M","M","$","?","E","R","M","T","?","R","$","M","M","R","B",null,"M","?","M","?","M","R","M","E"],"character_chosen":"DEFECT","items_purchased":["Ball Lightning"],"campfire_rested":3,"item_purchase_floors":[12],"current_hp_per_floor":[74,70,70,70,75,35,59,57,64,64,64,64,64,56,82,43,87,62,62,32,32,20,46,32,0],"gold":363,"neow_bonus":"TRANSFORM_CARD","is_prod":false,"is_daily":false,"chose_seed":false,"campfire_upgraded":1,"win_rate":0.0,"timestamp":1560911026,"path_taken":["M","?","M","$","?","E","R","M","T","?","R","?","M","M","R","BOSS","M","?","M","?","M","R","M","E"],"build_version":"2019-01-23","purchased_purges":0,"victory":false,"max_hp_per_floor":[75,75,75,75,80,80,80,80,87,87,87,87,87,87,87,87,87,87,87,87,87,87,87,87,87],"card_choices":[{"not_picked":["Hologram","Compile Driver"],"picked":"Go for the Eyes","floor":1},{"not_picked":["Rip and Tear","Leap"],"picked":"Loop","floor":2},{"not_picked":["Genetic Algorithm","Compile Driver"],"picked":"Sweeping Beam","floor":3},{"not_picked":["Barrage","Steam","Rebound"],"picked":"SKIP","floor":6},{"not_picked":["Blizzard","Barrage"],"picked":"Doom and Gloom","floor":7},{"not_picked":["Beam Cell","Steam"],"picked":"Redo","floor":8},{"not_picked":["Undo","Stack"],"picked":"Leap","floor":13},{"not_picked":["Darkness","Rip and Tear","Blizzard"],"picked":"SKIP","floor":14},{"not_picked":["Ball Lightning","Hyperbeam"],"picked":"Capacitor","floor":15},{"not_picked":["Machine Learning","Rainbow"],"picked":"Echo Form","floor":16},{"not_picked":["Undo","Darkness"],"picked":"Gash","floor":18},{"not_picked":["Coolheaded","Go for the Eyes"],"picked":"Gash","floor":20},{"not_picked":["Recycle","Rip and Tear+1"],"picked":"Static Discharge","floor":22},{"not_picked":["Blizzard","Fusion"],"picked":"Chaos+1","floor":23},{"not_picked":["Creative AI","Conserve Battery+1"],"picked":"Sweeping Beam","floor":24}],"player_experience":122195,"relics_obtained":[{"floor":6,"key":"Dream Catcher"},{"floor":9,"key":"Strawberry"}],"event_choices":[{"damage_healed":0,"gold_gain":0,"player_choice":"Donut","damage_taken":0,"max_hp_gain":5,"max_hp_loss":0,"event_name":"Big Fish","floor":5,"gold_loss":0},{"damage_healed":0,"gold_gain":0,"player_choice":"Ignored","damage_taken":0,"max_hp_gain":0,"max_hp_loss":0,"event_name":"Shining Light","floor":10,"gold_loss":0},{"damage_healed":0,"gold_gain":99,"player_choice":"Stole From Cult","damage_taken":0,"max_hp_gain":0,"max_hp_loss":0,"event_name":"Nest","floor":19,"gold_loss":0},{"damage_healed":0,"gold_gain":0,"player_choice":"Obtained Relic","damage_taken":0,"relics_obtained":["Bag of Marbles"],"max_hp_gain":0,"max_hp_loss":0,"event_name":"Addict","floor":21,"gold_loss":85}],"is_beta":false,"boss_relics":[{"not_picked":["Philosopher\u0027s Stone","Cursed Key"],"picked":"Velvet Choker"}],"items_purged_floors":[],"is_endless":false,"potions_floor_spawned":[2,3,8,13,20],"killed_by":"Book of Stabbing","ascension_level":0}