{"gold_per_floor":[116,66,141,153,180,206,219,229,254,254,254,269,269,285,285,381,381,381,381,266,181,181,181,181,181,181,181,181,181,181],"floor_reached":30,"playtime":1629,"items_purged":["Strike_B"],"score":308,"play_id":"e7262ebb-80f6-4645-b3b5-c2c0dc7a9d4d","local_time":"20190323130330","is_ascension_mode":true,"campfire_choices":[{"data":"White Noise","floor":10,"key":"SMITH"},{"floor":13,"key":"REST"},{"data":"White Noise","floor":15,"key":"SMITH"},{"data":"Force Field","floor":23,"key":"SMITH"},{"data":"Force Field","floor":25,"key":"SMITH"}],"neow_cost":"NONE","seed_source_timestamp":293220884999895,"circlet_count":0,"master_deck":["Strike_B","Defend_B","Defend_B","Defend_B","Defend_B","Zap","Dualcast","Force Field+1","White Noise+1","Capacitor","White Noise+1","Heatsinks","Ball Lightning","Redo","Thunder Strike","Ball Lightning","Capacitor","Force Field+1","Self Repair","Force Field"],"relics":["Cracked Core","NeowsBlessing","Regal Pillow","Dream Catcher","Bronze Scales","Ectoplasm","Cables","Du-Vu Doll","Dead Branch","Strawberry","Blue Candle"],"potions_floor_usage":[],"damage_taken":[{"damage":0,"enemies":"Jaw Worm","floor":1,"turns":1},{"damage":0,"enemies":"Small Slimes","floor":4,"turns":1},{"damage":0,"enemies":"3 Sentries","floor":6,"turns":1},{"damage":0,"enemies":"Cultist","floor":7,"turns":5},{"damage":41,"enemies":"Exordium Thugs","floor":8,"turns":8},{"damage":10,"enemies":"2 Fungi Beasts","floor":12,"turns":4},{"damage":5,"enemies":"Looter","floor":14,"turns":3},{"damage":27,"enemies":"Hexaghost","floor":16,"turns":8},{"damage":7,"enemies":"3 Byrds","floor":18,"turns":3},{"damage":5,"enemies":"Chosen","floor":22,"turns":3},{"damage":22,"enemies":"Gremlin Leader","floor":24,"turns":5},{"damage":33,"enemies":"Slavers","floor":27,"turns":6},{"damage":0,"enemies":"Snecko","floor":29,"turns":5},{"damage":25,"enemies":"3 Cultists","floor":30,"turns":4}],"seed_played":"-6103824849691787180","potions_obtained":[{"floor":6,"key":"Dexterity Potion"},{"floor":7,"key":"AttackPotion"},{"floor":12,"key":"Energy Potion"},{"floor":14,"key":"Block Potion"}],"is_trial":false,"path_per_floor":["M","?","?","M","T","E","M","M","T","R","?","M","R","M","R","B",null,"M","?","$","?","M","R","E","R","T","E","T","M","M"],"character_chosen":"DEFECT","items_purchased":["Capacitor"],"campfire_rested":1,"item_purchase_floors":[20],"current_hp_per_floor":[75,75,68,68,68,68,68,27,27,27,20,10,47,42,42,15,75,68,68,68,68,63,63,41,41,41,15,15,22,0],"gold":181,"neow_bonus":"THREE_ENEMY_KILL","is_prod":false,"is_daily":false,"chose_seed":false,"campfire_upgraded":4,"win_rate":0,"timestamp":1553371410,"path_taken":["M","?","?","?","?","E","M","M","T","R","?","M","R","M","R","BOSS","M","?","$","?","M","R","E","R","T","E","?","?","M"],"build_version":"2019-01-23","purchased_purges":1,"victory":false,"max_hp_per_floor":[75,75,75,75,75,75,75,75,75,75,75,75,75,75,75,75,75,75,75,75,75,75,75,75,75,75,82,82,82,82],"card_choices":[{"not_picked":["Turbo","Cold Snap"],"picked":"Force Field","floor":1},{"not_picked":["Beam Cell","Undo"],"picked":"White Noise","floor":4},{"not_picked":["Undo","Auto Shields","Stack"],"picked":"SKIP","floor":6},{"not_picked":["Melter","Stack"],"picked":"Capacitor","floor":7},{"not_picked":["Steam","Coolheaded"],"picked":"White Noise","floor":8},{"not_picked":["Coolheaded","Stack"],"picked":"Heatsinks","floor":12},{"not_picked":["Cold Snap","Rebound"],"picked":"Ball Lightning","floor":13},{"not_picked":["Sweeping Beam","Compile Driver"],"picked":"Redo","floor":14},{"not_picked":["Hyperbeam","Machine Learning"],"picked":"Thunder Strike","floor":16},{"not_picked":["Rip and Tear+1","Scrape"],"picked":"Ball Lightning","floor":18},{"not_picked":["Beam Cell","Storm+1"],"picked":"Force Field","floor":22},{"not_picked":["Skim","Fusion","Coolheaded"],"picked":"SKIP","floor":24},{"not_picked":["Turbo","Streamline+1"],"picked":"Self Repair","floor":27},{"not_picked":["Heatsinks","White Noise+1"],"picked":"Force Field","floor":29}],"player_experience":112817,"relics_obtained":[{"floor":5,"key":"Regal Pillow"},{"floor":6,"key":"Dream Catcher"},{"floor":9,"key":"Bronze Scales"},{"floor":24,"key":"Du-Vu Doll"},{"floor":26,"key":"Dead Branch"},{"floor":27,"key":"Strawberry"},{"floor":28,"key":"Blue Candle"}],"event_choices":[{"cards_removed":["Strike_B"],"damage_healed":0,"gold_gain":0,"player_choice":"Card Removal","damage_taken":0,"max_hp_gain":0,"max_hp_loss":0,"event_name":"The Cleric","floor":2,"gold_loss":50},{"damage_healed":0,"gold_gain":75,"player_choice":"Touch","damage_taken":7,"max_hp_gain":0,"max_hp_loss":0,"event_name":"FaceTrader","floor":3,"gold_loss":0},{"cards_removed":["Strike_B"],"damage_healed":0,"gold_gain":0,"player_choice":"Card Removal","damage_taken":7,"max_hp_gain":0,"max_hp_loss":0,"event_name":"Golden Wing","floor":11,"gold_loss":0},{"damage_healed":0,"gold_gain":0,"player_choice":"Ignored","damage_taken":0,"max_hp_gain":0,"max_hp_loss":0,"event_name":"Vampires","floor":19,"gold_loss":0},{"damage_healed":0,"gold_gain":0,"player_choice":"Obtained Relic","damage_taken":0,"relics_obtained":["Cables"],"max_hp_gain":0,"max_hp_loss":0,"event_name":"Addict","floor":21,"gold_loss":85}],"is_beta":false,"boss_relics":[{"not_picked":["White Beast Statue","Calling Bell"],"picked":"Ectoplasm"}],"items_purged_floors":[20],"is_endless":false,"potions_floor_spawned":[6,7,12,14,16,22,27,29],"killed_by":"3 Cultists","ascension_level":1}