{"gold_per_floor":[209,209,159,159,173,173,189,189,189,204,217,233,252,252,252,373,373,397,397,437,457,457],"floor_reached":22,"playtime":1715,"items_purged":[],"score":178,"play_id":"d55ceb3d-6030-48db-b02a-507aa0ae28a0","local_time":"20190706212302","is_ascension_mode":false,"campfire_choices":[{"data":"Armaments","floor":6,"key":"SMITH"},{"data":"Uppercut","floor":8,"key":"SMITH"},{"floor":15,"key":"REST"}],"neow_cost":"NONE","seed_source_timestamp":1187282065439400,"circlet_count":0,"master_deck":["Strike_R","Strike_R","Defend_R","Defend_R+1","Defend_R","Bash+1","Armaments+1","Dropkick","Uppercut+1","Fire Breathing","Thunderclap","Body Slam","Perfected Strike","Flex","Dark Embrace","Headbutt+1","Demon Form+1","Barricade+1","Shrug It Off+1","Clothesline","Thunderclap+1"],"relics":["Burning Blood","Matryoshka","Golden Idol","Astrolabe","MutagenicStrength","Red Mask"],"potions_floor_usage":[22,22,22],"damage_taken":[{"damage":6,"enemies":"Jaw Worm","floor":1,"turns":5},{"damage":5,"enemies":"2 Louse","floor":5,"turns":3},{"damage":2,"enemies":"Small Slimes","floor":7,"turns":3},{"damage":2,"enemies":"Looter","floor":10,"turns":3},{"damage":4,"enemies":"Blue Slaver","floor":11,"turns":3},{"damage":12,"enemies":"3 Louse","floor":12,"turns":3},{"damage":8,"enemies":"Red Slaver","floor":13,"turns":4},{"damage":62,"enemies":"Hexaghost","floor":16,"turns":11},{"damage":34,"enemies":"Spheric Guardian","floor":18,"turns":5},{"damage":18,"enemies":"Masked Bandits","floor":20,"turns":4},{"damage":23,"enemies":"2 Thieves","floor":21,"turns":4},{"damage":26,"enemies":"Chosen and Byrds","floor":22,"turns":4}],"seed_played":"4518394739060072668","potions_obtained":[{"floor":1,"key":"EssenceOfSteel"},{"floor":7,"key":"EssenceOfSteel"},{"floor":13,"key":"SteroidPotion"}],"is_trial":false,"path_per_floor":["M","?","?","?","M","R","M","R","T","M","M","M","M","?","R","B",null,"M","?","?","M","M"],"character_chosen":"IRONCLAD","items_purchased":[],"campfire_rested":1,"item_purchase_floors":[],"current_hp_per_floor":[80,80,80,64,65,65,69,69,69,73,75,69,67,47,71,15,80,52,52,40,23,0],"gold":457,"neow_bonus":"HUNDRED_GOLD","is_prod":false,"is_daily":false,"chose_seed":false,"campfire_upgraded":2,"win_rate":0.0,"timestamp":1562415782,"path_taken":["M","?","?","?","M","R","M","R","T","M","M","M","M","?","R","BOSS","M","?","?","M","M"],"build_version":"2019-07-05","purchased_purges":0,"victory":false,"max_hp_per_floor":[80,80,80,80,80,80,80,80,80,80,80,80,80,80,80,80,80,80,80,80,80,80],"card_choices":[{"not_picked":["Anger","Perfected Strike"],"picked":"Armaments","floor":1},{"not_picked":["Intimidate","Cleave"],"picked":"Uppercut","floor":5},{"not_picked":["Thunderclap","Warcry"],"picked":"Fire Breathing","floor":7},{"not_picked":["Dropkick","Entrench"],"picked":"Thunderclap","floor":10},{"not_picked":["Clash","Flame Barrier"],"picked":"Body Slam","floor":11},{"not_picked":["Twin Strike","Sword Boomerang"],"picked":"Perfected Strike","floor":12},{"not_picked":["Ghostly Armor","Body Slam"],"picked":"Flex","floor":13},{"not_picked":["Feed","Brutality"],"picked":"Dark Embrace","floor":16},{"not_picked":["Warcry+1","Reckless Charge"],"picked":"Shrug It Off+1","floor":18},{"not_picked":["Iron Wave","Armaments"],"picked":"Clothesline","floor":20},{"not_picked":["Shrug It Off","True Grit"],"picked":"Thunderclap+1","floor":21}],"player_experience":15141,"relics_obtained":[{"floor":9,"key":"Matryoshka"},{"floor":20,"key":"Red Mask"}],"event_choices":[{"damage_healed":0,"gold_gain":0,"cards_transformed":["Defend_R"],"player_choice":"Change","damage_taken":0,"max_hp_gain":0,"max_hp_loss":0,"event_name":"Living Wall","floor":2,"gold_loss":0,"cards_obtained":["Dropkick"]},{"damage_healed":0,"gold_gain":0,"player_choice":"Left Gold","damage_taken":0,"max_hp_gain":0,"max_hp_loss":0,"event_name":"World of Goop","floor":3,"gold_loss":50},{"damage_healed":0,"gold_gain":0,"player_choice":"Entered Light","damage_taken":16,"max_hp_gain":0,"max_hp_loss":0,"event_name":"Shining Light","floor":4,"gold_loss":0,"cards_upgraded":["Defend_R","Bash"]},{"damage_healed":0,"gold_gain":0,"player_choice":"Take Damage","damage_taken":20,"relics_obtained":["Golden Idol"],"max_hp_gain":0,"max_hp_loss":0,"event_name":"Golden Idol","floor":14,"gold_loss":0},{"damage_healed":0,"gold_gain":0,"player_choice":"Inject Mutagens","damage_taken":0,"relics_obtained":["MutagenicStrength"],"max_hp_gain":0,"max_hp_loss":0,"event_name":"Drug Dealer","floor":19,"gold_loss":0},{"damage_healed":0,"gold_gain":0,"player_choice":"Fought Bandits","damage_taken":0,"max_hp_gain":0,"max_hp_loss":0,"event_name":"Masked Bandits","floor":20,"gold_loss":0}],"is_beta":false,"boss_relics":[{"not_picked":["Empty Cage","Eternal Feather"],"picked":"Astrolabe"}],"items_purged_floors":[],"is_endless":false,"potions_floor_spawned":[1,7,13,16],"killed_by":"Chosen and Byrds","ascension_level":0}