{"gold_per_floor":[116,116,191,191,202,202,230,256,281,293,306,323,69,82,82,154,154,167,167,167,185,195,195,9,9,9,19,32,58,58,68,68,68],"floor_reached":33,"playtime":1880,"items_purged":["Regret"],"score":588,"play_id":"f1f9890e-0df8-406e-9340-38fb7584f76b","local_time":"20190402014231","is_ascension_mode":true,"campfire_choices":[{"floor":6,"key":"REST"},{"floor":15,"key":"REST"},{"data":"Battle Trance","floor":23,"key":"SMITH"},{"data":"Inflame","floor":25,"key":"SMITH"},{"data":"Armaments","floor":30,"key":"SMITH"},{"floor":32,"key":"REST"}],"neow_cost":"NONE","seed_source_timestamp":1510348759413547,"circlet_count":0,"master_deck":["AscendersBane","Strike_R","Strike_R","Strike_R","Strike_R","Strike_R","Defend_R","Defend_R","Defend_R","Defend_R","Bash","True Grit","Clothesline","Battle Trance+1","Combust","Immolate+1","Inflame+1","Finesse","Thunderclap+1","Juggernaut","Inflame","Necronomicurse","Heavy Blade+1","Master of Strategy","Shrug It Off","Armaments+1","Burning Pact","Pommel Strike+1"],"relics":["Burning Blood","NeowsBlessing","Mummified Hand","Mercury Hourglass","Molten Egg 2","Odd Mushroom","Boot","Mark of Pain","Necronomicon","FaceOfCleric","Orichalcum","Sundial"],"potions_floor_usage":[14,22,22,28,33],"damage_taken":[{"damage":0,"enemies":"Jaw Worm","floor":1,"turns":1},{"damage":0,"enemies":"Small Slimes","floor":5,"turns":1},{"damage":0,"enemies":"3 Sentries","floor":7,"turns":1},{"damage":21,"enemies":"The Mushroom Lair","floor":8,"turns":4},{"damage":4,"enemies":"2 Louse","floor":10,"turns":3},{"damage":17,"enemies":"Large Slime","floor":11,"turns":5},{"damage":14,"enemies":"Blue Slaver","floor":12,"turns":2},{"damage":3,"enemies":"Looter","floor":14,"turns":4},{"damage":48,"enemies":"The Guardian","floor":16,"turns":11},{"damage":27,"enemies":"Spheric Guardian","floor":18,"turns":4},{"damage":0,"enemies":"3 Byrds","floor":21,"turns":1},{"damage":6,"enemies":"Snake Plant","floor":22,"turns":3},{"damage":1,"enemies":"3 Cultists","floor":27,"turns":2},{"damage":0,"enemies":"Sentry and Sphere","floor":28,"turns":2},{"damage":16,"enemies":"Gremlin Leader","floor":29,"turns":2},{"damage":20,"enemies":"Centurion and Healer","floor":31,"turns":3},{"damage":42,"enemies":"Collector","floor":33,"turns":3}],"seed_played":"7743838499839471510","potions_obtained":[{"floor":8,"key":"AttackPotion"},{"floor":10,"key":"FearPotion"},{"floor":12,"key":"Regen Potion"},{"floor":21,"key":"Block Potion"},{"floor":27,"key":"Swift Potion"},{"floor":31,"key":"FearPotion"}],"is_trial":false,"path_per_floor":["M","?","?","?","M","R","E","?","T","M","M","M","$","M","R","B",null,"M","?","?","M","M","R","$","R","T","M","M","E","R","M","R","B"],"character_chosen":"IRONCLAD","items_purchased":["Inflame","Finesse","Master of Strategy"],"campfire_rested":3,"item_purchase_floors":[13,13,24],"current_hp_per_floor":[74,74,63,18,24,46,52,37,37,39,28,20,20,35,57,15,60,39,18,18,25,26,26,26,26,26,32,39,30,30,17,41,0],"gold":68,"neow_bonus":"THREE_ENEMY_KILL","is_prod":false,"is_daily":false,"chose_seed":false,"campfire_upgraded":3,"win_rate":0,"timestamp":1554194551,"path_taken":["M","?","?","?","M","R","E","?","T","?","M","M","$","M","R","BOSS","M","?","?","M","M","R","$","R","T","M","M","E","R","?","R","BOSS"],"build_version":"2019-01-23","purchased_purges":1,"victory":false,"max_hp_per_floor":[75,75,75,75,75,75,75,75,75,75,75,75,75,75,75,75,75,75,75,75,76,77,77,77,77,77,78,79,80,80,81,81,81],"card_choices":[{"not_picked":["Pommel Strike","Sword Boomerang"],"picked":"True Grit","floor":1},{"not_picked":["Body Slam","Exhume"],"picked":"Clothesline","floor":5},{"not_picked":["Twin Strike","Armaments","Perfected Strike"],"picked":"SKIP","floor":7},{"not_picked":["Iron Wave+1","Havoc"],"picked":"Battle Trance","floor":8},{"not_picked":["Searing Blow+1","Burning Pact"],"picked":"Combust","floor":10},{"not_picked":["Body Slam+1","Sword Boomerang+1","Clothesline+1"],"picked":"SKIP","floor":11},{"not_picked":["Cleave+1","Clash+1"],"picked":"Immolate+1","floor":12},{"not_picked":["Hemokinesis+1","Warcry"],"picked":"Thunderclap+1","floor":14},{"not_picked":["Bludgeon+1","Dark Embrace"],"picked":"Juggernaut","floor":16},{"not_picked":["Anger+1","Iron Wave+1"],"picked":"Inflame","floor":18},{"not_picked":["Sever Soul+1","Inflame"],"picked":"Heavy Blade+1","floor":21},{"not_picked":["Headbutt+1","Wild Strike+1","Twin Strike+1"],"picked":"SKIP","floor":22},{"not_picked":["Pummel+1","Perfected Strike+1","Shrug It Off"],"picked":"SKIP","floor":27},{"not_picked":["Pummel+1","Perfected Strike+1"],"picked":"Shrug It Off","floor":27},{"not_picked":["Cleave+1","Armaments","Perfected Strike+1"],"picked":"SKIP","floor":28},{"not_picked":["Cleave+1","Perfected Strike+1"],"picked":"Armaments","floor":28},{"not_picked":["Wild Strike+1","Battle Trance"],"picked":"Burning Pact","floor":29},{"not_picked":["Shrug It Off","Pommel Strike+1","Hemokinesis+1"],"picked":"SKIP","floor":31},{"not_picked":["Shrug It Off","Hemokinesis+1"],"picked":"Pommel Strike+1","floor":31}],"player_experience":809771,"relics_obtained":[{"floor":7,"key":"Molten Egg 2"},{"floor":8,"key":"Odd Mushroom"},{"floor":9,"key":"Boot"},{"floor":19,"key":"Necronomicon"},{"floor":26,"key":"Orichalcum"},{"floor":29,"key":"Sundial"}],"event_choices":[{"damage_healed":0,"gold_gain":0,"player_choice":"Box","damage_taken":0,"relics_obtained":["Mummified Hand"],"max_hp_gain":0,"max_hp_loss":0,"event_name":"Big Fish","floor":2,"gold_loss":0,"cards_obtained":["Regret"]},{"damage_healed":0,"gold_gain":75,"player_choice":"Gather Gold","damage_taken":11,"max_hp_gain":0,"max_hp_loss":0,"event_name":"World of Goop","floor":3,"gold_loss":0},{"damage_healed":0,"gold_gain":0,"player_choice":"Success","damage_taken":45,"relics_obtained":["Mercury Hourglass"],"max_hp_gain":0,"max_hp_loss":0,"event_name":"Scrap Ooze","floor":4,"gold_loss":0},{"damage_healed":0,"gold_gain":0,"player_choice":"Fought Mushrooms","damage_taken":0,"max_hp_gain":0,"max_hp_loss":0,"event_name":"Mushrooms","floor":8,"gold_loss":0},{"damage_healed":0,"gold_gain":0,"player_choice":"Obtained Book","damage_taken":21,"max_hp_gain":0,"max_hp_loss":0,"event_name":"Cursed Tome","floor":19,"gold_loss":0},{"damage_healed":0,"gold_gain":0,"player_choice":"Trade","damage_taken":0,"relics_obtained":["FaceOfCleric"],"max_hp_gain":0,"max_hp_loss":0,"event_name":"FaceTrader","floor":20,"gold_loss":0}],"is_beta":false,"boss_relics":[{"not_picked":["Eternal Feather","Black Star"],"picked":"Mark of Pain"}],"items_purged_floors":[13],"is_endless":false,"potions_floor_spawned":[8,10,12,21,27,31],"killed_by":"Collector","ascension_level":20}