{"gold_per_floor":[119,394,8,8,8,8,41,41,92,57,83,83,83,101,101,101],"floor_reached":16,"playtime":2851,"items_purged":["Regret"],"score":172,"play_id":"3d5ec624-b2c9-4978-b74b-47ec45e0dcac","local_time":"20181227185141","is_ascension_mode":true,"campfire_choices":[{"data":"Pommel Strike","floor":6,"key":"SMITH"},{"data":"Flame Barrier","floor":8,"key":"SMITH"},{"floor":13,"key":"REST"},{"floor":15,"key":"REST"}],"neow_cost":"NONE","seed_source_timestamp":92586386458050,"circlet_count":0,"master_deck":["AscendersBane","Strike_R","Strike_R","Strike_R","Strike_R","Defend_R","Defend_R","Defend_R","Defend_R","Bash","Pommel Strike+1","Violence","Flame Barrier+1","Dropkick","Cleave"],"relics":["Burning Blood","Smiling Mask","Juzu Bracelet","Bottled Flame","Oddly Smooth Stone"],"potions_floor_usage":[11,16],"damage_taken":[{"damage":3,"enemies":"2 Louse","floor":1,"turns":3},{"damage":41,"enemies":"Gremlin Nob","floor":7,"turns":5},{"damage":54,"enemies":"Lagavulin","floor":11,"turns":9},{"damage":0,"enemies":"Cultist","floor":14,"turns":4},{"damage":51,"enemies":"Slime Boss","floor":16,"turns":9}],"seed_played":"3007861491398969426","potions_obtained":[{"floor":1,"key":"Ancient Potion"},{"floor":14,"key":"Fire Potion"}],"is_trial":false,"path_per_floor":["M","?","$","?","$","R","E","R","T","?","E","?","R","M","R","B"],"character_chosen":"IRONCLAD","items_purchased":["Violence","Juzu Bracelet"],"campfire_rested":2,"item_purchase_floors":[3,3],"current_hp_per_floor":[75,75,75,75,75,75,40,40,40,60,12,12,36,42,66,15],"gold":101,"neow_bonus":"RANDOM_COMMON_RELIC","is_prod":false,"is_daily":false,"chose_seed":false,"campfire_upgraded":2,"win_rate":0,"timestamp":1545965501,"path_taken":["M","?","$","?","$","R","E","R","T","?","E","?","R","M","R","BOSS"],"build_version":"2018-12-20","purchased_purges":1,"victory":false,"max_hp_per_floor":[80,80,80,80,80,80,80,80,80,80,80,80,80,80,80,80],"card_choices":[{"not_picked":["Searing Blow","Clash"],"picked":"Pommel Strike","floor":1},{"not_picked":["Twin Strike","Havoc"],"picked":"Flame Barrier","floor":7},{"not_picked":["Cleave","Sentinel"],"picked":"Dropkick","floor":11},{"not_picked":["Havoc","Perfected Strike"],"picked":"Cleave","floor":14}],"player_experience":547154,"relics_obtained":[{"floor":7,"key":"Bottled Flame"},{"floor":9,"key":"Oddly Smooth Stone"}],"event_choices":[{"damage_healed":0,"gold_gain":275,"player_choice":"Desecrate","damage_taken":0,"max_hp_gain":0,"max_hp_loss":0,"event_name":"Golden Shrine","floor":2,"gold_loss":0,"cards_obtained":["Regret"]},{"cards_removed":["Strike_R"],"damage_healed":0,"gold_gain":0,"player_choice":"Forget","damage_taken":0,"max_hp_gain":0,"max_hp_loss":0,"event_name":"Living Wall","floor":4,"gold_loss":0},{"damage_healed":20,"gold_gain":0,"player_choice":"Healed","damage_taken":0,"max_hp_gain":0,"max_hp_loss":0,"event_name":"The Cleric","floor":10,"gold_loss":35},{"damage_healed":0,"gold_gain":0,"player_choice":"Searched \u00270\u0027 times","damage_taken":0,"max_hp_gain":0,"max_hp_loss":0,"event_name":"Dead Adventurer","floor":12,"gold_loss":0}],"is_beta":false,"boss_relics":[],"items_purged_floors":[3],"is_endless":false,"potions_floor_spawned":[1,14],"killed_by":"Slime Boss","ascension_level":13}