{"gold_per_floor":[110,110,14,27,43,43,61,72,120,120,120,140,158,172,172,172],"floor_reached":16,"playtime":1191,"items_purged":[],"score":96,"play_id":"7390176d-2ca3-487f-bfc7-86daccdf0b79","local_time":"20190609021912","is_ascension_mode":false,"campfire_choices":[{"data":"Armaments","floor":6,"key":"SMITH"},{"data":"Flex","floor":11,"key":"SMITH"},{"data":"Body Slam","floor":15,"key":"SMITH"}],"neow_cost":"NONE","seed_source_timestamp":43632255254244,"circlet_count":0,"master_deck":["Strike_R","Strike_R","Strike_R","Strike_R","Strike_R","Defend_R","Defend_R","Defend_R","Defend_R","Bash","Armaments+1","Good Instincts","Iron Wave","Anger","Flex+1","Heavy Blade","Body Slam+1"],"relics":["Burning Blood","PreservedInsect"],"potions_floor_usage":[],"damage_taken":[{"damage":0,"enemies":"Small Slimes","floor":1,"turns":3},{"damage":7,"enemies":"Cultist","floor":4,"turns":5},{"damage":2,"enemies":"2 Louse","floor":5,"turns":3},{"damage":0,"enemies":"Looter","floor":7,"turns":4},{"damage":12,"enemies":"3 Louse","floor":8,"turns":4},{"damage":17,"enemies":"Exordium Thugs","floor":12,"turns":5},{"damage":1,"enemies":"2 Fungi Beasts","floor":13,"turns":4},{"damage":5,"enemies":"Lots of Slimes","floor":14,"turns":4},{"damage":81,"enemies":"The Guardian","floor":16,"turns":13}],"seed_played":"9174372814937179134","potions_obtained":[{"floor":7,"key":"Poison Potion"},{"floor":13,"key":"EssenceOfSteel"}],"is_trial":false,"path_per_floor":["M","?","$","M","M","R","M","M","T","$","R","M","M","M","R","B"],"character_chosen":"IRONCLAD","items_purchased":["Good Instincts"],"campfire_rested":0,"item_purchase_floors":[3],"current_hp_per_floor":[88,88,88,87,88,88,88,82,82,82,82,71,76,77,77,0],"gold":172,"neow_bonus":"TEN_PERCENT_HP_BONUS","is_prod":false,"is_daily":false,"chose_seed":false,"campfire_upgraded":3,"win_rate":0.0,"timestamp":1560064752,"path_taken":["M","?","$","M","M","R","M","M","T","$","R","M","M","M","R","BOSS"],"build_version":"2019-01-23","purchased_purges":0,"victory":false,"max_hp_per_floor":[88,88,88,88,88,88,88,88,88,88,88,88,88,88,88,88],"card_choices":[{"not_picked":["Clothesline","Clash"],"picked":"Armaments","floor":1},{"not_picked":["Heavy Blade","Clothesline"],"picked":"Iron Wave","floor":4},{"not_picked":["Rupture","Heavy Blade"],"picked":"Anger","floor":5},{"not_picked":["Rupture","Headbutt","Warcry"],"picked":"SKIP","floor":7},{"not_picked":["Reckless Charge","Infernal Blade"],"picked":"Flex","floor":8},{"not_picked":["Exhume","Entrench"],"picked":"Heavy Blade","floor":12},{"not_picked":["Iron Wave","Wild Strike"],"picked":"Body Slam","floor":13},{"not_picked":["Thunderclap","Perfected Strike","True Grit"],"picked":"SKIP","floor":14}],"player_experience":92962,"relics_obtained":[{"floor":9,"key":"PreservedInsect"}],"event_choices":[{"damage_healed":0,"gold_gain":0,"player_choice":"Leave","damage_taken":0,"max_hp_gain":0,"max_hp_loss":0,"event_name":"The Cleric","floor":2,"gold_loss":0}],"is_beta":false,"boss_relics":[],"items_purged_floors":[],"is_endless":false,"potions_floor_spawned":[7,13],"killed_by":"The Guardian","ascension_level":0}