{"gold_per_floor":[212,225,225,1,1,1,29,29,29,39,74,88,117,42,42,42],"floor_reached":16,"playtime":785,"items_purged":["Strike_G"],"score":230,"play_id":"dff1327b-3ebf-495a-8e1f-3eb44cbc8025","local_time":"20190626005847","is_ascension_mode":true,"campfire_choices":[{"data":"Glass Knife","floor":6,"key":"SMITH"},{"floor":15,"key":"REST"}],"neow_cost":"NONE","seed_source_timestamp":464661672326513,"circlet_count":0,"master_deck":["AscendersBane","Defend_G","Defend_G","Defend_G","Defend_G","Defend_G","Strike_G","Strike_G","Strike_G","Strike_G","Survivor","Neutralize","Poisoned Stab","Dagger Spray","Glass Knife+1","Dagger Throw","Backflip","All Out Attack","Leg Sweep","Backstab","Grand Finale"],"relics":["Ring of the Snake","Dream Catcher","Meat on the Bone","The Specimen","Centennial Puzzle","Prayer Wheel"],"potions_floor_usage":[11],"damage_taken":[{"damage":0,"enemies":"2 Louse","floor":1,"turns":3},{"damage":4,"enemies":"Jaw Worm","floor":2,"turns":5},{"damage":25,"enemies":"3 Sentries","floor":7,"turns":8},{"damage":0,"enemies":"Small Slimes","floor":10,"turns":2},{"damage":22,"enemies":"Lagavulin","floor":11,"turns":5},{"damage":0,"enemies":"Blue Slaver","floor":12,"turns":3},{"damage":24,"enemies":"Gremlin Nob","floor":13,"turns":4},{"damage":45,"enemies":"Slime Boss","floor":16,"turns":8}],"seed_played":"1681252378728944743","potions_obtained":[{"floor":7,"key":"LiquidBronze"},{"floor":10,"key":"Regen Potion"},{"floor":11,"key":"PowerPotion"}],"is_trial":false,"path_per_floor":["M","M","?","$","?","R","E","?","T","M","E","M","E","$","R","B"],"character_chosen":"THE_SILENT","items_purchased":["Glass Knife","Weak Potion"],"campfire_rested":1,"item_purchase_floors":[4,4],"current_hp_per_floor":[59,55,55,55,60,60,35,35,35,47,40,40,28,28,49,4],"gold":42,"neow_bonus":"HUNDRED_GOLD","is_prod":false,"is_daily":false,"chose_seed":false,"campfire_upgraded":1,"win_rate":0,"timestamp":1561535927,"path_taken":["M","M","?","$","?","R","E","?","T","?","E","M","E","$","R","BOSS"],"build_version":"2019-01-23","purchased_purges":1,"victory":false,"max_hp_per_floor":[66,66,66,66,71,71,71,71,71,71,71,71,71,71,71,71],"card_choices":[{"not_picked":["Dagger Throw","Dodge and Roll"],"picked":"Poisoned Stab","floor":1},{"not_picked":["Bane","Outmaneuver"],"picked":"Dagger Spray","floor":2},{"not_picked":["Slice","Prepared"],"picked":"Dagger Throw","floor":7},{"not_picked":["Cloak And Dagger","Blade Dance"],"picked":"Backflip","floor":10},{"not_picked":["Expertise","PiercingWail"],"picked":"All Out Attack","floor":11},{"not_picked":["Outmaneuver","Acrobatics"],"picked":"Leg Sweep","floor":12},{"not_picked":["Dash","Dagger Spray"],"picked":"Backstab","floor":13},{"not_picked":["PiercingWail","Cloak And Dagger"],"picked":"Grand Finale","floor":15}],"player_experience":1342291,"relics_obtained":[{"floor":7,"key":"Dream Catcher"},{"floor":9,"key":"The Specimen"},{"floor":11,"key":"Centennial Puzzle"},{"floor":13,"key":"Prayer Wheel"}],"event_choices":[{"damage_healed":0,"gold_gain":0,"player_choice":"Ignored","damage_taken":0,"max_hp_gain":0,"max_hp_loss":0,"event_name":"Shining Light","floor":3,"gold_loss":0},{"damage_healed":0,"gold_gain":0,"player_choice":"Donut","damage_taken":0,"max_hp_gain":5,"max_hp_loss":0,"event_name":"Big Fish","floor":5,"gold_loss":0},{"damage_healed":0,"gold_gain":0,"player_choice":"Searched \u00271\u0027 times","damage_taken":0,"relics_obtained":["Meat on the Bone"],"max_hp_gain":0,"max_hp_loss":0,"event_name":"Dead Adventurer","floor":8,"gold_loss":0}],"is_beta":false,"boss_relics":[],"items_purged_floors":[14],"is_endless":false,"potions_floor_spawned":[7,10,11,13],"killed_by":"Slime Boss","ascension_level":19}