{"gold_per_floor":[115,265,265,71,120,120,20,46,94,94,40,40,74,86,86,161,161,171,189,189,189,104,104,104,130,155,155],"floor_reached":27,"playtime":1555,"items_purged":["Doubt","Regret"],"score":454,"play_id":"a3857463-d932-43b8-ac85-09d8c1bdcd21","local_time":"20190626041520","is_ascension_mode":true,"campfire_choices":[{"data":"Skewer","floor":6,"key":"SMITH"},{"floor":10,"key":"REST"},{"data":"Neutralize","floor":12,"key":"SMITH"},{"data":"Well Laid Plans","floor":15,"key":"SMITH"},{"floor":23,"key":"REST"}],"neow_cost":"CURSE","seed_source_timestamp":475670789197965,"circlet_count":0,"master_deck":["AscendersBane","Defend_G","Defend_G","Defend_G","Defend_G","Defend_G","Strike_G+1","Strike_G","Strike_G","Strike_G+1","Strike_G","Survivor","Neutralize+1","Burst","Dagger Throw","Well Laid Plans+1","Skewer+1","Noxious Fumes","Bouncing Flask","Terror","Night Terror+1","Blur","Decay"],"relics":["Ring of the Snake","Oddly Smooth Stone","Blue Candle","Bronze Scales","Whetstone","Busted Crown","Boot","Anchor"],"potions_floor_usage":[13,25],"damage_taken":[{"damage":10,"enemies":"Cultist","floor":1,"turns":5},{"damage":15,"enemies":"3 Sentries","floor":8,"turns":9},{"damage":40,"enemies":"Gremlin Nob","floor":13,"turns":5},{"damage":1,"enemies":"2 Louse","floor":14,"turns":2},{"damage":6,"enemies":"Hexaghost","floor":16,"turns":8},{"damage":0,"enemies":"Chosen","floor":18,"turns":3},{"damage":25,"enemies":"Shell Parasite","floor":19,"turns":5},{"damage":41,"enemies":"Slavers","floor":25,"turns":5},{"damage":10,"enemies":"Centurion and Healer","floor":27,"turns":2}],"seed_played":"-1719918044418737238","potions_obtained":[{"floor":1,"key":"LiquidBronze"},{"floor":14,"key":"SkillPotion"}],"is_trial":false,"path_per_floor":["M","?","?","$","T","R","$","E","T","R","$","R","E","M","R","B",null,"M","M","$","?","$","R","?","E","T","M"],"character_chosen":"THE_SILENT","items_purchased":["Well Laid Plans","Skewer","AttackPotion","Blur"],"campfire_rested":2,"item_purchase_floors":[4,4,11,22],"current_hp_per_floor":[49,49,49,49,49,49,49,34,34,53,53,53,13,12,12,6,51,51,26,26,26,26,45,45,4,4,0],"gold":155,"neow_bonus":"THREE_RARE_CARDS","is_prod":false,"is_daily":false,"chose_seed":false,"campfire_upgraded":3,"win_rate":0,"timestamp":1561547720,"path_taken":["M","?","?","$","?","R","$","E","T","R","?","R","E","M","R","BOSS","M","M","$","?","?","R","?","E","T","?"],"build_version":"2019-01-23","purchased_purges":2,"victory":false,"max_hp_per_floor":[66,66,66,66,66,66,66,66,66,66,66,66,66,66,66,66,66,66,66,66,66,66,66,66,66,66,66],"card_choices":[{"not_picked":["Grand Finale","Bullet Time"],"picked":"Burst","floor":0},{"not_picked":["Leg Sweep","Cloak And Dagger"],"picked":"Dagger Throw","floor":1},{"not_picked":["Concentrate","Distraction"],"picked":"Noxious Fumes","floor":8},{"not_picked":["Quick Slash","Blade Dance"],"picked":"Bouncing Flask","floor":13},{"not_picked":["Poisoned Stab","Blade Dance"],"picked":"Terror","floor":14},{"not_picked":["Doppelganger","Storm of Steel"],"picked":"Night Terror","floor":16},{"not_picked":["Expertise+1"],"picked":"SKIP","floor":18},{"not_picked":["Expertise+1"],"picked":"SKIP","floor":19},{"not_picked":["Eviscerate"],"picked":"SKIP","floor":25}],"player_experience":1343076,"relics_obtained":[{"floor":5,"key":"Oddly Smooth Stone"},{"floor":8,"key":"Blue Candle"},{"floor":9,"key":"Bronze Scales"},{"floor":13,"key":"Whetstone"},{"floor":25,"key":"Boot"},{"floor":26,"key":"Anchor"}],"event_choices":[{"damage_healed":0,"gold_gain":150,"player_choice":"AGREE","damage_taken":0,"max_hp_gain":0,"max_hp_loss":0,"event_name":"Liars Game","floor":2,"gold_loss":0,"cards_obtained":["Doubt"]},{"damage_healed":0,"gold_gain":0,"player_choice":"Ignored","damage_taken":0,"max_hp_gain":0,"max_hp_loss":0,"event_name":"Shining Light","floor":3,"gold_loss":0},{"damage_healed":0,"gold_gain":0,"player_choice":"Upgraded","damage_taken":0,"max_hp_gain":0,"max_hp_loss":0,"event_name":"Upgrade Shrine","floor":21,"gold_loss":0,"cards_upgraded":["Night Terror"]},{"damage_healed":0,"gold_gain":0,"player_choice":"Smashed Altar","damage_taken":0,"max_hp_gain":0,"max_hp_loss":0,"event_name":"Forgotten Altar","floor":24,"gold_loss":0,"cards_obtained":["Decay"]}],"is_beta":false,"boss_relics":[{"not_picked":["Philosopher\u0027s Stone","Eternal Feather"],"picked":"Busted Crown"}],"items_purged_floors":[4,7],"is_endless":false,"potions_floor_spawned":[1,14,16,18,19],"killed_by":"Centurion and Healer","ascension_level":19}