{"gold_per_floor":[113,125,125,125,136,136,168,168,192,217,217,230,29,45,45,147,147,165,181,81,92,106,106],"floor_reached":23,"playtime":2089,"items_purged":["Strike_G","Strike_G"],"score":233,"play_id":"8287ca6d-7c2b-4f06-86e7-1dd29257b979","local_time":"20190710165112","is_ascension_mode":true,"campfire_choices":[{"data":"Leg Sweep","floor":6.0,"key":"SMITH"},{"data":"Neutralize","floor":8,"key":"SMITH"},{"data":"Poisoned Stab","floor":11,"key":"SMITH"},{"data":"PiercingWail","floor":15,"key":"SMITH"}],"neow_cost":"NONE","seed_source_timestamp":0,"circlet_count":0,"master_deck":["Strike_G","Strike_G","Strike_G","Defend_G","Defend_G","Defend_G","Defend_G","Defend_G","Survivor","Neutralize+1","Poisoned Stab+1","Leg Sweep+1","Backstab","Crippling Poison","Endless Agony","PiercingWail+1","Adrenaline","Underhanded Strike+1"],"special_seed":0,"relics":["Ring of the Snake","NeowsBlessing","Juzu Bracelet","Snake Skull","Ornamental Fan","Snecko Eye"],"potions_floor_usage":[7,10,10,16,19,19,23],"damage_taken":[{"damage":0.0,"enemies":"Small Slimes","floor":1.0,"turns":1.0},{"damage":0.0,"enemies":"2 Louse","floor":2.0,"turns":1.0},{"damage":0.0,"enemies":"Cultist","floor":5.0,"turns":1.0},{"damage":15,"enemies":"Lagavulin","floor":7,"turns":9},{"damage":22,"enemies":"Gremlin Nob","floor":10,"turns":4},{"damage":0,"enemies":"2 Fungi Beasts","floor":12,"turns":2},{"damage":0,"enemies":"Looter","floor":14,"turns":3},{"damage":9,"enemies":"The Guardian","floor":16,"turns":10},{"damage":0,"enemies":"Chosen","floor":18,"turns":5},{"damage":27,"enemies":"2 Thieves","floor":19,"turns":4},{"damage":29,"enemies":"Chosen and Byrds","floor":21,"turns":6},{"damage":10,"enemies":"Snake Plant","floor":22,"turns":6},{"damage":10,"enemies":"Gremlin Leader","floor":23,"turns":5}],"seed_played":"4306576659928039162","potions_obtained":[{"floor":2.0,"key":"Explosive Potion"},{"floor":4.0,"key":"Energy Potion"},{"floor":4.0,"key":"SkillPotion"},{"floor":4.0,"key":"Energy Potion"},{"floor":12,"key":"Poison Potion"},{"floor":14,"key":"PowerPotion"},{"floor":22,"key":"Fire Potion"}],"is_trial":false,"path_per_floor":["M","M","?","?","M","R","E","R","T","E","R","M","$","M","R","B",null,"M","M","$","M","M","E"],"character_chosen":"THE_SILENT","items_purchased":["Endless Agony","Poison Potion"],"campfire_rested":0,"item_purchase_floors":[13,13],"current_hp_per_floor":[70,70,70,70,70,70,55,55,55,33,33,33,33,33,33,24,70,70,43,43,14,4,0],"gold":106,"neow_bonus":"THREE_ENEMY_KILL","is_prod":false,"is_daily":false,"chose_seed":false,"campfire_upgraded":4,"win_rate":0,"timestamp":1562791872,"path_taken":["M","M","?","?","?","R","E","R","T","E","R","M","$","M","R","BOSS","M","M","$","M","M","E"],"build_version":"2019-07-05","purchased_purges":2,"victory":false,"max_hp_per_floor":[70,70,70,70,70,70,70,70,70,70,70,70,70,70,70,70,70,70,70,70,70,70,70],"card_choices":[{"not_picked":["Outmaneuver","Backstab"],"picked":"Poisoned Stab","floor":1.0},{"not_picked":["Dagger Throw","Outmaneuver"],"picked":"Leg Sweep","floor":2.0},{"not_picked":["Poisoned Stab","Concentrate"],"picked":"Backstab","floor":5.0},{"not_picked":["Dash","Reflex","Sucker Punch"],"picked":"SKIP","floor":7},{"not_picked":["All Out Attack","Outmaneuver","Deflect"],"picked":"SKIP","floor":10},{"not_picked":["Dagger Throw","Flying Knee"],"picked":"Crippling Poison","floor":12},{"not_picked":["Sucker Punch","Accuracy"],"picked":"PiercingWail","floor":14},{"not_picked":["Die Die Die","Burst"],"picked":"Adrenaline","floor":16},{"not_picked":["Acrobatics","Masterful Stab","Dagger Spray"],"picked":"SKIP","floor":18},{"not_picked":["Well Laid Plans","Slice"],"picked":"Underhanded Strike+1","floor":19},{"not_picked":["Prepared","Concentrate+1","Skewer"],"picked":"SKIP","floor":21},{"not_picked":["Dagger Throw","Masterful Stab+1","Infinite Blades+1"],"picked":"SKIP","floor":22}],"player_experience":253827,"relics_obtained":[{"floor":7,"key":"Juzu Bracelet"},{"floor":9,"key":"Snake Skull"},{"floor":10,"key":"Ornamental Fan"}],"event_choices":[{"damage_healed":0.0,"max_hp_gain":0.0,"max_hp_loss":0.0,"gold_gain":0.0,"event_name":"Liars Game","player_choice":"Ignored","floor":3.0,"gold_loss":0.0,"damage_taken":0.0},{"damage_healed":0.0,"max_hp_gain":0.0,"max_hp_loss":0.0,"gold_gain":0.0,"event_name":"Lab","player_choice":"Got Potions","floor":4.0,"gold_loss":0.0,"damage_taken":0.0}],"is_beta":false,"boss_relics":[{"not_picked":["Velvet Choker","Runic Dome"],"picked":"Snecko Eye"}],"items_purged_floors":[13,20],"is_endless":false,"potions_floor_spawned":[2,12,14,22],"killed_by":"Gremlin Leader","ascension_level":3}