{"gold_per_floor":[117,117,135,135,135,135,146,146,146,161,178,195,228,248,248,343,343,361,377,392,392,405,405,431,431,431,431],"floor_reached":27,"playtime":1109,"items_purged":[],"score":249,"play_id":"dba3f136-91f9-4d3a-8ef2-1ca9dbdf3516","local_time":"20190406193211","is_ascension_mode":true,"campfire_choices":[{"data":"Sunder","floor":6,"key":"SMITH"},{"data":"Zap","floor":8,"key":"SMITH"},{"data":"Static Discharge","floor":15,"key":"SMITH"},{"floor":23,"key":"REST"},{"data":"Echo Form","floor":25,"key":"SMITH"}],"neow_cost":"NONE","seed_source_timestamp":54061113788211,"circlet_count":0,"master_deck":["Strike_B","Strike_B","Strike_B","Strike_B","Defend_B","Defend_B+1","Defend_B","Defend_B+1","Zap+1","Dualcast","Rainbow","Sunder+1","Static Discharge+1","Amplify","Echo Form+1","Force Field","Leap+1","Tempest+1","Decay"],"relics":["Cracked Core","Smiling Mask","DataDisk","Letter Opener","Cursed Key","Singing Bowl","War Paint","Gremlin Horn"],"potions_floor_usage":[27,27],"damage_taken":[{"damage":0,"enemies":"2 Louse","floor":1,"turns":1},{"damage":0,"enemies":"Cultist","floor":3,"turns":3},{"damage":0,"enemies":"Small Slimes","floor":7,"turns":2},{"damage":4,"enemies":"Blue Slaver","floor":10,"turns":3},{"damage":0,"enemies":"Exordium Thugs","floor":11,"turns":3},{"damage":3,"enemies":"Large Slime","floor":12,"turns":3},{"damage":6,"enemies":"3 Sentries","floor":13,"turns":6},{"damage":12,"enemies":"Lots of Slimes","floor":14,"turns":3},{"damage":15,"enemies":"The Guardian","floor":16,"turns":8},{"damage":19,"enemies":"Shell Parasite","floor":18,"turns":4},{"damage":21,"enemies":"Spheric Guardian","floor":19,"turns":5},{"damage":11,"enemies":"Cultist and Chosen","floor":20,"turns":4},{"damage":11,"enemies":"Centurion and Healer","floor":22,"turns":6},{"damage":19,"enemies":"Book of Stabbing","floor":24,"turns":5},{"damage":27,"enemies":"Slavers","floor":27,"turns":2}],"seed_played":"1873719448007637427","potions_obtained":[{"floor":3,"key":"Strength Potion"},{"floor":5,"key":"Energy Potion"},{"floor":5,"key":"PowerPotion"},{"floor":11,"key":"Fire Potion"}],"is_trial":false,"path_per_floor":["M","?","M","?","?","R","M","R","T","M","M","M","E","M","R","B",null,"M","M","M","?","M","R","E","R","T","E"],"character_chosen":"DEFECT","items_purchased":[],"campfire_rested":1,"item_purchase_floors":[],"current_hp_per_floor":[75,68,68,73,73,73,73,73,73,69,69,66,60,48,48,33,80,61,40,29,29,18,42,23,23,23,0],"gold":431,"neow_bonus":"ONE_RANDOM_RARE_CARD","is_prod":false,"is_daily":false,"chose_seed":false,"campfire_upgraded":4,"win_rate":0,"timestamp":1554604331,"path_taken":["M","?","M","?","?","R","M","R","T","M","M","?","E","M","R","BOSS","M","M","M","?","M","R","E","R","T","E"],"build_version":"2019-01-23","purchased_purges":0,"victory":false,"max_hp_per_floor":[75,75,75,80,80,80,80,80,80,80,80,80,80,80,80,80,80,80,80,80,80,80,80,80,80,80,80],"card_choices":[{"not_picked":["Gash","Steam"],"picked":"Sunder","floor":1},{"not_picked":["Beam Cell","Recycle","Cold Snap"],"picked":"SKIP","floor":3},{"not_picked":["Coolheaded","Streamline","Stack"],"picked":"SKIP","floor":7},{"not_picked":["Doom and Gloom","Rebound","Hologram"],"picked":"SKIP","floor":10},{"not_picked":["Steam","Ball Lightning"],"picked":"Static Discharge","floor":11},{"not_picked":["Rebound","Storm"],"picked":"Amplify","floor":12},{"not_picked":["Hologram","BootSequence","Compile Driver"],"picked":"SKIP","floor":13},{"not_picked":["Barrage","Steam","Auto Shields"],"picked":"SKIP","floor":14},{"not_picked":["Fission","Core Surge"],"picked":"Echo Form","floor":16},{"not_picked":["Lockon+1","Sweeping Beam"],"picked":"Force Field","floor":18},{"not_picked":["Conserve Battery","Steam","Beam Cell"],"picked":"SKIP","floor":19},{"not_picked":["Streamline","Go for the Eyes","Steam"],"picked":"SKIP","floor":20},{"not_picked":["Doom and Gloom","Scrape+1"],"picked":"Leap+1","floor":22},{"not_picked":["Doom and Gloom+1","Multi-Cast"],"picked":"Tempest+1","floor":24}],"player_experience":162572,"relics_obtained":[{"floor":9,"key":"DataDisk"},{"floor":13,"key":"Letter Opener"},{"floor":24,"key":"War Paint"},{"floor":26,"key":"Gremlin Horn"}],"event_choices":[{"damage_healed":0,"gold_gain":0,"player_choice":"Success","damage_taken":7,"relics_obtained":["Smiling Mask"],"max_hp_gain":0,"max_hp_loss":0,"event_name":"Scrap Ooze","floor":2,"gold_loss":0},{"damage_healed":0,"gold_gain":0,"player_choice":"Donut","damage_taken":0,"max_hp_gain":5,"max_hp_loss":0,"event_name":"Big Fish","floor":4,"gold_loss":0},{"damage_healed":0,"gold_gain":0,"player_choice":"Got Potions","damage_taken":0,"max_hp_gain":0,"max_hp_loss":0,"event_name":"Lab","floor":5,"gold_loss":0},{"damage_healed":0,"gold_gain":0,"player_choice":"Opened","damage_taken":0,"relics_obtained":["Singing Bowl"],"max_hp_gain":0,"max_hp_loss":0,"event_name":"The Mausoleum","floor":21,"gold_loss":0}],"is_beta":false,"boss_relics":[{"not_picked":["Fusion Hammer","Astrolabe"],"picked":"Cursed Key"}],"items_purged_floors":[],"is_endless":false,"potions_floor_spawned":[3,10,11,14,16,18,20,24],"killed_by":"Slavers","ascension_level":1}