{"gold_per_floor":[209,209,228,246,246,275,285,301,301,313,338,49,64,141,141,212,212,194,30,30,47,66,66,80,109,189,189,93,93,93,105,105,182,182,193,43,43,43,59,59,19,19,19,53,64,25,25,35,35,35],"floor_reached":51,"playtime":3156,"items_purged":[],"score":1219,"play_id":"8b15add6-743c-4ac4-9bfa-765b8c9a0390","local_time":"20190712013554","is_ascension_mode":true,"campfire_choices":[{"floor":15,"key":"REST"},{"data":"Defragment","floor":23,"key":"SMITH"},{"floor":27,"key":"REST"},{"data":"Machine Learning","floor":29,"key":"SMITH"},{"data":"Discovery","floor":32,"key":"SMITH"},{"data":"Go for the Eyes","floor":40,"key":"SMITH"},{"data":"Coolheaded","floor":42,"key":"SMITH"},{"data":"Loop","floor":47,"key":"SMITH"},{"data":"White Noise","floor":49,"key":"SMITH"}],"neow_cost":"NONE","seed_source_timestamp":73427578617800,"circlet_count":0,"master_deck":["AscendersBane","Strike_B","Defend_B","Defend_B","Defend_B","Zap","Dualcast","Defragment+1","Stack","Melter","Gash","FTL","Cold Snap","Cold Snap","Go for the Eyes+1","Conserve Battery","Conserve Battery","Machine Learning+1","Coolheaded+1","Reinforced Body","White Noise+1","Leap+1","Reinforced Body","Gash","Compile Driver","Discovery+1","Electrodynamics","Capacitor+1","Melter+1","Echo Form+1","Barrage+1","Loop+1"],"relics":["Cracked Core","Bird Faced Urn","Symbiotic Virus","Pantograph","Mango","Velvet Choker","Boot","Molten Egg 2","Astrolabe","DataDisk","FossilizedHelix","Torii"],"potions_floor_usage":[6,6,8,10,24,25,26,35,44,50],"damage_taken":[{"damage":1,"enemies":"2 Louse","floor":1,"turns":3},{"damage":1,"enemies":"Cultist","floor":3,"turns":4},{"damage":5,"enemies":"Jaw Worm","floor":4,"turns":3},{"damage":47,"enemies":"Gremlin Nob","floor":6,"turns":5},{"damage":8,"enemies":"Blue Slaver","floor":7,"turns":4},{"damage":2,"enemies":"2 Fungi Beasts","floor":8,"turns":3},{"damage":1,"enemies":"3 Louse","floor":10,"turns":4},{"damage":4,"enemies":"Lagavulin","floor":11,"turns":5},{"damage":12,"enemies":"Large Slime","floor":13,"turns":3},{"damage":17,"enemies":"Slime Boss","floor":16,"turns":10},{"damage":20,"enemies":"2 Thieves","floor":18,"turns":4},{"damage":5,"enemies":"Chosen","floor":21,"turns":4},{"damage":8,"enemies":"Snake Plant","floor":22,"turns":10},{"damage":1,"enemies":"Cultist and Chosen","floor":24,"turns":8},{"damage":45,"enemies":"Gremlin Leader","floor":25,"turns":9},{"damage":0,"enemies":"Chosen and Byrds","floor":31,"turns":6},{"damage":15,"enemies":"Champ","floor":33,"turns":16},{"damage":16,"enemies":"3 Darklings","floor":35,"turns":4},{"damage":0,"enemies":"3 Shapes","floor":39,"turns":5},{"damage":24,"enemies":"Reptomancer","floor":44,"turns":7},{"damage":13,"enemies":"Maw","floor":45,"turns":7},{"damage":2,"enemies":"Jaw Worm Horde","floor":48,"turns":5},{"damage":63,"enemies":"Time Eater","floor":50,"turns":10}],"seed_played":"205605809926963394","potions_obtained":[{"floor":1,"key":"Energy Potion"},{"floor":3,"key":"LiquidBronze"},{"floor":7,"key":"Fire Potion"},{"floor":8,"key":"SkillPotion"},{"floor":13,"key":"Energy Potion"},{"floor":18,"key":"Weak Potion"},{"floor":25,"key":"Fruit Juice"},{"floor":31,"key":"Dexterity Potion"},{"floor":35,"key":"Dexterity Potion"},{"floor":41,"key":"Explosive Potion"},{"floor":48,"key":"Explosive Potion"}],"is_trial":false,"path_per_floor":["M","?","M","M","?","E","M","M","T","M","E","$","M","?","R","B",null,"M","$","?","M","M","R","M","E","T","R","$","R","$","M","R","B",null,"M","$","?","?","M","R","?","R","T","E","M","$","R","M","R","B",null],"character_chosen":"DEFECT","items_purchased":["Mango","Fire Potion","Reinforced Body","White Noise","Discovery","DataDisk","Loop"],"campfire_rested":2,"item_purchase_floors":[12,19,19,19,28,36,46],"current_hp_per_floor":[63,63,62,57,57,10,4,2,2,3,1,15,5,5,30,40,74,58,58,58,59,55,55,60,21,26,53,53,53,53,59,59,77,87,83,83,83,83,85,85,85,85,85,65,70,70,70,74,74,32],"gold":35,"neow_bonus":"HUNDRED_GOLD","is_prod":false,"is_daily":false,"chose_seed":false,"campfire_upgraded":7,"win_rate":0,"timestamp":1562909754,"path_taken":["M","?","M","?","?","E","M","M","T","M","E","$","M","?","R","BOSS","M","$","?","M","M","R","M","E","T","R","$","R","$","M","R","BOSS","M","$","?","?","M","R","?","R","T","E","?","?","R","M","R","BOSS"],"build_version":"2019-07-05","purchased_purges":0,"victory":true,"max_hp_per_floor":[71,71,71,71,71,71,71,71,71,71,71,85,85,85,85,85,85,85,85,85,85,85,85,85,85,90,90,90,90,90,90,90,90,90,90,90,85,85,85,85,85,85,85,85,85,85,85,85,85,85],"card_choices":[{"not_picked":["Scrape","Loop"],"picked":"Defragment","floor":1},{"not_picked":["Double Energy","Defragment"],"picked":"Melter","floor":3},{"not_picked":["Aggregate","Chill"],"picked":"Gash","floor":4},{"not_picked":["Reinforced Body","Rip and Tear"],"picked":"FTL","floor":6},{"not_picked":["Reprogram","Turbo"],"picked":"Cold Snap","floor":7},{"not_picked":["Rebound","Sweeping Beam"],"picked":"Cold Snap","floor":8},{"not_picked":["Turbo","Streamline"],"picked":"Go for the Eyes","floor":10},{"not_picked":["Scrape","Melter"],"picked":"Conserve Battery","floor":11},{"not_picked":["Streamline","Beam Cell"],"picked":"Conserve Battery","floor":13},{"not_picked":["Buffer","Thunder Strike"],"picked":"Machine Learning","floor":16},{"not_picked":["Melter","Streamline"],"picked":"Coolheaded","floor":18},{"not_picked":["Hello World","Sweeping Beam"],"picked":"Leap+1","floor":21},{"not_picked":["Blizzard","Skim"],"picked":"Reinforced Body","floor":22},{"not_picked":["Turbo","Streamline"],"picked":"Gash","floor":24},{"not_picked":["Heatsinks","Defragment"],"picked":"Compile Driver","floor":25},{"not_picked":["Steam","Rip and Tear+1","Storm"],"picked":"SKIP","floor":31},{"not_picked":["Echo Form","All For One+1"],"picked":"Electrodynamics","floor":33},{"not_picked":["Auto Shields","Ball Lightning+1","Streamline+1"],"picked":"SKIP","floor":35},{"not_picked":["Sweeping Beam+1","Redo+1","Cold Snap+1"],"picked":"SKIP","floor":39},{"not_picked":["Beam Cell+1","Machine Learning"],"picked":"Barrage+1","floor":44},{"not_picked":["Lockon+1","Stack","Recycle"],"picked":"SKIP","floor":45},{"not_picked":["Loop+1","Streamline+1","Hologram"],"picked":"SKIP","floor":48}],"player_experience":759324,"relics_obtained":[{"floor":6,"key":"Bird Faced Urn"},{"floor":9,"key":"Symbiotic Virus"},{"floor":11,"key":"Pantograph"},{"floor":25,"key":"Boot"},{"floor":26,"key":"Molten Egg 2"},{"floor":43,"key":"FossilizedHelix"},{"floor":44,"key":"Torii"}],"event_choices":[{"damage_healed":0,"gold_gain":0,"cards_transformed":["Strike_B"],"player_choice":"Transformed","damage_taken":0,"max_hp_gain":0,"max_hp_loss":0,"event_name":"Transmorgrifier","floor":2,"gold_loss":0,"cards_obtained":["Stack"]},{"damage_healed":0,"gold_gain":0,"player_choice":"Ignored","damage_taken":0,"max_hp_gain":0,"max_hp_loss":0,"event_name":"Liars Game","floor":5,"gold_loss":0},{"damage_healed":0,"gold_gain":77,"player_choice":"Gained Gold","damage_taken":0,"max_hp_gain":0,"max_hp_loss":0,"event_name":"Golden Wing","floor":14,"gold_loss":0},{"damage_healed":0,"gold_gain":0,"player_choice":"Ignored","damage_taken":0,"max_hp_gain":0,"max_hp_loss":0,"event_name":"Cursed Tome","floor":20,"gold_loss":0},{"damage_healed":0,"gold_gain":0,"player_choice":"Max HP","damage_taken":0,"max_hp_gain":0,"max_hp_loss":5,"event_name":"Winding Halls","floor":37,"gold_loss":0},{"damage_healed":0,"gold_gain":0,"player_choice":"Ignored","damage_taken":0,"max_hp_gain":0,"max_hp_loss":0,"event_name":"Mysterious Sphere","floor":38,"gold_loss":0},{"damage_healed":0,"gold_gain":0,"player_choice":"Bought 3 Potions","damage_taken":0,"max_hp_gain":0,"max_hp_loss":0,"event_name":"The Woman in Blue","floor":41,"gold_loss":0}],"is_beta":false,"boss_relics":[{"not_picked":["Calling Bell","Runic Dome"],"picked":"Velvet Choker"},{"not_picked":["Philosopher\u0027s Stone","Lizard Tail"],"picked":"Astrolabe"}],"items_purged_floors":[],"is_endless":false,"potions_floor_spawned":[1,3,7,8,13,18,25,31,35,48],"ascension_level":15}