{"gold_per_floor":[119,119,44,60,80,80,107,119,197,197],"floor_reached":10,"playtime":490,"items_purged":["Strike_R"],"score":78,"play_id":"c557ea1c-bcad-485f-a05c-9e22e3ad2004","local_time":"20190509153707","is_ascension_mode":true,"campfire_choices":[{"data":"Rampage","floor":6,"key":"SMITH"}],"neow_cost":"CURSE","seed_source_timestamp":320491384036300,"circlet_count":0,"master_deck":["Strike_R","Strike_R","Strike_R","Strike_R","Defend_R","Defend_R","Defend_R","Defend_R","Bash","Reaper","Rampage+1","Headbutt","Warcry"],"relics":["Burning Blood","Ice Cream","Meat on the Bone"],"potions_floor_usage":[7,10],"damage_taken":[{"damage":12,"enemies":"Small Slimes","floor":1,"turns":4},{"damage":5,"enemies":"Cultist","floor":4,"turns":5},{"damage":0,"enemies":"2 Louse","floor":5,"turns":2},{"damage":60,"enemies":"3 Sentries","floor":7,"turns":8},{"damage":34,"enemies":"Lots of Slimes","floor":8,"turns":4},{"damage":30,"enemies":"Lagavulin","floor":10,"turns":3}],"seed_played":"1371036129228510055","potions_obtained":[{"floor":1,"key":"PowerPotion"},{"floor":4,"key":"Fire Potion"}],"is_trial":false,"path_per_floor":["M","?","$","M","M","R","E","M","T","E"],"character_chosen":"IRONCLAD","items_purchased":[],"campfire_rested":0,"item_purchase_floors":[],"current_hp_per_floor":[74,74,74,79,80,80,30,11,11,0],"gold":197,"neow_bonus":"THREE_RARE_CARDS","is_prod":false,"is_daily":false,"chose_seed":false,"campfire_upgraded":1,"win_rate":0,"timestamp":1557441427,"path_taken":["M","?","$","M","?","R","E","M","T","E"],"build_version":"2019-01-23","purchased_purges":1,"victory":false,"max_hp_per_floor":[80,80,80,80,80,80,80,80,80,80],"card_choices":[{"not_picked":["Impervious","Fiend Fire"],"picked":"Reaper","floor":0},{"not_picked":["Second Wind","Warcry"],"picked":"Rampage","floor":1},{"not_picked":["Cleave","Intimidate"],"picked":"Headbutt","floor":4},{"not_picked":["Body Slam","Anger","Flex"],"picked":"SKIP","floor":5},{"not_picked":["Ghostly Armor","Rupture"],"picked":"Warcry","floor":7},{"not_picked":["Flex","Corruption","Clothesline"],"picked":"SKIP","floor":8}],"player_experience":485572,"relics_obtained":[{"floor":7,"key":"Ice Cream"},{"floor":9,"key":"Meat on the Bone"}],"event_choices":[{"cards_removed":["Shame"],"damage_healed":0,"gold_gain":0,"player_choice":"Removed Curses","damage_taken":0,"max_hp_gain":0,"max_hp_loss":0,"event_name":"Fountain of Cleansing","floor":2,"gold_loss":0}],"is_beta":false,"boss_relics":[],"items_purged_floors":[3],"is_endless":false,"potions_floor_spawned":[1,4],"killed_by":"Lagavulin","ascension_level":3}