{"gold_per_floor":[369,369,7,7,23,67,67,108,108,146,27,27,41,41,41,41],"floor_reached":16,"playtime":1178,"items_purged":["Strike_B"],"score":197,"play_id":"7b7bad15-8c46-416c-9f77-7b46dc28dc82","local_time":"20190628165143","is_ascension_mode":true,"campfire_choices":[{"floor":7,"key":"REST"},{"floor":12,"key":"REST"},{"data":"Go for the Eyes","floor":15,"key":"SMITH"}],"neow_cost":"TEN_PERCENT_HP_LOSS","seed_source_timestamp":79676383258051,"circlet_count":0,"master_deck":["AscendersBane","Strike_B","Strike_B","Strike_B","Defend_B","Defend_B","Defend_B","Defend_B","Zap","Dualcast","Ball Lightning","Gash","Ball Lightning","Go for the Eyes+1","Conserve Battery","Compile Driver","Core Surge"],"relics":["Cracked Core","Golden Idol","Kunai","FaceOfCleric","The Courier","Happy Flower","Matryoshka","Bag of Preparation","Orichalcum"],"potions_floor_usage":[],"damage_taken":[{"damage":2,"enemies":"Jaw Worm","floor":1,"turns":3},{"damage":1,"enemies":"2 Louse","floor":5,"turns":2},{"damage":34,"enemies":"3 Sentries","floor":6,"turns":6},{"damage":22,"enemies":"Lagavulin","floor":8,"turns":5},{"damage":22,"enemies":"Gremlin Nob","floor":10,"turns":4},{"damage":0,"enemies":"Cultist","floor":13,"turns":3},{"damage":23,"enemies":"Hexaghost","floor":16,"turns":9}],"seed_played":"-1419991693335555158","potions_obtained":[{"floor":10,"key":"Energy Potion"}],"is_trial":false,"path_per_floor":["M","?","$","?","M","E","R","E","T","E","$","R","M","?","R","B"],"character_chosen":"DEFECT","items_purchased":["Kunai","Gash","Orichalcum"],"campfire_rested":2,"item_purchase_floors":[3,3,11],"current_hp_per_floor":[62,59,59,59,59,26,44,23,23,2,2,20,21,21,21,0],"gold":41,"neow_bonus":"TWO_FIFTY_GOLD","is_prod":false,"is_daily":false,"chose_seed":false,"campfire_upgraded":1,"win_rate":0,"timestamp":1561765903,"path_taken":["M","?","$","?","M","E","R","E","T","E","$","R","?","?","R","BOSS"],"build_version":"2019-01-23","purchased_purges":1,"victory":false,"max_hp_per_floor":[64,59,59,59,60,61,61,62,62,63,63,63,64,64,64,64],"card_choices":[{"not_picked":["Sweeping Beam","Static Discharge"],"picked":"Ball Lightning","floor":1},{"not_picked":["Sweeping Beam","Conserve Battery"],"picked":"Ball Lightning","floor":5},{"not_picked":["Steam Power","Blizzard"],"picked":"Go for the Eyes","floor":6},{"not_picked":["Auto Shields","Rebound"],"picked":"Conserve Battery","floor":8},{"not_picked":["Sweeping Beam","Storm"],"picked":"Compile Driver","floor":10},{"not_picked":["Beam Cell","Sunder"],"picked":"Core Surge","floor":13}],"player_experience":1364446,"relics_obtained":[{"floor":6,"key":"The Courier"},{"floor":8,"key":"Happy Flower"},{"floor":9,"key":"Matryoshka"},{"floor":10,"key":"Bag of Preparation"}],"event_choices":[{"damage_healed":0,"gold_gain":0,"player_choice":"Lose Max HP","damage_taken":0,"relics_obtained":["Golden Idol"],"max_hp_gain":0,"max_hp_loss":5,"event_name":"Golden Idol","floor":2,"gold_loss":0},{"damage_healed":0,"gold_gain":0,"player_choice":"Trade","damage_taken":0,"relics_obtained":["FaceOfCleric"],"max_hp_gain":0,"max_hp_loss":0,"event_name":"FaceTrader","floor":4,"gold_loss":0},{"damage_healed":0,"gold_gain":0,"player_choice":"Leave","damage_taken":0,"max_hp_gain":0,"max_hp_loss":0,"event_name":"The Cleric","floor":14,"gold_loss":0}],"is_beta":false,"boss_relics":[],"items_purged_floors":[3],"is_endless":false,"potions_floor_spawned":[10],"killed_by":"Hexaghost","ascension_level":14}