{"gold_per_floor":[117,133,408,418,429,429,429,463,502,514,543,555,596,626,638,650],"floor_reached":16,"playtime":1118,"items_purged":[],"score":179,"play_id":"81786803-bd6c-476c-85f4-2c479c3f024b","local_time":"20181225094418","is_ascension_mode":true,"campfire_choices":[{"data":"True Grit","floor":6,"key":"SMITH"},{"data":"Body Slam","floor":10,"key":"SMITH"},{"floor":15,"key":"REST"}],"neow_cost":"NONE","seed_source_timestamp":161385015363117,"circlet_count":0,"master_deck":["AscendersBane","Strike_R","Strike_R","Strike_R","Strike_R","Strike_R","Defend_R","Defend_R","Defend_R","Defend_R","Bash","Rampage","True Grit+1","Regret","Body Slam+1","Headbutt","Spot Weakness","Flame Barrier","Immolate"],"relics":["Burning Blood","NeowsBlessing","PreservedInsect","MawBank","Omamori","Frozen Egg 2"],"potions_floor_usage":[13,13,16],"damage_taken":[{"damage":0,"enemies":"Jaw Worm","floor":1,"turns":1},{"damage":0,"enemies":"Cultist","floor":2,"turns":1},{"damage":0,"enemies":"2 Louse","floor":4,"turns":1},{"damage":9,"enemies":"Exordium Wildlife","floor":5,"turns":4},{"damage":28,"enemies":"Gremlin Nob","floor":8,"turns":5},{"damage":2,"enemies":"2 Fungi Beasts","floor":11,"turns":4},{"damage":39,"enemies":"Lagavulin","floor":13,"turns":7},{"damage":16,"enemies":"Gremlin Gang","floor":14,"turns":4},{"damage":0,"enemies":"Slime Boss","floor":16,"turns":3}],"seed_played":"1833464409787264656","potions_obtained":[{"floor":4,"key":"AttackPotion"},{"floor":5,"key":"Strength Potion"},{"floor":13,"key":"Poison Potion"}],"is_trial":false,"path_per_floor":["M","M","?","M","M","R","?","E","T","R","M","$","E","M","R","B"],"character_chosen":"IRONCLAD","items_purchased":[],"campfire_rested":1,"item_purchase_floors":[],"current_hp_per_floor":[78,80,80,80,77,77,70,48,48,48,52,52,19,9,33,33],"gold":650,"neow_bonus":"THREE_ENEMY_KILL","is_prod":false,"is_daily":false,"chose_seed":false,"campfire_upgraded":2,"win_rate":0,"timestamp":1545759858,"path_taken":["M","M","?","M","?","R","?","E","T","R","M","$","E","M","R","BOSS"],"build_version":"2018-12-20","purchased_purges":0,"victory":false,"max_hp_per_floor":[80,80,80,80,80,80,80,80,80,80,80,80,80,80,80,80],"card_choices":[{"not_picked":["Heavy Blade","True Grit"],"picked":"Rampage","floor":1},{"not_picked":["Sever Soul","Anger"],"picked":"True Grit","floor":2},{"not_picked":["Armaments","Sword Boomerang"],"picked":"Body Slam","floor":4},{"not_picked":["Clash","Thunderclap"],"picked":"Headbutt","floor":5},{"not_picked":["Dual Wield","Reckless Charge"],"picked":"Spot Weakness","floor":8},{"not_picked":["Sword Boomerang","Rupture"],"picked":"Flame Barrier","floor":11},{"not_picked":["Hemokinesis","Corruption"],"picked":"Immolate","floor":13},{"not_picked":["Pommel Strike","Cleave","Rupture+1"],"picked":"SKIP","floor":14}],"player_experience":538275,"relics_obtained":[{"floor":8,"key":"MawBank"},{"floor":9,"key":"Omamori"},{"floor":13,"key":"Frozen Egg 2"}],"event_choices":[{"damage_healed":0,"gold_gain":275,"player_choice":"Desecrate","damage_taken":0,"max_hp_gain":0,"max_hp_loss":0,"event_name":"Golden Shrine","floor":3,"gold_loss":0,"cards_obtained":["Regret"]},{"damage_healed":0,"gold_gain":0,"player_choice":"Success","damage_taken":7,"relics_obtained":["PreservedInsect"],"max_hp_gain":0,"max_hp_loss":0,"event_name":"Scrap Ooze","floor":7,"gold_loss":0}],"is_beta":false,"boss_relics":[],"items_purged_floors":[],"is_endless":false,"potions_floor_spawned":[4,5,8,13],"killed_by":"Slime Boss","ascension_level":12}