{"gold_per_floor":[115,42,42,117,127,127,162,162,162,181,241,241,241,264,264,384,384,400,65,78,78,78,78],"floor_reached":23,"playtime":1379,"items_purged":[],"score":284,"play_id":"4cb1602c-c53e-4457-9d94-8c234970438f","local_time":"20190711222619","is_ascension_mode":true,"campfire_choices":[{"data":"Shrug It Off","floor":6,"key":"SMITH"},{"data":"Barricade","floor":8,"key":"SMITH"},{"data":"Metallicize","floor":12,"key":"SMITH"},{"data":"Defend_R","floor":15,"key":"SMITH"}],"neow_cost":"CURSE","seed_source_timestamp":2254008112799300,"circlet_count":0,"master_deck":["Strike_R","Strike_R","Strike_R","Strike_R","Defend_R","Defend_R","Defend_R+1","Bash","Twin Strike","Infernal Blade","Shrug It Off+1","Metallicize+1","Clash","Barricade+1","Fire Breathing","Impervious","Body Slam","Armaments","J.A.X."],"relics":["Burning Blood","FossilizedHelix","Juzu Bracelet","Golden Idol","Philosopher\u0027s Stone","Paper Frog"],"potions_floor_usage":[10,16,23,23],"damage_taken":[{"damage":1,"enemies":"Cultist","floor":1,"turns":3},{"damage":2,"enemies":"Small Slimes","floor":5,"turns":3},{"damage":47,"enemies":"Lagavulin","floor":7,"turns":7},{"damage":0,"enemies":"Jaw Worm","floor":10,"turns":4},{"damage":0,"enemies":"2 Fungi Beasts","floor":14,"turns":4},{"damage":0,"enemies":"The Guardian","floor":16,"turns":10},{"damage":12,"enemies":"Shell Parasite","floor":18,"turns":6},{"damage":12,"enemies":"2 Thieves","floor":20,"turns":5},{"damage":54,"enemies":"Slavers","floor":23,"turns":6}],"seed_played":"2617026520412428773","potions_obtained":[{"floor":1,"key":"BloodPotion"},{"floor":7,"key":"Strength Potion"},{"floor":20,"key":"EntropicBrew"}],"is_trial":false,"path_per_floor":["M","$","?","?","M","R","E","R","T","M","?","R","?","M","R","B",null,"M","$","M","?","?","E"],"character_chosen":"IRONCLAD","items_purchased":["Metallicize","Body Slam","Armaments","Paper Frog"],"campfire_rested":0,"item_purchase_floors":[2,19,19,19],"current_hp_per_floor":[80,80,80,69,73,73,32,32,32,58,58,58,38,44,44,50,80,74,74,68,52,52,0],"gold":78,"neow_bonus":"TRANSFORM_TWO_CARDS","is_prod":false,"is_daily":false,"chose_seed":false,"campfire_upgraded":4,"win_rate":0,"timestamp":1562909179,"path_taken":["M","$","?","?","M","R","E","R","T","M","?","R","?","M","R","BOSS","M","$","M","?","?","E"],"build_version":"2019-07-05","purchased_purges":0,"victory":false,"max_hp_per_floor":[80,80,80,80,80,80,80,80,80,80,80,80,80,80,80,80,80,80,80,80,80,80,80],"card_choices":[{"not_picked":["Warcry","Twin Strike"],"picked":"Shrug It Off","floor":1},{"not_picked":["Carnage","Wild Strike"],"picked":"Clash","floor":5},{"not_picked":["Clothesline","Hemokinesis"],"picked":"Barricade","floor":7},{"not_picked":["Fire Breathing","Evolve","Thunderclap"],"picked":"SKIP","floor":10},{"not_picked":["Twin Strike","Wild Strike"],"picked":"Fire Breathing","floor":14},{"not_picked":["Exhume","Feed"],"picked":"Impervious","floor":16},{"not_picked":["Clothesline","Havoc","Second Wind"],"picked":"SKIP","floor":18},{"not_picked":["Cleave","Fire Breathing","Perfected Strike"],"picked":"SKIP","floor":20}],"player_experience":642101,"relics_obtained":[{"floor":7,"key":"FossilizedHelix"},{"floor":9,"key":"Juzu Bracelet"}],"event_choices":[{"cards_removed":["Writhe"],"damage_healed":0,"gold_gain":0,"player_choice":"Forget","damage_taken":0,"max_hp_gain":0,"max_hp_loss":0,"event_name":"Living Wall","floor":3,"gold_loss":0},{"damage_healed":0,"gold_gain":75,"player_choice":"Gather Gold","damage_taken":11,"max_hp_gain":0,"max_hp_loss":0,"event_name":"World of Goop","floor":4,"gold_loss":0},{"damage_healed":0,"gold_gain":60,"player_choice":"Gained Gold","damage_taken":0,"max_hp_gain":0,"max_hp_loss":0,"event_name":"Golden Wing","floor":11,"gold_loss":0},{"damage_healed":0,"gold_gain":0,"player_choice":"Take Damage","damage_taken":20,"relics_obtained":["Golden Idol"],"max_hp_gain":0,"max_hp_loss":0,"event_name":"Golden Idol","floor":13,"gold_loss":0},{"damage_healed":0,"gold_gain":0,"player_choice":"Obtained Book","damage_taken":16,"max_hp_gain":0,"max_hp_loss":0,"event_name":"Cursed Tome","floor":21,"gold_loss":0},{"damage_healed":0,"gold_gain":0,"player_choice":"Obtain J.A.X.","damage_taken":0,"max_hp_gain":0,"max_hp_loss":0,"event_name":"Drug Dealer","floor":22,"gold_loss":0,"cards_obtained":["J.A.X."]}],"is_beta":false,"boss_relics":[{"not_picked":["Snecko Eye","Velvet Choker"],"picked":"Philosopher\u0027s Stone"}],"items_purged_floors":[],"is_endless":false,"potions_floor_spawned":[1,7,20],"killed_by":"Slavers","ascension_level":4}