{"gold_per_floor":[210,210,227,227,240,266,266,300,300,323,341,356,531,545,545,641,641,657,657,235,247,162,162],"floor_reached":23,"playtime":1982,"items_purged":["Doubt"],"score":236,"play_id":"3e624eb5-2058-4501-9170-4b6935d724f8","local_time":"20190619224801","is_ascension_mode":true,"campfire_choices":[{"data":"Armaments","floor":7,"key":"SMITH"},{"floor":15,"key":"REST"}],"neow_cost":"NONE","seed_source_timestamp":140128389288963,"circlet_count":0,"master_deck":["Defend_R","Defend_R","Defend_R","Defend_R","Armaments+1","Feel No Pain","Cleave","Metallicize","Anger","Rage","Inflame","Metallicize","Bite","Bite","Bite","Bite","Bite"],"relics":["Burning Blood","Bottled Tornado","Peace Pipe","Girya","Centennial Puzzle","Orrery","Toy Ornithopter","Orichalcum","Juzu Bracelet"],"potions_floor_usage":[6,16,16],"damage_taken":[{"damage":4,"enemies":"2 Louse","floor":1,"turns":4},{"damage":3,"enemies":"Cultist","floor":3,"turns":5},{"damage":6,"enemies":"Small Slimes","floor":5,"turns":4},{"damage":19,"enemies":"3 Sentries","floor":6,"turns":7},{"damage":34,"enemies":"Lagavulin","floor":8,"turns":12},{"damage":2,"enemies":"Blue Slaver","floor":11,"turns":6},{"damage":6,"enemies":"Looter","floor":12,"turns":3},{"damage":12,"enemies":"3 Louse","floor":14,"turns":3},{"damage":54,"enemies":"Hexaghost","floor":16,"turns":12},{"damage":46,"enemies":"3 Byrds","floor":18,"turns":6},{"damage":4,"enemies":"Chosen","floor":21,"turns":7},{"damage":70,"enemies":"Slavers","floor":23,"turns":6}],"seed_played":"-5813639243589806721","potions_obtained":[{"floor":1,"key":"Strength Potion"},{"floor":11,"key":"SpeedPotion"},{"floor":12,"key":"LiquidBronze"},{"floor":14,"key":"FearPotion"},{"floor":16,"key":"Block Potion"}],"is_trial":false,"path_per_floor":["M","?","M","?","M","E","R","E","T","T","M","M","?","M","R","B",null,"M","?","$","M","?","E"],"character_chosen":"IRONCLAD","items_purchased":["Toy Ornithopter","Orichalcum"],"campfire_rested":1,"item_purchase_floors":[20,20],"current_hp_per_floor":[80,80,80,80,80,67,67,39,39,39,43,43,43,37,61,13,80,40,40,40,56,56,0],"gold":162,"neow_bonus":"HUNDRED_GOLD","is_prod":false,"is_daily":false,"chose_seed":false,"campfire_upgraded":1,"win_rate":0,"timestamp":1561002481,"path_taken":["M","?","?","?","M","E","R","E","T","?","M","M","?","M","R","BOSS","M","?","$","M","?","E"],"build_version":"2019-01-23","purchased_purges":1,"victory":false,"max_hp_per_floor":[80,80,80,80,80,80,80,80,80,80,80,80,80,80,80,80,80,80,56,56,56,56,56],"card_choices":[{"not_picked":["Shockwave","Clothesline"],"picked":"Armaments","floor":1},{"not_picked":["Warcry","Infernal Blade","Clash"],"picked":"SKIP","floor":3},{"not_picked":["Uppercut","Ghostly Armor"],"picked":"Cleave","floor":5},{"not_picked":["Combust","Thunderclap","Havoc"],"picked":"SKIP","floor":6},{"not_picked":["Ghostly Armor","True Grit"],"picked":"Metallicize","floor":8},{"not_picked":["Perfected Strike","Whirlwind","Power Through"],"picked":"SKIP","floor":11},{"not_picked":["Body Slam","Dropkick","Searing Blow"],"picked":"SKIP","floor":12},{"not_picked":["Second Wind","Pommel Strike"],"picked":"Anger","floor":14},{"not_picked":["Searing Blow","Armaments"],"picked":"Rage","floor":17},{"not_picked":["Pommel Strike","Clothesline"],"picked":"Inflame","floor":17},{"not_picked":["Perfected Strike","Sword Boomerang"],"picked":"Metallicize","floor":18},{"not_picked":["Wild Strike","Warcry","Sword Boomerang"],"picked":"SKIP","floor":21}],"player_experience":131993,"relics_obtained":[{"floor":6,"key":"Bottled Tornado"},{"floor":8,"key":"Peace Pipe"},{"floor":9,"key":"Girya"},{"floor":10,"key":"Centennial Puzzle"}],"event_choices":[{"damage_healed":0,"gold_gain":0,"cards_transformed":["Bash"],"player_choice":"Transformed","damage_taken":0,"max_hp_gain":0,"max_hp_loss":0,"event_name":"Transmorgrifier","floor":2,"gold_loss":0,"cards_obtained":["Feel No Pain"]},{"damage_healed":0,"gold_gain":0,"player_choice":"Ignored","damage_taken":0,"max_hp_gain":0,"max_hp_loss":0,"event_name":"Golden Wing","floor":4,"gold_loss":0},{"damage_healed":0,"gold_gain":175,"player_choice":"AGREE","damage_taken":0,"max_hp_gain":0,"max_hp_loss":0,"event_name":"Liars Game","floor":13,"gold_loss":0,"cards_obtained":["Doubt"]},{"damage_healed":0,"gold_gain":0,"player_choice":"Became a vampire","damage_taken":0,"max_hp_gain":0,"max_hp_loss":24,"event_name":"Vampires","floor":19,"gold_loss":0,"cards_obtained":["Bite","Bite","Bite","Bite","Bite"]},{"damage_healed":0,"gold_gain":0,"player_choice":"Obtained Relic","damage_taken":0,"relics_obtained":["Juzu Bracelet"],"max_hp_gain":0,"max_hp_loss":0,"event_name":"Addict","floor":22,"gold_loss":85}],"is_beta":false,"boss_relics":[{"not_picked":["Fusion Hammer","Calling Bell"],"picked":"Orrery"}],"items_purged_floors":[20],"is_endless":false,"potions_floor_spawned":[1,11,12,14,16],"killed_by":"Slavers","ascension_level":1}