{"gold_per_floor":[368,384,394,36,55,55,81,101,125,139,41,75,75,104,104,181,181,197,197,212,229,242,242,258,274,274,274],"floor_reached":27,"playtime":1515,"items_purged":["Strike_B"],"score":491,"play_id":"911c3493-3935-4275-a8b5-dc3e686fbcc0","local_time":"20190702220334","is_ascension_mode":true,"campfire_choices":[{"data":"Zap","floor":6,"key":"SMITH"},{"floor":13,"key":"REST"},{"data":"Redo","floor":15,"key":"SMITH"},{"data":"Echo Form","floor":23,"key":"SMITH"}],"neow_cost":"TEN_PERCENT_HP_LOSS","seed_source_timestamp":443633328465631,"circlet_count":0,"master_deck":["AscendersBane","Strike_B","Strike_B","Strike_B","Defend_B","Defend_B","Defend_B","Defend_B","Zap+1","Dualcast","Cold Snap","Gash","Glacier","Sunder+1","Doom and Gloom+1","Streamline+1","Rebound+1","Conserve Battery","Gash+1","Beam Cell+1","Redo+1","Echo Form+1","Auto Shields","Capacitor","Conserve Battery","Gash+1","Fission","Aggregate"],"relics":["Cracked Core","Molten Egg 2","Unceasing Top","Blood Vial","Strawberry","Ancient Tea Set","Runic Dome","Lantern"],"potions_floor_usage":[7,16,20],"damage_taken":[{"damage":2,"enemies":"Jaw Worm","floor":1,"turns":3},{"damage":0,"enemies":"Cultist","floor":2,"turns":3},{"damage":2,"enemies":"2 Louse","floor":3,"turns":3},{"damage":10,"enemies":"Large Slime","floor":5,"turns":6},{"damage":17,"enemies":"Lagavulin","floor":7,"turns":5},{"damage":12,"enemies":"Exordium Wildlife","floor":8,"turns":2},{"damage":4,"enemies":"Looter","floor":10,"turns":3},{"damage":11,"enemies":"3 Sentries","floor":12,"turns":4},{"damage":6,"enemies":"Gremlin Nob","floor":14,"turns":3},{"damage":0,"enemies":"Slime Boss","floor":16,"turns":5},{"damage":7,"enemies":"Shell Parasite","floor":18,"turns":2},{"damage":2,"enemies":"3 Byrds","floor":20,"turns":3},{"damage":11,"enemies":"Centurion and Healer","floor":21,"turns":6},{"damage":9,"enemies":"Snake Plant","floor":22,"turns":5},{"damage":18,"enemies":"Chosen and Byrds","floor":24,"turns":5},{"damage":0,"enemies":"Snecko","floor":25,"turns":3},{"damage":38,"enemies":"Gremlin Leader","floor":27,"turns":6}],"seed_played":"-7769475429783344887","potions_obtained":[{"floor":2,"key":"Regen Potion"},{"floor":3,"key":"GamblersBrew"},{"floor":8,"key":"Energy Potion"},{"floor":16,"key":"Energy Potion"},{"floor":20,"key":"PowerPotion"},{"floor":21,"key":"EntropicBrew"}],"is_trial":false,"path_per_floor":["M","M","M","$","M","R","E","M","T","M","$","E","R","E","R","B",null,"M","?","M","M","M","R","M","M","T","E"],"character_chosen":"DEFECT","items_purchased":["Molten Egg 2","Sunder+1","Gash+1","Fire Potion"],"campfire_rested":1,"item_purchase_floors":[4,4,11,11],"current_hp_per_floor":[62,62,60,60,50,50,47,35,35,33,33,31,52,48,48,50,66,61,61,61,52,45,45,29,31,31,0],"gold":274,"neow_bonus":"TWO_FIFTY_GOLD","is_prod":false,"is_daily":false,"chose_seed":false,"campfire_upgraded":3,"win_rate":0,"timestamp":1562130214,"path_taken":["M","M","M","$","M","R","E","M","T","M","$","E","R","E","R","BOSS","M","?","?","?","M","R","M","M","T","E"],"build_version":"2019-07-01","purchased_purges":1,"victory":false,"max_hp_per_floor":[64,64,64,64,64,64,64,64,64,64,64,71,71,71,71,71,71,71,71,71,71,71,71,71,71,71,71],"card_choices":[{"not_picked":["Streamline","Self Repair"],"picked":"Cold Snap","floor":1},{"not_picked":["Chaos","Rebound"],"picked":"Gash","floor":2},{"not_picked":["Go for the Eyes","Loop"],"picked":"Glacier","floor":3},{"not_picked":["Sweeping Beam+1","Beam Cell+1"],"picked":"Doom and Gloom+1","floor":5},{"not_picked":["Hello World","Barrage+1"],"picked":"Streamline+1","floor":7},{"not_picked":["Melter+1","Barrage+1"],"picked":"Rebound+1","floor":8},{"not_picked":["Turbo","Melter+1"],"picked":"Conserve Battery","floor":10},{"not_picked":["Coolheaded","Hello World"],"picked":"Beam Cell+1","floor":12},{"not_picked":["White Noise","Barrage+1"],"picked":"Redo","floor":14},{"not_picked":["Fission","Biased Cognition"],"picked":"Echo Form","floor":16},{"not_picked":["Sweeping Beam+1","Barrage+1"],"picked":"Auto Shields","floor":18},{"not_picked":["Coolheaded","Fission"],"picked":"Capacitor","floor":20},{"not_picked":["Turbo+1","Sweeping Beam+1"],"picked":"Conserve Battery","floor":21},{"not_picked":["Compile Driver+1","Turbo"],"picked":"Gash+1","floor":22},{"not_picked":["Rebound+1","Coolheaded"],"picked":"Fission","floor":24},{"not_picked":["Stack","Turbo"],"picked":"Aggregate","floor":25}],"player_experience":1384470,"relics_obtained":[{"floor":7,"key":"Unceasing Top"},{"floor":9,"key":"Blood Vial"},{"floor":12,"key":"Strawberry"},{"floor":14,"key":"Ancient Tea Set"},{"floor":26,"key":"Lantern"}],"event_choices":[{"damage_healed":0,"gold_gain":0,"player_choice":"Bought 0 Potions","damage_taken":0,"max_hp_gain":0,"max_hp_loss":0,"event_name":"The Woman in Blue","floor":19,"gold_loss":0}],"is_beta":false,"boss_relics":[{"not_picked":["Velvet Choker","Empty Cage"],"picked":"Runic Dome"}],"items_purged_floors":[4],"is_endless":false,"potions_floor_spawned":[2,3,8,16,20,21,25],"killed_by":"Gremlin Leader","ascension_level":14}