{"gold_per_floor":[109,124,144,162,176,176,188,223,223,243,278,378,378,388,388,388],"floor_reached":16,"playtime":1024,"items_purged":[],"score":128,"play_id":"6aeb1471-04b8-4bfb-9a20-714d6ce3d712","local_time":"20190414094001","is_ascension_mode":true,"campfire_choices":[{"data":"Dualcast","floor":6,"key":"SMITH"},{"data":"Chill","floor":13,"key":"SMITH"},{"data":"Redo","floor":15,"key":"SMITH"}],"neow_cost":"NONE","seed_source_timestamp":187640400335251,"circlet_count":0,"master_deck":["Strike_B","Strike_B","Strike_B","Strike_B","Defend_B","Defend_B","Defend_B","Defend_B","Zap","Dualcast+1","Ball Lightning","Cold Snap","Redo+1","Conserve Battery","Coolheaded","Thunder Strike","Chill+1","BootSequence"],"relics":["Cracked Core","Strawberry","Blood Vial","Question Card","Molten Egg 2"],"potions_floor_usage":[16,16,16],"damage_taken":[{"damage":1,"enemies":"Cultist","floor":1,"turns":3},{"damage":3,"enemies":"2 Louse","floor":2,"turns":2},{"damage":2,"enemies":"Jaw Worm","floor":3,"turns":2},{"damage":16,"enemies":"Gremlin Gang","floor":4,"turns":3},{"damage":8,"enemies":"2 Fungi Beasts","floor":5,"turns":3},{"damage":6,"enemies":"Exordium Wildlife","floor":7,"turns":3},{"damage":16,"enemies":"3 Sentries","floor":8,"turns":7},{"damage":0,"enemies":"Blue Slaver","floor":10,"turns":3},{"damage":11,"enemies":"Lagavulin","floor":11,"turns":8},{"damage":4,"enemies":"Looter","floor":14,"turns":3},{"damage":46,"enemies":"Slime Boss","floor":16,"turns":8}],"seed_played":"6509203118470934773","potions_obtained":[{"floor":2,"key":"PowerPotion"},{"floor":4,"key":"Regen Potion"},{"floor":7,"key":"SkillPotion"}],"is_trial":false,"path_per_floor":["M","M","M","M","M","R","M","E","T","M","E","?","R","M","R","B"],"character_chosen":"DEFECT","items_purchased":[],"campfire_rested":0,"item_purchase_floors":[],"current_hp_per_floor":[81,78,76,60,52,52,46,30,30,32,23,23,23,21,21,0],"gold":388,"neow_bonus":"RANDOM_COMMON_RELIC","is_prod":false,"is_daily":false,"chose_seed":false,"campfire_upgraded":3,"win_rate":0,"timestamp":1555260001,"path_taken":["M","M","M","M","M","R","?","E","T","M","E","?","R","M","R","BOSS"],"build_version":"2019-01-23","purchased_purges":0,"victory":false,"max_hp_per_floor":[82,82,82,82,82,82,82,82,82,82,82,82,82,82,82,82],"card_choices":[{"not_picked":["Leap","Turbo"],"picked":"Ball Lightning","floor":1},{"not_picked":["FTL","Skim","Sweeping Beam"],"picked":"SKIP","floor":2},{"not_picked":["Turbo","Hologram"],"picked":"Cold Snap","floor":3},{"not_picked":["Multi-Cast","Skim"],"picked":"Redo","floor":4},{"not_picked":["Chaos","Compile Driver"],"picked":"Conserve Battery","floor":5},{"not_picked":["Beam Cell","Hello World"],"picked":"Coolheaded","floor":7},{"not_picked":["Hello World","Beam Cell","Scrape"],"picked":"SKIP","floor":8},{"not_picked":["Force Field","Reprogram","FTL"],"picked":"Thunder Strike","floor":10},{"not_picked":["BootSequence","Coolheaded","Aggregate"],"picked":"Chill","floor":11},{"not_picked":["Leap","Stack","Consume"],"picked":"BootSequence","floor":14}],"player_experience":177401,"relics_obtained":[{"floor":8,"key":"Blood Vial"},{"floor":9,"key":"Question Card"},{"floor":11,"key":"Molten Egg 2"}],"event_choices":[{"damage_healed":0,"gold_gain":100,"player_choice":"Pray","damage_taken":0,"max_hp_gain":0,"max_hp_loss":0,"event_name":"Golden Shrine","floor":12,"gold_loss":0}],"is_beta":false,"boss_relics":[],"items_purged_floors":[],"is_endless":false,"potions_floor_spawned":[2,4,7,11],"killed_by":"Slime Boss","ascension_level":2}