{"gold_per_floor":[111,78,98,114,289,289,310,310,310,321,340,374,149,179,179,278,278,290,303,303],"floor_reached":20,"playtime":1403,"items_purged":["Doubt"],"score":183,"play_id":"5ecb818f-e59b-4205-8ed6-e579b7b416cd","local_time":"20190704194048","is_ascension_mode":true,"campfire_choices":[{"data":"Poisoned Stab","floor":6,"key":"SMITH"},{"floor":8,"key":"REST"},{"floor":15,"key":"REST"}],"neow_cost":"NONE","seed_source_timestamp":1425482958624786,"circlet_count":0,"master_deck":["Strike_G","Strike_G","Strike_G","Strike_G","Strike_G","Defend_G","Defend_G","Defend_G","Defend_G","Defend_G","Survivor","Neutralize","Backflip","Footwork","Poisoned Stab+1","Dagger Throw","Flying Knee","Backstab","Bouncing Flask","Prepared","Adrenaline","Decay","Writhe","Pain","Terror+1","Backflip+1"],"relics":["Ring of the Snake","NeowsBlessing","Odd Mushroom","Gremlin Horn","Snake Skull","Tiny Chest","Calling Bell","Regal Pillow","Toxic Egg 2","Unceasing Top"],"potions_floor_usage":[7,12,16,20,20],"damage_taken":[{"damage":0,"enemies":"Cultist","floor":1,"turns":1},{"damage":0,"enemies":"2 Louse","floor":3,"turns":1},{"damage":0,"enemies":"Small Slimes","floor":4,"turns":1},{"damage":18,"enemies":"The Mushroom Lair","floor":7,"turns":6},{"damage":0,"enemies":"Blue Slaver","floor":10,"turns":4},{"damage":1,"enemies":"Gremlin Gang","floor":11,"turns":5},{"damage":32,"enemies":"3 Sentries","floor":12,"turns":9},{"damage":17,"enemies":"Hexaghost","floor":16,"turns":8},{"damage":18,"enemies":"Chosen","floor":18,"turns":5},{"damage":10,"enemies":"Spheric Guardian","floor":19,"turns":4},{"damage":44,"enemies":"3 Cultists","floor":20,"turns":5}],"seed_played":"-6641461046181328124","potions_obtained":[{"floor":1,"key":"SkillPotion"},{"floor":7,"key":"Regen Potion"},{"floor":11,"key":"Weak Potion"},{"floor":16,"key":"FearPotion"},{"floor":18,"key":"EssenceOfSteel"},{"floor":19,"key":"Energy Potion"}],"is_trial":false,"path_per_floor":["M","$","M","M","?","R","?","R","T","M","M","E","$","T","R","B",null,"M","M","M"],"character_chosen":"THE_SILENT","items_purchased":["Footwork","Snake Skull"],"campfire_rested":2,"item_purchase_floors":[2,13],"current_hp_per_floor":[70,70,70,70,70,70,52,70,70,70,69,52,52,52,70,53,70,52,42,0],"gold":303,"neow_bonus":"THREE_ENEMY_KILL","is_prod":false,"is_daily":false,"chose_seed":false,"campfire_upgraded":1,"win_rate":0,"timestamp":1562287248,"path_taken":["M","?","M","M","?","R","?","R","T","M","M","E","$","?","R","BOSS","M","?","M"],"build_version":"2019-07-01","purchased_purges":1,"victory":false,"max_hp_per_floor":[70,70,70,70,70,70,70,70,70,70,70,70,70,70,70,70,70,70,70,70],"card_choices":[{"not_picked":["Blade Dance","PiercingWail"],"picked":"Backflip","floor":1},{"not_picked":["Deflect","Dodge and Roll"],"picked":"Poisoned Stab","floor":3},{"not_picked":["Well Laid Plans","Dash"],"picked":"Dagger Throw","floor":4},{"not_picked":["Predator","Slice"],"picked":"Flying Knee","floor":7},{"not_picked":["Expertise","Cloak And Dagger"],"picked":"Backstab","floor":10},{"not_picked":["Poisoned Stab","Catalyst"],"picked":"Bouncing Flask","floor":11},{"not_picked":["Dodge and Roll","Wraith Form v2"],"picked":"Prepared","floor":12},{"not_picked":["Venomology","A Thousand Cuts"],"picked":"Adrenaline","floor":16},{"not_picked":["Dagger Throw","PiercingWail+1"],"picked":"Terror+1","floor":18},{"not_picked":["Acrobatics+1","Dagger Spray"],"picked":"Backflip+1","floor":19}],"player_experience":237766,"relics_obtained":[{"floor":7,"key":"Odd Mushroom"},{"floor":12,"key":"Gremlin Horn"},{"floor":14,"key":"Tiny Chest"},{"floor":17,"key":"Regal Pillow"},{"floor":17,"key":"Toxic Egg 2"},{"floor":17,"key":"Unceasing Top"}],"event_choices":[{"damage_healed":0,"gold_gain":175,"player_choice":"AGREE","damage_taken":0,"max_hp_gain":0,"max_hp_loss":0,"event_name":"Liars Game","floor":5,"gold_loss":0,"cards_obtained":["Doubt"]},{"damage_healed":0,"gold_gain":0,"player_choice":"Fought Mushrooms","damage_taken":0,"max_hp_gain":0,"max_hp_loss":0,"event_name":"Mushrooms","floor":7,"gold_loss":0}],"is_beta":false,"boss_relics":[{"not_picked":["Ectoplasm","Runic Dome"],"picked":"Calling Bell"}],"items_purged_floors":[13],"is_endless":false,"potions_floor_spawned":[1,7,11,16,18,19],"killed_by":"3 Cultists","ascension_level":1}