{"gold_per_floor":[116,116,139,139,152,185,185,216,242,242,266,287,32,32,32,152,152,165,179,59,72,95,95,95],"floor_reached":24,"playtime":1179,"items_purged":[],"score":297,"play_id":"f96b85fd-fdce-470b-b2d0-505cdfe88275","local_time":"20190705105420","is_ascension_mode":true,"campfire_choices":[{"data":"Corruption","floor":7,"key":"SMITH"},{"data":"Juggernaut","floor":10,"key":"SMITH"},{"data":"Feel No Pain","floor":15,"key":"SMITH"},{"data":"Demon Form","floor":23,"key":"SMITH"}],"neow_cost":"NONE","seed_source_timestamp":1416283408272833,"circlet_count":0,"master_deck":["Strike_R","Strike_R","Strike_R","Strike_R","Defend_R","Defend_R","Defend_R","Defend_R","Bash","Corruption+1","Armaments","Feel No Pain+1","Juggernaut+1","Clash","Pummel","Exhume","Shame","Dual Wield","Shrug It Off+1","Infernal Blade","Sentinel","Ghostly Armor+1","Demon Form+1"],"relics":["Burning Blood","NeowsBlessing","Golden Idol","CultistMask","Happy Flower","Potion Belt","Omamori","Bottled Tornado","Calling Bell","Red Skull","Pear","Charon\u0027s Ashes"],"potions_floor_usage":[16,24,24],"damage_taken":[{"damage":0,"enemies":"Jaw Worm","floor":1,"turns":1},{"damage":0,"enemies":"Cultist","floor":3,"turns":1},{"damage":0,"enemies":"2 Louse","floor":5,"turns":1},{"damage":20,"enemies":"Lagavulin","floor":6,"turns":7},{"damage":18,"enemies":"3 Sentries","floor":8,"turns":9},{"damage":0,"enemies":"Large Slime","floor":11,"turns":4},{"damage":38,"enemies":"Exordium Thugs","floor":12,"turns":6},{"damage":0,"enemies":"Slime Boss","floor":16,"turns":7},{"damage":12,"enemies":"Chosen","floor":18,"turns":4},{"damage":12,"enemies":"3 Byrds","floor":19,"turns":3},{"damage":15,"enemies":"3 Cultists","floor":21,"turns":4},{"damage":25,"enemies":"Centurion and Healer","floor":22,"turns":6},{"damage":60,"enemies":"Slavers","floor":24,"turns":3}],"seed_played":"7753046145043045787","potions_obtained":[{"floor":3,"key":"Dexterity Potion"},{"floor":5,"key":"SteroidPotion"},{"floor":11,"key":"PowerPotion"},{"floor":18,"key":"FearPotion"},{"floor":22,"key":"Dexterity Potion"}],"is_trial":false,"path_per_floor":["M","?","M","?","M","E","R","E","T","R","M","M","$","?","R","B",null,"M","M","$","M","M","R","E"],"character_chosen":"IRONCLAD","items_purchased":["Bottled Tornado","Infernal Blade","Sentinel"],"campfire_rested":0,"item_purchase_floors":[13,20,20],"current_hp_per_floor":[80,60,66,66,72,58,58,46,46,46,52,20,20,20,20,26,90,84,78,78,69,50,50,0],"gold":95,"neow_bonus":"THREE_ENEMY_KILL","is_prod":false,"is_daily":false,"chose_seed":false,"campfire_upgraded":4,"win_rate":0,"timestamp":1562349260,"path_taken":["M","?","M","?","?","E","R","E","T","R","M","?","$","?","R","BOSS","M","M","?","M","M","R","E"],"build_version":"2019-07-01","purchased_purges":0,"victory":false,"max_hp_per_floor":[80,80,80,80,80,80,80,80,80,80,80,80,80,80,80,80,90,90,90,90,90,90,90,90],"card_choices":[{"not_picked":["Sword Boomerang","Wild Strike","Whirlwind"],"picked":"SKIP","floor":1},{"not_picked":["Clothesline","Armaments"],"picked":"Corruption","floor":3},{"not_picked":["Heavy Blade","Anger"],"picked":"Armaments","floor":5},{"not_picked":["Warcry","True Grit"],"picked":"Feel No Pain","floor":6},{"not_picked":["Searing Blow","Perfected Strike"],"picked":"Juggernaut","floor":8},{"not_picked":["Heavy Blade","Armaments"],"picked":"Clash","floor":11},{"not_picked":["Heavy Blade","Second Wind"],"picked":"Pummel","floor":12},{"not_picked":["Bludgeon","Juggernaut"],"picked":"Exhume","floor":16},{"not_picked":["Iron Wave","Rampage+1"],"picked":"Dual Wield","floor":18},{"not_picked":["Twin Strike","Havoc+1"],"picked":"Shrug It Off+1","floor":19},{"not_picked":["Clothesline+1","Second Wind"],"picked":"Ghostly Armor+1","floor":21},{"not_picked":["Iron Wave","Sever Soul+1"],"picked":"Demon Form","floor":22}],"player_experience":238827,"relics_obtained":[{"floor":6,"key":"Happy Flower"},{"floor":8,"key":"Potion Belt"},{"floor":9,"key":"Omamori"},{"floor":17,"key":"Red Skull"},{"floor":17,"key":"Pear"},{"floor":17,"key":"Charon\u0027s Ashes"}],"event_choices":[{"damage_healed":0,"gold_gain":0,"player_choice":"Take Damage","damage_taken":20,"relics_obtained":["Golden Idol"],"max_hp_gain":0,"max_hp_loss":0,"event_name":"Golden Idol","floor":2,"gold_loss":0},{"damage_healed":0,"gold_gain":0,"player_choice":"Trade","damage_taken":0,"relics_obtained":["CultistMask"],"max_hp_gain":0,"max_hp_loss":0,"event_name":"FaceTrader","floor":4,"gold_loss":0},{"cards_removed":["Strike_R"],"damage_healed":0,"gold_gain":0,"player_choice":"Offered Basic","damage_taken":0,"max_hp_gain":0,"max_hp_loss":0,"event_name":"Bonfire Elementals","floor":14,"gold_loss":0}],"is_beta":false,"boss_relics":[{"not_picked":["Snecko Eye","Tiny House"],"picked":"Calling Bell"}],"items_purged_floors":[],"is_endless":false,"potions_floor_spawned":[3,5,11,18,22],"killed_by":"Slavers","ascension_level":3}