{"gold_per_floor":[117,117,133,145,155,155,155,155,179,211,230,85,105,123,123,228,228,245,260,260,260,273,273,273],"floor_reached":24,"playtime":2075,"items_purged":[],"score":235,"play_id":"e58cd450-fc83-406b-bc40-15c46db9dffd","local_time":"20190502162711","is_ascension_mode":true,"campfire_choices":[{"floor":6.0,"key":"REST"},{"data":"Inflame","floor":8.0,"key":"SMITH"},{"floor":15.0,"key":"REST"},{"floor":23,"key":"REST"}],"neow_cost":"NONE","seed_source_timestamp":0,"circlet_count":0,"master_deck":["Strike_R","Strike_R","Strike_R","Strike_R","Defend_R","Defend_R","Defend_R","Defend_R","Bash","Rupture","True Grit","Inflame+1","Iron Wave","Armaments","Juggernaut","Bloodletting","Barricade","Dual Wield+1","Power Through","Limit Break","Finesse","Blood for Blood"],"special_seed":0,"relics":["Burning Blood","Pen Nib","Boot","Mango","Strawberry","Busted Crown"],"potions_floor_usage":[],"damage_taken":[{"damage":0.0,"enemies":"Small Slimes","floor":1.0,"turns":4.0},{"damage":10.0,"enemies":"Cultist","floor":3.0,"turns":4.0},{"damage":0.0,"enemies":"2 Louse","floor":4.0,"turns":3.0},{"damage":40.0,"enemies":"Large Slime","floor":5.0,"turns":8.0},{"damage":61.0,"enemies":"Lagavulin","floor":10.0,"turns":9.0},{"damage":17.0,"enemies":"Exordium Thugs","floor":11.0,"turns":5.0},{"damage":4.0,"enemies":"Exordium Wildlife","floor":13.0,"turns":6.0},{"damage":3.0,"enemies":"Lots of Slimes","floor":14.0,"turns":4.0},{"damage":23.0,"enemies":"Slime Boss","floor":16.0,"turns":9.0},{"damage":40,"enemies":"Spheric Guardian","floor":18,"turns":6},{"damage":26,"enemies":"Shell Parasite","floor":19,"turns":6},{"damage":33,"enemies":"Sentry and Sphere","floor":22,"turns":8},{"damage":67,"enemies":"Slavers","floor":24,"turns":4}],"seed_played":"3803119499643659290","potions_obtained":[{"floor":0.0,"key":"Ancient Potion"},{"floor":0.0,"key":"LiquidBronze"},{"floor":0.0,"key":"GamblersBrew"},{"floor":1.0,"key":"AttackPotion"},{"floor":10.0,"key":"SpeedPotion"},{"floor":14.0,"key":"Energy Potion"}],"is_trial":false,"path_per_floor":["M","?","M","M","M","R","?","R","T","E","M","$","M","M","R","B",null,"M","M","?","?","M","R","E"],"character_chosen":"IRONCLAD","items_purchased":["Strawberry"],"campfire_rested":3,"item_purchase_floors":[12],"current_hp_per_floor":[80,73,69,75,41,65,65,65,65,24,13,20,22,25,55,38,101,67,47,47,47,20,50,0],"gold":273,"neow_bonus":"THREE_SMALL_POTIONS","is_prod":false,"is_daily":false,"chose_seed":false,"campfire_upgraded":1,"win_rate":0,"timestamp":1556839631,"path_taken":["M","?","M","M","M","R","?","R","T","E","M","$","M","M","R","BOSS","M","?","?","?","?","R","E"],"build_version":"2019-01-23","purchased_purges":0,"victory":false,"max_hp_per_floor":[80,80,80,80,80,80,80,80,80,94,94,101,101,101,101,101,101,101,101,101,101,101,101,101],"card_choices":[{"not_picked":["Headbutt","Burning Pact"],"picked":"Rupture","floor":1.0},{"not_picked":["Havoc","Seeing Red"],"picked":"True Grit","floor":3.0},{"not_picked":["Twin Strike","Clothesline","Uppercut"],"picked":"SKIP","floor":4.0},{"not_picked":["Pommel Strike","Headbutt"],"picked":"Inflame","floor":5.0},{"not_picked":["Twin Strike","Wild Strike"],"picked":"Iron Wave","floor":10.0},{"not_picked":["Perfected Strike","Headbutt"],"picked":"Armaments","floor":11.0},{"not_picked":["Pummel","Pommel Strike"],"picked":"Juggernaut","floor":13.0},{"not_picked":["Twin Strike","Body Slam"],"picked":"Bloodletting","floor":14.0},{"not_picked":["Demon Form","Dark Embrace"],"picked":"Barricade","floor":16.0},{"not_picked":[],"picked":"Dual Wield+1","floor":18},{"not_picked":[],"picked":"Power Through","floor":19},{"not_picked":[],"picked":"Blood for Blood","floor":22}],"player_experience":431439,"relics_obtained":[{"floor":9.0,"key":"Boot"},{"floor":10.0,"key":"Mango"}],"event_choices":[{"damage_healed":0.0,"max_hp_gain":0.0,"max_hp_loss":0.0,"gold_gain":0.0,"event_name":"Scrap Ooze","player_choice":"Success","floor":2.0,"gold_loss":0.0,"damage_taken":7.0,"relics_obtained":["Pen Nib"]},{"cards_removed":["Strike_R"],"damage_healed":0.0,"max_hp_gain":0.0,"max_hp_loss":0.0,"gold_gain":0.0,"event_name":"Purifier","player_choice":"Purged","floor":7.0,"gold_loss":0.0,"damage_taken":0.0},{"damage_healed":0,"gold_gain":0,"player_choice":"Ignored","damage_taken":0,"max_hp_gain":0,"max_hp_loss":0,"event_name":"Vampires","floor":20,"gold_loss":0},{"damage_healed":0,"gold_gain":0,"player_choice":"2 cards matched","damage_taken":0,"max_hp_gain":0,"max_hp_loss":0,"event_name":"Match and Keep!","floor":21,"gold_loss":0,"cards_obtained":["Limit Break","Finesse"]}],"is_beta":false,"boss_relics":[{"not_picked":["Runic Dome","Empty Cage"],"picked":"Busted Crown"}],"items_purged_floors":[],"is_endless":false,"potions_floor_spawned":[1,4,10,14],"killed_by":"Slavers","ascension_level":1}