{"gold_per_floor":[118,118,43,53,26,26,58,58,58,88,88,88,113,125,137,253,265,297,344,356,384,415,457,469,492,504,516,560,592,604,85,85,183,183,201,218,266,488,588,588,600,929,981,995,995,741,751,751,751,751],"floor_reached":50,"playtime":2992,"items_purged":["Strike_R","Spot Weakness","Strike_R"],"score":882,"play_id":"b7fbe0ca-65e9-45de-bfee-5cbb7f012602","local_time":"20181109091005","is_ascension_mode":true,"campfire_choices":[{"data":"Bash","floor":6,"key":"SMITH"},{"data":"Iron Wave","floor":12,"key":"SMITH"},{"data":"Iron Wave","floor":15,"key":"SMITH"},{"data":"True Grit","floor":24,"key":"SMITH"},{"data":"Limit Break","floor":32,"key":"SMITH"},{"data":"True Grit","floor":40,"key":"SMITH"},{"floor":49,"key":"REST"}],"neow_cost":"NONE","seed_source_timestamp":4807938402791642,"circlet_count":0,"master_deck":["Strike_R","Strike_R","Defend_R","Bash+1","Clash","Clash","Iron Wave+1","Iron Wave+1","Iron Wave","Limit Break+1","Rage","True Grit+1","Shrug It Off+1","Rampage+1","Seeing Red+1","Headbutt+1","True Grit+1","Flex","Deep Breath"],"relics":["Burning Blood","Oddly Smooth Stone","Du-Vu Doll","Incense Burner","Red Skull","MawBank","Runic Pyramid","Red Mask","Nloth\u0027s Gift","Thread and Needle","Shuriken","MutagenicStrength","Bottled Lightning","HandDrill","Vajra","Runic Dome","Pocketwatch","Turnip","Old Coin","Boot"],"potions_floor_usage":[16,16,19,23,25,28,29,37,47,47,50],"damage_taken":[{"damage":0,"enemies":"Jaw Worm","floor":1,"turns":1},{"damage":0,"enemies":"Cultist","floor":4,"turns":1},{"damage":0,"enemies":"3 Sentries","floor":7,"turns":2},{"damage":6,"enemies":"Gremlin Nob","floor":10,"turns":3},{"damage":14,"enemies":"3 Sentries","floor":13,"turns":9},{"damage":17,"enemies":"Hexaghost","floor":16,"turns":6},{"damage":3,"enemies":"Spheric Guardian","floor":18,"turns":4},{"damage":38,"enemies":"Masked Bandits","floor":19,"turns":5},{"damage":10,"enemies":"2 Thieves","floor":21,"turns":4},{"damage":6,"enemies":"3 Cultists","floor":22,"turns":5},{"damage":19,"enemies":"Slavers","floor":23,"turns":6},{"damage":2,"enemies":"Snecko","floor":25,"turns":3},{"damage":8,"enemies":"Book of Stabbing","floor":28,"turns":4},{"damage":0,"enemies":"Snake Plant","floor":29,"turns":3},{"damage":27,"enemies":"Collector","floor":33,"turns":8},{"damage":7,"enemies":"3 Shapes","floor":35,"turns":3},{"damage":2,"enemies":"Orb Walker","floor":36,"turns":2},{"damage":9,"enemies":"2 Orb Walkers","floor":37,"turns":5},{"damage":18,"enemies":"Mind Bloom Boss Battle","floor":39,"turns":3},{"damage":0,"enemies":"3 Darklings","floor":41,"turns":6},{"damage":52,"enemies":"Reptomancer","floor":42,"turns":4},{"damage":8,"enemies":"Maw","floor":44,"turns":5},{"damage":0,"enemies":"Spire Growth","floor":47,"turns":3},{"damage":75,"enemies":"Awakened One","floor":50,"turns":7}],"seed_played":"3868271729304434198","potions_obtained":[{"floor":4,"key":"Strength Potion"},{"floor":7,"key":"Dexterity Potion"},{"floor":13,"key":"BloodPotion"},{"floor":18,"key":"Fire Potion"},{"floor":22,"key":"Dexterity Potion"},{"floor":23,"key":"Poison Potion"},{"floor":25,"key":"Energy Potion"},{"floor":36,"key":"Regen Potion"},{"floor":42,"key":"EssenceOfSteel"},{"floor":47,"key":"SpeedPotion"}],"is_trial":false,"path_per_floor":["M","?","$","M","$","R","E","?","T","E","?","R","E","?","R","B",null,"M","?","?","M","M","E","R","M","T","?","E","M","?","$","R","B",null,"M","M","?","?","?","R","M","E","T","M","?","$","M","?","R","B"],"character_chosen":"IRONCLAD","items_purchased":["Iron Wave","HandDrill","Vajra","Power Through","Flex","BloodPotion"],"campfire_rested":1,"item_purchase_floors":[5,31,31,31,46,46],"current_hp_per_floor":[78,78,78,80,80,80,80,80,80,80,68,68,60,53,53,50,73,76,44,44,40,40,27,27,31,31,31,29,35,35,35,35,14,64,63,67,73,73,61,61,67,21,21,19,19,19,33,33,57,0],"gold":751,"neow_bonus":"THREE_ENEMY_KILL","is_prod":false,"is_daily":false,"chose_seed":false,"campfire_upgraded":6,"win_rate":0,"timestamp":1541783405,"path_taken":["M","?","$","?","$","R","E","?","T","E","?","R","E","?","R","BOSS","M","?","?","M","?","E","R","M","T","?","E","M","?","$","R","BOSS","M","M","?","?","?","R","M","E","T","M","?","$","?","?","R","BOSS"],"build_version":"2018-11-08","purchased_purges":3,"victory":false,"max_hp_per_floor":[80,80,80,80,80,80,80,80,80,80,80,80,80,80,80,80,80,80,80,80,80,80,80,80,80,80,80,80,80,80,80,80,80,80,80,80,80,80,80,80,80,80,80,80,80,80,80,80,80,80],"card_choices":[{"not_picked":["Perfected Strike","Feel No Pain"],"picked":"Clash","floor":1},{"not_picked":["Blood for Blood","Anger"],"picked":"Clash","floor":4},{"not_picked":["Blood for Blood","Entrench"],"picked":"Iron Wave","floor":7},{"not_picked":["Ghostly Armor","Twin Strike"],"picked":"Iron Wave","floor":10},{"not_picked":["Bloodletting","Seeing Red"],"picked":"Spot Weakness","floor":13},{"not_picked":["Barricade","Fiend Fire"],"picked":"Limit Break","floor":16},{"not_picked":["Clothesline","Fire Breathing","Perfected Strike"],"picked":"SKIP","floor":18},{"not_picked":["Clothesline","Havoc"],"picked":"Rage","floor":19},{"not_picked":["Metallicize+1","Second Wind"],"picked":"True Grit","floor":21},{"not_picked":["Reaper","Sentinel","Perfected Strike"],"picked":"SKIP","floor":22},{"not_picked":["Limit Break","Pummel","Barricade"],"picked":"SKIP","floor":23},{"not_picked":["Armaments","Wild Strike+1"],"picked":"Shrug It Off+1","floor":25},{"not_picked":["Heavy Blade","Sentinel+1","Rampage+1"],"picked":"SKIP","floor":28},{"not_picked":["Heavy Blade","Sentinel+1"],"picked":"Rampage+1","floor":28},{"not_picked":["Dark Embrace","Rampage","Sword Boomerang"],"picked":"SKIP","floor":29},{"not_picked":["Pommel Strike+1","Bloodletting+1","Sword Boomerang"],"picked":"SKIP","floor":35},{"not_picked":["Twin Strike+1","Power Through+1"],"picked":"Seeing Red+1","floor":36},{"not_picked":["Armaments+1","Exhume"],"picked":"Headbutt+1","floor":37},{"not_picked":["Spot Weakness+1","Warcry+1"],"picked":"True Grit","floor":39},{"not_picked":["Clothesline","Carnage","Iron Wave+1"],"picked":"SKIP","floor":41},{"not_picked":["Entrench+1","Exhume","Sword Boomerang"],"picked":"SKIP","floor":42},{"not_picked":["Clothesline","Sword Boomerang+1","Headbutt+1"],"picked":"SKIP","floor":44},{"not_picked":["Searing Blow+1","Clothesline+1","Sword Boomerang+1"],"picked":"SKIP","floor":47},{"not_picked":["Discovery","PanicButton"],"picked":"Deep Breath","floor":48}],"player_experience":299926,"relics_obtained":[{"floor":7,"key":"Oddly Smooth Stone"},{"floor":9,"key":"Du-Vu Doll"},{"floor":10,"key":"Incense Burner"},{"floor":13,"key":"MawBank"},{"floor":19,"key":"Red Mask"},{"floor":23,"key":"Thread and Needle"},{"floor":26,"key":"Shuriken"},{"floor":28,"key":"Bottled Lightning"},{"floor":37,"key":"Pocketwatch"},{"floor":39,"key":"Turnip"},{"floor":42,"key":"Old Coin"},{"floor":43,"key":"Boot"}],"event_choices":[{"cards_removed":["Defend_R"],"damage_healed":0,"gold_gain":0,"player_choice":"Offered Basic","damage_taken":0,"max_hp_gain":0,"max_hp_loss":0,"event_name":"Bonfire Elementals","floor":2,"gold_loss":0},{"cards_removed":["Strike_R"],"damage_healed":0,"gold_gain":0,"player_choice":"Forget","damage_taken":0,"max_hp_gain":0,"max_hp_loss":0,"event_name":"Living Wall","floor":8,"gold_loss":0},{"damage_healed":0,"gold_gain":0,"player_choice":"Success","damage_taken":12,"relics_obtained":["Red Skull"],"max_hp_gain":0,"max_hp_loss":0,"event_name":"Scrap Ooze","floor":11,"gold_loss":0},{"cards_removed":["Defend_R"],"damage_healed":0,"gold_gain":0,"player_choice":"Card Removal","damage_taken":7,"max_hp_gain":0,"max_hp_loss":0,"event_name":"Golden Wing","floor":14,"gold_loss":0},{"damage_healed":0,"gold_gain":0,"player_choice":"Fought Bandits","damage_taken":0,"max_hp_gain":0,"max_hp_loss":0,"event_name":"Masked Bandits","floor":19,"gold_loss":0},{"damage_healed":0,"gold_gain":0,"player_choice":"Traded Relic","damage_taken":0,"relics_obtained":["Nloth\u0027s Gift"],"max_hp_gain":0,"max_hp_loss":0,"event_name":"N\u0027loth","floor":20,"relics_lost":["NeowsBlessing"],"gold_loss":0},{"damage_healed":0,"gold_gain":0,"player_choice":"Inject Mutagens","damage_taken":0,"relics_obtained":["MutagenicStrength"],"max_hp_gain":0,"max_hp_loss":0,"event_name":"Drug Dealer","floor":27,"gold_loss":0},{"cards_removed":["Defend_R"],"damage_healed":0,"gold_gain":0,"player_choice":"Elegance","damage_taken":0,"max_hp_gain":0,"max_hp_loss":0,"event_name":"Back to Basics","floor":30,"gold_loss":0},{"damage_healed":0,"gold_gain":0,"player_choice":"Fight","damage_taken":0,"max_hp_gain":0,"max_hp_loss":0,"event_name":"Mysterious Sphere","floor":37,"gold_loss":0},{"damage_healed":0,"gold_gain":222,"player_choice":"Wore Mask","damage_taken":0,"max_hp_gain":0,"max_hp_loss":0,"event_name":"Tomb of Lord Red Mask","floor":38,"gold_loss":0},{"damage_healed":0,"gold_gain":0,"player_choice":"Fight","damage_taken":0,"max_hp_gain":0,"max_hp_loss":0,"event_name":"MindBloom","floor":39,"gold_loss":0},{"cards_removed":["Power Through"],"damage_healed":0,"gold_gain":0,"player_choice":"Removed Skill","damage_taken":0,"max_hp_gain":0,"max_hp_loss":0,"event_name":"Falling","floor":45,"gold_loss":0},{"damage_healed":0,"gold_gain":0,"player_choice":"Memory 1","damage_taken":0,"max_hp_gain":0,"max_hp_loss":0,"event_name":"SensoryStone","floor":48,"gold_loss":0}],"is_beta":false,"boss_relics":[{"not_picked":["Velvet Choker","Calling Bell"],"picked":"Runic Pyramid"},{"not_picked":["Coffee Dripper","Fusion Hammer"],"picked":"Runic Dome"}],"items_purged_floors":[3,31,46],"is_endless":false,"potions_floor_spawned":[4,7,13,18,22,23,25,36,42,47],"killed_by":"Awakened One","ascension_level":9}