{"gold_per_floor":[109,11,86,97,97,124,139,139,139,150,150,169,169,200,200,200],"floor_reached":16,"playtime":757,"items_purged":["Strike_R"],"score":203,"play_id":"9f2f9b9c-6f77-4924-9873-311279cbe844","local_time":"20181109193729","is_ascension_mode":true,"campfire_choices":[{"data":"Flex","floor":8,"key":"SMITH"},{"data":"Flex","floor":11,"key":"SMITH"},{"data":"Anger","floor":15,"key":"SMITH"}],"neow_cost":"NONE","seed_source_timestamp":25781772848000,"circlet_count":0,"master_deck":["AscendersBane","Strike_R","Strike_R","Strike_R","Strike_R","Defend_R","Defend_R","Defend_R","Defend_R","Bash","Warcry","Anger+1","Flex+1","Flex+1"],"relics":["Burning Blood","NeowsBlessing","Ornamental Fan","Sundial","Pen Nib"],"potions_floor_usage":[12,14],"damage_taken":[{"damage":0,"enemies":"Cultist","floor":1,"turns":1},{"damage":0,"enemies":"2 Louse","floor":4,"turns":1},{"damage":0,"enemies":"3 Sentries","floor":6,"turns":2},{"damage":18,"enemies":"Small Slimes","floor":7,"turns":4},{"damage":8,"enemies":"Looter","floor":10,"turns":3},{"damage":5,"enemies":"Large Slime","floor":12,"turns":6},{"damage":18,"enemies":"Gremlin Nob","floor":14,"turns":3},{"damage":54,"enemies":"The Guardian","floor":16,"turns":5}],"seed_played":"4989138369236584224","potions_obtained":[{"floor":4,"key":"SpeedPotion"},{"floor":12,"key":"Swift Potion"}],"is_trial":false,"path_per_floor":["M","$","?","M","$","E","M","R","T","M","R","M","?","E","R","B"],"character_chosen":"IRONCLAD","items_purchased":["Anger"],"campfire_rested":0,"item_purchase_floors":[2],"current_hp_per_floor":[78,78,67,73,73,79,67,67,67,65,65,66,66,54,54,0],"gold":200,"neow_bonus":"THREE_ENEMY_KILL","is_prod":false,"is_daily":false,"chose_seed":false,"campfire_upgraded":3,"win_rate":0,"timestamp":1541821049,"path_taken":["M","?","?","M","$","E","M","R","T","M","R","M","?","E","R","BOSS"],"build_version":"2018-11-08","purchased_purges":1,"victory":false,"max_hp_per_floor":[80,80,80,80,80,80,80,80,80,80,80,80,80,80,80,80],"card_choices":[{"not_picked":["Clash","Dropkick"],"picked":"Warcry","floor":1},{"not_picked":["Heavy Blade","Clothesline","Pummel"],"picked":"SKIP","floor":4},{"not_picked":["Clothesline","Iron Wave"],"picked":"Flex","floor":6},{"not_picked":["Shockwave","Perfected Strike","Carnage"],"picked":"SKIP","floor":7},{"not_picked":["Wild Strike","Blood for Blood"],"picked":"Flex","floor":10},{"not_picked":["Perfected Strike","True Grit","Pummel"],"picked":"SKIP","floor":12},{"not_picked":["Headbutt","Metallicize","Havoc"],"picked":"SKIP","floor":14}],"player_experience":322408,"relics_obtained":[{"floor":6,"key":"Ornamental Fan"},{"floor":9,"key":"Sundial"},{"floor":14,"key":"Pen Nib"}],"event_choices":[{"damage_healed":0,"gold_gain":75,"player_choice":"Gather Gold","damage_taken":11,"max_hp_gain":0,"max_hp_loss":0,"event_name":"World of Goop","floor":3,"gold_loss":0},{"damage_healed":0,"gold_gain":0,"player_choice":"Ignored","damage_taken":0,"max_hp_gain":0,"max_hp_loss":0,"event_name":"Golden Idol","floor":13,"gold_loss":0}],"is_beta":false,"boss_relics":[],"items_purged_floors":[2],"is_endless":false,"potions_floor_spawned":[4,12],"killed_by":"The Guardian","ascension_level":10}