{"gold_per_floor":[216,70,70,70,70,70,83,83,107,124,124,134,159,175,175,276,276,264,190,210,210],"floor_reached":21,"playtime":1187,"items_purged":[],"score":179,"play_id":"1fd24b21-dcf6-4c2e-92a3-114fa965acdc","local_time":"20190609224553","is_ascension_mode":false,"campfire_choices":[{"data":"Sweeping Beam","floor":6,"key":"SMITH"},{"data":"Electrodynamics","floor":8,"key":"SMITH"},{"data":"Zap","floor":11,"key":"SMITH"},{"floor":15,"key":"REST"}],"neow_cost":"NONE","seed_source_timestamp":117236534636895,"circlet_count":0,"master_deck":["Strike_B","Strike_B","Strike_B","Strike_B","Defend_B","Defend_B","Defend_B","Defend_B","Zap+1","Dualcast","Sweeping Beam+1","Electrodynamics+1","Pain","Gash","Ball Lightning","Gash","Multi-Cast","FTL","Creative AI","Conserve Battery","Static Discharge"],"relics":["Cracked Core","WarpedTongs","Bag of Preparation","Dead Branch","Runic Pyramid"],"potions_floor_usage":[14,16,18],"damage_taken":[{"damage":2,"enemies":"Small Slimes","floor":1,"turns":4},{"damage":3,"enemies":"Cultist","floor":7,"turns":3},{"damage":9,"enemies":"Jaw Worm","floor":10,"turns":2},{"damage":1,"enemies":"2 Fungi Beasts","floor":12,"turns":2},{"damage":34,"enemies":"Lagavulin","floor":13,"turns":4},{"damage":3,"enemies":"Blue Slaver","floor":14,"turns":2},{"damage":36,"enemies":"Hexaghost","floor":16,"turns":9},{"damage":44,"enemies":"2 Thieves","floor":18,"turns":5},{"damage":29,"enemies":"Spheric Guardian","floor":20,"turns":4},{"damage":10,"enemies":"Shelled Parasite and Fungi","floor":21,"turns":1}],"seed_played":"1057131648661365799","potions_obtained":[{"floor":10,"key":"Regen Potion"},{"floor":12,"key":"Regen Potion"},{"floor":13,"key":"Regen Potion"},{"floor":18,"key":"LiquidBronze"}],"is_trial":false,"path_per_floor":["M","$","?","$","?","R","M","R","T","M","R","M","E","M","R","B",null,"M","$","M","M"],"character_chosen":"DEFECT","items_purchased":["Electrodynamics","Static Discharge"],"campfire_rested":1,"item_purchase_floors":[2,19],"current_hp_per_floor":[73,73,73,73,73,73,70,70,70,61,61,60,26,28,50,19,75,36,36,7,0],"gold":210,"neow_bonus":"HUNDRED_GOLD","is_prod":false,"is_daily":false,"chose_seed":false,"campfire_upgraded":3,"win_rate":0.0,"timestamp":1560138353,"path_taken":["M","$","?","?","?","R","M","R","T","M","R","M","E","M","R","BOSS","M","$","M","M"],"build_version":"2019-01-23","purchased_purges":0,"victory":false,"max_hp_per_floor":[75,75,75,75,75,75,75,75,75,75,75,75,75,75,75,75,75,75,75,75,75],"card_choices":[{"not_picked":["Beam Cell","Force Field"],"picked":"Sweeping Beam","floor":1},{"not_picked":["Scrape","Chill"],"picked":"Gash","floor":7},{"not_picked":["Sweeping Beam","Scrape"],"picked":"Ball Lightning","floor":10},{"not_picked":["Cold Snap","Sweeping Beam"],"picked":"Gash","floor":12},{"not_picked":["Leap","Cold Snap"],"picked":"Multi-Cast","floor":13},{"not_picked":["Chill","Barrage"],"picked":"FTL","floor":14},{"not_picked":["Rainbow","Seek"],"picked":"Creative AI","floor":16},{"not_picked":["Barrage+1","Streamline"],"picked":"Conserve Battery","floor":18},{"not_picked":["Force Field","Go for the Eyes","Aggregate"],"picked":"SKIP","floor":20}],"player_experience":110345,"relics_obtained":[{"floor":9,"key":"Bag of Preparation"},{"floor":13,"key":"Dead Branch"}],"event_choices":[{"damage_healed":0,"gold_gain":0,"player_choice":"Ignored","damage_taken":0,"max_hp_gain":0,"max_hp_loss":0,"event_name":"Purifier","floor":3,"gold_loss":0},{"damage_healed":0,"gold_gain":0,"player_choice":"Rummage","damage_taken":0,"relics_obtained":["WarpedTongs"],"max_hp_gain":0,"max_hp_loss":0,"event_name":"Accursed Blacksmith","floor":5,"gold_loss":0,"cards_obtained":["Pain"]}],"is_beta":false,"boss_relics":[{"not_picked":["Astrolabe","Ectoplasm"],"picked":"Runic Pyramid"}],"items_purged_floors":[],"is_endless":false,"potions_floor_spawned":[10,12,13,18],"killed_by":"Shelled Parasite and Fungi","ascension_level":0}