{"gold_per_floor":[114,131,56,72,72,72,72,72,118,148,162,178,178,4,4,102,102,122,37,37,37],"floor_reached":21,"playtime":1515,"items_purged":["Parasite","Regret"],"score":283,"play_id":"26a79f94-1a2d-4724-aa1d-15ca3f88eae1","local_time":"20181222232101","is_ascension_mode":true,"campfire_choices":[{"data":"Limit Break","floor":6,"key":"SMITH"},{"data":"Shrug It Off","floor":8,"key":"SMITH"},{"data":"Flame Barrier","floor":15,"key":"SMITH"}],"neow_cost":"CURSE","seed_source_timestamp":3491227298853333,"circlet_count":0,"master_deck":["AscendersBane","Strike_R","Strike_R","Strike_R","Strike_R","Strike_R","Defend_R","Defend_R","Defend_R","Defend_R","Bash","Limit Break+1","Shrug It Off+1","Inflame","Heavy Blade+1","Flame Barrier+1","Feed","Shrug It Off+1"],"relics":["Burning Blood","Kunai","Juzu Bracelet","Bird Faced Urn","Coffee Dripper","Gremlin Horn"],"potions_floor_usage":[10],"damage_taken":[{"damage":14,"enemies":"Small Slimes","floor":1,"turns":5},{"damage":6,"enemies":"Cultist","floor":2,"turns":3},{"damage":15,"enemies":"Jaw Worm","floor":4,"turns":6},{"damage":43,"enemies":"3 Sentries","floor":10,"turns":10},{"damage":5,"enemies":"2 Fungi Beasts","floor":11,"turns":5},{"damage":6,"enemies":"Looter","floor":12,"turns":4},{"damage":40,"enemies":"The Guardian","floor":16,"turns":13},{"damage":45,"enemies":"2 Thieves","floor":18,"turns":5},{"damage":42,"enemies":"Chosen","floor":21,"turns":6}],"seed_played":"396465927741830260","potions_obtained":[{"floor":1,"key":"FearPotion"},{"floor":4,"key":"Swift Potion"},{"floor":7,"key":"LiquidBronze"},{"floor":11,"key":"Dexterity Potion"}],"is_trial":false,"path_per_floor":["M","M","$","M","?","R","?","R","T","E","M","M","?","$","R","B",null,"M","?","?","M"],"character_chosen":"IRONCLAD","items_purchased":["Ancient Potion"],"campfire_rested":0,"item_purchase_floors":[14],"current_hp_per_floor":[64,64,64,55,55,55,55,55,55,18,19,21,77,77,77,43,69,32,32,32,0],"gold":37,"neow_bonus":"THREE_RARE_CARDS","is_prod":false,"is_daily":false,"chose_seed":false,"campfire_upgraded":3,"win_rate":0,"timestamp":1545549661,"path_taken":["M","M","$","M","?","R","?","R","T","E","M","M","?","$","R","BOSS","M","?","?","M"],"build_version":"2018-12-20","purchased_purges":2,"victory":false,"max_hp_per_floor":[80,80,77,77,77,77,77,77,77,77,77,77,77,77,77,77,77,77,77,77,77],"card_choices":[{"not_picked":["Brutality","Impervious"],"picked":"Limit Break","floor":0},{"not_picked":["Seeing Red","Sword Boomerang"],"picked":"Shrug It Off","floor":1},{"not_picked":["Clash","Sever Soul"],"picked":"Inflame","floor":2},{"not_picked":["Thunderclap","Shrug It Off"],"picked":"Heavy Blade","floor":4},{"not_picked":["Offering","Spot Weakness"],"picked":"Flame Barrier","floor":10},{"not_picked":["Wild Strike","Twin Strike","Infernal Blade"],"picked":"SKIP","floor":11},{"not_picked":["Body Slam","Havoc"],"picked":"Pummel","floor":12},{"not_picked":["Double Tap","Fiend Fire"],"picked":"Feed","floor":16},{"not_picked":["Heavy Blade","Metallicize"],"picked":"Shrug It Off+1","floor":18}],"player_experience":504406,"relics_obtained":[{"floor":9,"key":"Juzu Bracelet"},{"floor":10,"key":"Bird Faced Urn"}],"event_choices":[{"damage_healed":0,"gold_gain":0,"player_choice":"Box","damage_taken":0,"relics_obtained":["Kunai"],"max_hp_gain":0,"max_hp_loss":0,"event_name":"Big Fish","floor":5,"gold_loss":0,"cards_obtained":["Regret"]},{"damage_healed":0,"gold_gain":0,"player_choice":"Got Potions","damage_taken":0,"max_hp_gain":0,"max_hp_loss":0,"event_name":"Lab","floor":7,"gold_loss":0},{"cards_removed":["Pummel"],"damage_healed":56,"gold_gain":0,"player_choice":"Offered Uncommon","damage_taken":0,"max_hp_gain":0,"max_hp_loss":0,"event_name":"Bonfire Elementals","floor":13,"gold_loss":0},{"damage_healed":0,"gold_gain":0,"player_choice":"Obtained Relic","damage_taken":0,"relics_obtained":["Gremlin Horn"],"max_hp_gain":0,"max_hp_loss":0,"event_name":"Addict","floor":19,"gold_loss":85},{"damage_healed":0,"gold_gain":0,"player_choice":"Upgraded","damage_taken":0,"max_hp_gain":0,"max_hp_loss":0,"event_name":"Upgrade Shrine","floor":20,"gold_loss":0,"cards_upgraded":["Heavy Blade"]}],"is_beta":false,"boss_relics":[{"not_picked":["Empty Cage","Runic Cube"],"picked":"Coffee Dripper"}],"items_purged_floors":[3,14],"is_endless":false,"potions_floor_spawned":[1,4,11],"killed_by":"Chosen","ascension_level":12}