{"gold_per_floor":[14,14,14,34,48,48,80,100,127,127,39,71,17,30,30,30],"floor_reached":16,"playtime":983,"items_purged":[],"score":215,"play_id":"73170f91-568a-408b-b087-e552e1a1806c","local_time":"20190624174235","is_ascension_mode":true,"campfire_choices":[{"data":"Crippling Poison","floor":6,"key":"SMITH"},{"data":"Flying Knee","floor":15,"key":"SMITH"}],"neow_cost":"NO_GOLD","seed_source_timestamp":351890541653740,"circlet_count":0,"master_deck":["AscendersBane","Defend_G","Defend_G+1","Defend_G","Defend_G","Defend_G+1","Strike_G","Strike_G","Strike_G","Strike_G","Strike_G","Survivor","Neutralize","Dagger Throw","Crippling Poison+1","Backstab","Deadly Poison","Dash","Footwork","Terror","Flying Knee+1","Backflip"],"relics":["Ring of the Snake","Ancient Tea Set","War Paint","Oddly Smooth Stone"],"potions_floor_usage":[7,12],"damage_taken":[{"damage":0,"enemies":"Jaw Worm","floor":1,"turns":5},{"damage":4,"enemies":"2 Louse","floor":4,"turns":3},{"damage":5,"enemies":"Small Slimes","floor":5,"turns":4},{"damage":19,"enemies":"Lagavulin","floor":7,"turns":6},{"damage":11,"enemies":"3 Louse","floor":8,"turns":2},{"damage":20,"enemies":"3 Sentries","floor":12,"turns":12},{"damage":0,"enemies":"2 Fungi Beasts","floor":14,"turns":3},{"damage":38,"enemies":"Slime Boss","floor":16,"turns":9}],"seed_played":"5508155588436820436","potions_obtained":[{"floor":4,"key":"Regen Potion"},{"floor":5,"key":"FearPotion"},{"floor":8,"key":"FairyPotion"}],"is_trial":false,"path_per_floor":["M","?","$","M","M","R","E","M","T","?","$","E","$","M","R","B"],"character_chosen":"THE_SILENT","items_purchased":["Footwork","Flying Knee"],"campfire_rested":0,"item_purchase_floors":[11,13],"current_hp_per_floor":[71,76,76,72,67,67,48,37,37,37,37,32,32,32,32,8],"gold":30,"neow_bonus":"TWENTY_PERCENT_HP_BONUS","is_prod":false,"is_daily":false,"chose_seed":false,"campfire_upgraded":2,"win_rate":0,"timestamp":1561423355,"path_taken":["M","?","$","M","M","R","E","M","T","?","$","E","?","M","R","BOSS"],"build_version":"2019-01-23","purchased_purges":0,"victory":false,"max_hp_per_floor":[78,83,83,83,83,83,83,83,83,83,83,83,83,83,83,83],"card_choices":[{"not_picked":["Footwork","Catalyst"],"picked":"Dagger Throw","floor":1},{"not_picked":["Calculated Gamble","Cloak And Dagger"],"picked":"Crippling Poison","floor":4},{"not_picked":["Poisoned Stab","Blade Dance"],"picked":"Backstab","floor":5},{"not_picked":["Cloak And Dagger","PiercingWail"],"picked":"Deadly Poison","floor":7},{"not_picked":["Blade Dance","Reflex"],"picked":"Dash","floor":8},{"not_picked":["Deadly Poison","PiercingWail"],"picked":"Terror","floor":12},{"not_picked":["Finisher","Prepared"],"picked":"Backflip","floor":14}],"player_experience":1311918,"relics_obtained":[{"floor":7,"key":"Ancient Tea Set"},{"floor":9,"key":"War Paint"},{"floor":12,"key":"Oddly Smooth Stone"}],"event_choices":[{"damage_healed":0,"gold_gain":0,"player_choice":"Donut","damage_taken":0,"max_hp_gain":5,"max_hp_loss":0,"event_name":"Big Fish","floor":2,"gold_loss":0},{"damage_healed":0,"gold_gain":0,"player_choice":"Ignored","damage_taken":0,"max_hp_gain":0,"max_hp_loss":0,"event_name":"Shining Light","floor":10,"gold_loss":0}],"is_beta":false,"boss_relics":[],"items_purged_floors":[],"is_endless":false,"potions_floor_spawned":[4,5,8],"killed_by":"Slime Boss","ascension_level":19}