{"gold_per_floor":[112,112,112,167,183,183,210,210,261,276,292,292,292,311,311,414,414,414,339,339,12,12,12,12,12,12,12,12,12,12,12,12,12,12,12,12,12,12,12,12,12,12,12,12,12,12,12,12,12,12],"floor_reached":50,"playtime":3837,"items_purged":[],"score":535,"play_id":"634232f4-76bc-4ba0-9632-307ad53654fe","local_time":"20190516214718","is_ascension_mode":false,"campfire_choices":[{"data":"Seeing Red","floor":6.0,"key":"SMITH"},{"data":"Seeing Red","floor":12.0,"key":"SMITH"},{"data":"Inflame","floor":15.0,"key":"SMITH"},{"floor":29,"key":"REST"},{"floor":32,"key":"REST"},{"data":"Reaper","floor":40,"key":"SMITH"},{"data":"Dark Shackles","floor":46,"key":"SMITH"},{"floor":49,"key":"REST"}],"neow_cost":"NONE","seed_source_timestamp":0,"circlet_count":0,"master_deck":["Strike_R+1","Strike_R+1","Strike_R+1","Strike_R+1","Defend_R+1","Defend_R+1","Defend_R+1","Defend_R+1","Bash+1","Heavy Blade+1","Seeing Red+1","Seeing Red+1","Inflame+1","Headbutt+1","Shrug It Off+1","Impervious+1","Twin Strike+1","Clothesline+1","Anger+1","Carnage+1","Armaments+1","Havoc+1","Cleave+1","Iron Wave+1","Reaper+1","Shrug It Off+1","Ghostly Armor+1","Armaments+1","Dark Shackles+1","Perfected Strike+1"],"special_seed":0,"relics":["Burning Blood","NeowsBlessing","Bottled Lightning","Blood Vial","Lantern","Pen Nib","Ectoplasm","Letter Opener","Red Skull","Omamori","Tiny House","Mark of the Bloom","Calipers"],"potions_floor_usage":[25,25,33],"damage_taken":[{"damage":0.0,"enemies":"Cultist","floor":1.0,"turns":1.0},{"damage":0.0,"enemies":"Small Slimes","floor":5.0,"turns":1.0},{"damage":0.0,"enemies":"Gremlin Nob","floor":7.0,"turns":1.0},{"damage":3.0,"enemies":"Jaw Worm","floor":10.0,"turns":3.0},{"damage":7.0,"enemies":"3 Louse","floor":11.0,"turns":3.0},{"damage":0.0,"enemies":"Exordium Wildlife","floor":14.0,"turns":4.0},{"damage":21.0,"enemies":"Slime Boss","floor":16.0,"turns":9.0},{"damage":5.0,"enemies":"Chosen","floor":18.0,"turns":3.0},{"damage":30.0,"enemies":"2 Thieves","floor":19.0,"turns":5.0},{"damage":36.0,"enemies":"Shelled Parasite and Fungi","floor":20.0,"turns":7.0},{"damage":11.0,"enemies":"Cultist and Chosen","floor":22.0,"turns":5.0},{"damage":23,"enemies":"Book of Stabbing","floor":25,"turns":3},{"damage":0,"enemies":"Snecko","floor":28,"turns":2},{"damage":10,"enemies":"Chosen and Byrds","floor":31,"turns":4},{"damage":57,"enemies":"Champ","floor":33,"turns":9},{"damage":40,"enemies":"3 Darklings","floor":35,"turns":5},{"damage":25,"enemies":"3 Shapes","floor":38,"turns":5},{"damage":47,"enemies":"Sphere and 2 Shapes","floor":47,"turns":7},{"damage":24,"enemies":"Transient","floor":48,"turns":5},{"damage":32,"enemies":"Donu and Deca","floor":50,"turns":5}],"seed_played":"-3560348974381686639","potions_obtained":[{"floor":1.0,"key":"Block Potion"},{"floor":7.0,"key":"Explosive Potion"},{"floor":11.0,"key":"FairyPotion"},{"floor":18.0,"key":"FearPotion"},{"floor":19.0,"key":"LiquidBronze"},{"floor":31,"key":"Poison Potion"},{"floor":34,"key":"Block Potion"}],"is_trial":false,"path_per_floor":["M","T","?","T","M","R","E","?","T","M","M","R","?","M","R","B",null,"M","M","M","$","M","$","?","E","T","$","M","R","?","M","R","B",null,"M","$","?","M","?","R","?","$","T","?","?","R","M","M","R","B"],"character_chosen":"IRONCLAD","items_purchased":["Letter Opener","Carnage"],"campfire_rested":3,"item_purchase_floors":[21,21],"current_hp_per_floor":[80,80,85,85,85,85,85,85,85,85,84,84,84,85,85,70,85,85,61,33,33,30,30,14,15,15,15,23,50,50,48,75,26,95,80,80,80,75,95,95,95,95,95,95,95,95,48,24,24,0],"gold":12,"neow_bonus":"THREE_ENEMY_KILL","is_prod":false,"is_daily":false,"chose_seed":false,"campfire_upgraded":5,"win_rate":0.0,"timestamp":1558061238,"path_taken":["M","?","?","?","M","R","E","?","T","?","M","R","?","M","R","BOSS","M","?","?","$","M","$","?","E","T","$","M","R","?","M","R","BOSS","M","$","?","M","?","R","?","$","T","?","?","R","M","M","R","BOSS"],"build_version":"2019-01-23","purchased_purges":0,"victory":false,"max_hp_per_floor":[80,80,85,85,85,85,85,85,85,85,85,85,85,85,85,85,85,85,85,85,85,85,85,90,90,90,90,90,90,90,90,90,90,95,95,95,95,95,95,95,95,95,95,95,95,95,95,95,95,95],"card_choices":[{"not_picked":["Intimidate","Entrench"],"picked":"Heavy Blade","floor":1.0},{"not_picked":["Shockwave","Anger"],"picked":"Seeing Red","floor":5.0},{"not_picked":["Clash","Evolve"],"picked":"Seeing Red","floor":7.0},{"not_picked":["Clash","Sword Boomerang"],"picked":"Inflame","floor":10.0},{"not_picked":["Anger","Flex"],"picked":"Headbutt","floor":11.0},{"not_picked":["Body Slam","Clash"],"picked":"Shrug It Off","floor":14.0},{"not_picked":["Exhume","Barricade"],"picked":"Impervious","floor":16.0},{"not_picked":["Carnage","Evolve"],"picked":"Twin Strike","floor":18.0},{"not_picked":["Havoc","Warcry"],"picked":"Clothesline+1","floor":19.0},{"not_picked":["Warcry","Seeing Red"],"picked":"Anger","floor":20.0},{"not_picked":["Thunderclap","Heavy Blade"],"picked":"Armaments","floor":22},{"not_picked":["Body Slam","Flex"],"picked":"Havoc+1","floor":25},{"not_picked":["Sever Soul","Clash+1"],"picked":"Cleave","floor":28},{"not_picked":["Flex","Warcry+1"],"picked":"Iron Wave+1","floor":31},{"not_picked":["Juggernaut","Offering"],"picked":"Reaper","floor":33},{"not_picked":["Clothesline+1","Combust+1"],"picked":"Shrug It Off","floor":34},{"not_picked":["Second Wind+1","True Grit+1"],"picked":"Ghostly Armor+1","floor":35},{"not_picked":["Metallicize","Wild Strike+1"],"picked":"Armaments","floor":38},{"not_picked":["Bandage Up","Metamorphosis"],"picked":"Dark Shackles","floor":45},{"not_picked":["Body Slam+1","Clash","Evolve+1"],"picked":"SKIP","floor":47},{"not_picked":["Pommel Strike+1","Feed"],"picked":"Perfected Strike+1","floor":48}],"player_experience":36958,"relics_obtained":[{"floor":2.0,"key":"Bottled Lightning"},{"floor":4.0,"key":"Blood Vial"},{"floor":7.0,"key":"Lantern"},{"floor":9.0,"key":"Pen Nib"},{"floor":25,"key":"Red Skull"},{"floor":26,"key":"Omamori"},{"floor":43,"key":"Calipers"}],"event_choices":[{"damage_healed":0.0,"max_hp_gain":5.0,"max_hp_loss":0.0,"gold_gain":0.0,"event_name":"Big Fish","player_choice":"Donut","floor":3.0,"gold_loss":0.0,"damage_taken":0.0},{"damage_healed":0.0,"max_hp_gain":0.0,"max_hp_loss":0.0,"gold_gain":0.0,"event_name":"Liars Game","player_choice":"Ignored","floor":8.0,"gold_loss":0.0,"damage_taken":0.0},{"damage_healed":0.0,"max_hp_gain":0.0,"max_hp_loss":0.0,"gold_gain":0.0,"event_name":"Upgrade Shrine","player_choice":"Upgraded","floor":13.0,"gold_loss":0.0,"damage_taken":0.0,"cards_upgraded":["Heavy Blade"]},{"damage_healed":0,"gold_gain":0,"player_choice":"Shed Blood","damage_taken":21,"max_hp_gain":5,"max_hp_loss":0,"event_name":"Forgotten Altar","floor":24,"gold_loss":0},{"damage_healed":0,"gold_gain":0,"player_choice":"Simplicity","damage_taken":0,"max_hp_gain":0,"max_hp_loss":0,"event_name":"Back to Basics","floor":30,"gold_loss":0,"cards_upgraded":["Strike_R","Strike_R","Strike_R","Strike_R","Strike_R","Defend_R","Defend_R","Defend_R","Defend_R"]},{"cards_removed":["Strike_R"],"damage_healed":0,"gold_gain":0,"player_choice":"Removed Attack","damage_taken":0,"max_hp_gain":0,"max_hp_loss":0,"event_name":"Falling","floor":37,"gold_loss":0},{"damage_healed":24,"gold_gain":0,"player_choice":"Writhe","damage_taken":0,"max_hp_gain":0,"max_hp_loss":0,"event_name":"Winding Halls","floor":39,"gold_loss":0,"cards_obtained":["Writhe"]},{"damage_healed":0,"gold_gain":0,"player_choice":"Upgrade","damage_taken":0,"relics_obtained":["Mark of the Bloom"],"max_hp_gain":0,"max_hp_loss":0,"event_name":"MindBloom","floor":41,"gold_loss":0,"cards_upgraded":["Bash","Headbutt","Shrug It Off","Impervious","Twin Strike","Carnage","Armaments","Cleave","Shrug It Off","Armaments"]},{"damage_healed":0,"gold_gain":0,"player_choice":"Ignored","damage_taken":0,"max_hp_gain":0,"max_hp_loss":0,"event_name":"Mysterious Sphere","floor":44,"gold_loss":0},{"damage_healed":0,"gold_gain":0,"player_choice":"Memory 1","damage_taken":0,"max_hp_gain":0,"max_hp_loss":0,"event_name":"SensoryStone","floor":45,"gold_loss":0}],"is_beta":false,"boss_relics":[{"not_picked":["Runic Cube","Runic Dome"],"picked":"Ectoplasm"},{"not_picked":["Velvet Choker","Fusion Hammer"],"picked":"Tiny House"}],"items_purged_floors":[],"is_endless":false,"potions_floor_spawned":[1,7,11,18,19,31],"killed_by":"Donu and Deca","ascension_level":0}