{"gold_per_floor":[112,124,134,149,149,179,179,189,235,235,295,308,327,338,338,437,437,448,467,467,0,17,17,17],"floor_reached":24,"playtime":1478,"items_purged":["Strike_R"],"score":318,"play_id":"af1d307e-8086-4208-890f-1732c3d13f31","local_time":"20181111164647","is_ascension_mode":true,"campfire_choices":[{"data":"Spot Weakness","floor":10,"key":"SMITH"},{"floor":15,"key":"REST"},{"floor":23,"key":"REST"}],"neow_cost":"NONE","seed_source_timestamp":187612090808888,"circlet_count":0,"master_deck":["AscendersBane","Strike_R","Strike_R","Strike_R","Defend_R","Defend_R","Defend_R","Defend_R","Bash","Anger","Shrug It Off","Flex","Flame Barrier","Anger","Spot Weakness+1","Shockwave","Pommel Strike","Limit Break","Flex","Violence","Shrug It Off+1"],"relics":["Burning Blood","Smiling Mask","Pantograph","Boot","Tiny Chest","Mark of Pain","PreservedInsect"],"potions_floor_usage":[11,11,14,16,22,22],"damage_taken":[{"damage":0,"enemies":"Cultist","floor":1,"turns":3},{"damage":3,"enemies":"Small Slimes","floor":2,"turns":4},{"damage":10,"enemies":"2 Louse","floor":3,"turns":3},{"damage":5,"enemies":"Exordium Wildlife","floor":4,"turns":3},{"damage":32,"enemies":"3 Sentries","floor":6,"turns":12},{"damage":1,"enemies":"2 Fungi Beasts","floor":8,"turns":3},{"damage":18,"enemies":"Lagavulin","floor":11,"turns":5},{"damage":25,"enemies":"Gremlin Gang","floor":12,"turns":5},{"damage":1,"enemies":"Exordium Wildlife","floor":13,"turns":3},{"damage":10,"enemies":"Lots of Slimes","floor":14,"turns":5},{"damage":46,"enemies":"Slime Boss","floor":16,"turns":12},{"damage":23,"enemies":"Spheric Guardian","floor":18,"turns":5},{"damage":8,"enemies":"Chosen","floor":19,"turns":6},{"damage":37,"enemies":"Shelled Parasite and Fungi","floor":22,"turns":6},{"damage":18,"enemies":"Gremlin Leader","floor":24,"turns":4}],"seed_played":"-2706714821472266418","potions_obtained":[{"floor":4,"key":"Energy Potion"},{"floor":6,"key":"Energy Potion"},{"floor":12,"key":"Poison Potion"},{"floor":13,"key":"Block Potion"},{"floor":19,"key":"GamblersBrew"},{"floor":22,"key":"Poison Potion"}],"is_trial":false,"path_per_floor":["M","M","M","M","?","E","?","M","T","R","E","M","M","M","R","B",null,"M","M","?","$","M","R","E"],"character_chosen":"IRONCLAD","items_purchased":["Flex","Violence","PreservedInsect","Block Potion"],"campfire_rested":2,"item_purchase_floors":[21,21,21,21],"current_hp_per_floor":[78,80,76,77,70,44,37,42,42,42,30,11,16,12,36,21,65,48,46,46,46,15,39,21],"gold":17,"neow_bonus":"THREE_CARDS","is_prod":false,"is_daily":false,"chose_seed":false,"campfire_upgraded":1,"win_rate":0,"timestamp":1541983607,"path_taken":["M","M","M","M","?","E","?","M","T","R","E","M","M","M","R","BOSS","M","M","?","$","M","R","E"],"build_version":"2018-11-08","purchased_purges":1,"victory":false,"max_hp_per_floor":[80,80,80,80,80,80,80,80,80,80,80,80,80,80,80,80,80,80,80,80,80,80,80,80],"card_choices":[{"not_picked":["Dropkick","Clothesline"],"picked":"Anger","floor":0},{"not_picked":["Perfected Strike","Wild Strike"],"picked":"Shrug It Off","floor":1},{"not_picked":["Clothesline","Sword Boomerang"],"picked":"Flex","floor":2},{"not_picked":["Clothesline","Headbutt"],"picked":"Flame Barrier","floor":3},{"not_picked":["Clothesline","Cleave"],"picked":"Anger","floor":4},{"not_picked":["Headbutt","Double Tap","Warcry"],"picked":"SKIP","floor":6},{"not_picked":["Anger","Rampage"],"picked":"Spot Weakness","floor":8},{"not_picked":["Warcry","Disarm"],"picked":"Shockwave","floor":11},{"not_picked":["Perfected Strike","Heavy Blade","Infernal Blade"],"picked":"SKIP","floor":12},{"not_picked":["Warcry","Uppercut"],"picked":"Pommel Strike","floor":13},{"not_picked":["Anger","Twin Strike","Uppercut"],"picked":"SKIP","floor":14},{"not_picked":["Impervious","Bludgeon"],"picked":"Limit Break","floor":16},{"not_picked":["Body Slam","Clothesline","Anger"],"picked":"SKIP","floor":18},{"not_picked":["Armaments","True Grit","Dual Wield"],"picked":"SKIP","floor":19},{"not_picked":["Entrench","Blood for Blood+1"],"picked":"Shrug It Off+1","floor":22}],"player_experience":350673,"relics_obtained":[{"floor":6,"key":"Smiling Mask"},{"floor":9,"key":"Boot"},{"floor":11,"key":"Tiny Chest"}],"event_choices":[{"cards_removed":["Strike_R"],"damage_healed":0,"gold_gain":0,"player_choice":"Card Removal","damage_taken":7,"max_hp_gain":0,"max_hp_loss":0,"event_name":"Golden Wing","floor":5,"gold_loss":0},{"damage_healed":0,"gold_gain":0,"player_choice":"Success","damage_taken":7,"relics_obtained":["Pantograph"],"max_hp_gain":0,"max_hp_loss":0,"event_name":"Scrap Ooze","floor":7,"gold_loss":0},{"damage_healed":0,"gold_gain":0,"player_choice":"Ignored","damage_taken":0,"max_hp_gain":0,"max_hp_loss":0,"event_name":"Cursed Tome","floor":20,"gold_loss":0}],"is_beta":false,"boss_relics":[{"not_picked":["Eternal Feather","Velvet Choker"],"picked":"Mark of Pain"}],"items_purged_floors":[21],"is_endless":false,"potions_floor_spawned":[4,6,12,13,19,22],"killed_by":"Gremlin Leader","ascension_level":10}