{"gold_per_floor":[111,111,126,126,140,166,166,183,183,214,28,28,28,28,28,133,133,152,168,178,78,78,78,78,78,78,107,107,117,117,145,145,145],"floor_reached":33,"playtime":5861,"items_purged":["Strike_R","Regret"],"score":462,"play_id":"c3d95c77-dd1a-48b2-a70d-a9876fcf17bb","local_time":"20181110084148","is_ascension_mode":true,"campfire_choices":[{"data":"Uppercut","floor":7,"key":"SMITH"},{"floor":12,"key":"REST"},{"data":"Fire Breathing","floor":15,"key":"SMITH"},{"data":"J.A.X.","floor":23,"key":"SMITH"},{"data":"Flex","floor":25,"key":"SMITH"},{"floor":32,"key":"REST"}],"neow_cost":"NONE","seed_source_timestamp":39494171663555,"circlet_count":0,"master_deck":["AscendersBane","Strike_R","Strike_R","Strike_R","Strike_R","Defend_R","Defend_R","Defend_R","Defend_R","Bash","Flex+1","Dropkick","Cleave","Uppercut+1","Thunderclap","Metallicize","Fire Breathing+1","Rampage","Reaper","Flame Barrier+1","J.A.X.+1"],"relics":["Burning Blood","Mummified Hand","FaceOfCleric","Pen Nib","Meat on the Bone","Kunai","Vajra","Busted Crown","Pantograph","Lantern","Mercury Hourglass","Gremlin Horn"],"potions_floor_usage":[6,16,20,28,29,31,33],"damage_taken":[{"damage":2,"enemies":"Jaw Worm","floor":1,"turns":3},{"damage":1,"enemies":"Cultist","floor":3,"turns":3},{"damage":7,"enemies":"2 Louse","floor":5,"turns":3},{"damage":60,"enemies":"Lagavulin","floor":6,"turns":9},{"damage":9,"enemies":"Exordium Wildlife","floor":8,"turns":2},{"damage":14,"enemies":"Gremlin Nob","floor":10,"turns":4},{"damage":37,"enemies":"The Guardian","floor":16,"turns":11},{"damage":46,"enemies":"2 Thieves","floor":18,"turns":5},{"damage":30,"enemies":"Spheric Guardian","floor":19,"turns":4},{"damage":22,"enemies":"Centurion and Healer","floor":20,"turns":6},{"damage":71,"enemies":"Slavers","floor":27,"turns":7},{"damage":14,"enemies":"Snake Plant","floor":29,"turns":3},{"damage":43,"enemies":"Book of Stabbing","floor":31,"turns":5},{"damage":93,"enemies":"Champ","floor":33,"turns":9}],"seed_played":"-1555002180444155480","potions_obtained":[{"floor":3,"key":"SteroidPotion"},{"floor":8,"key":"LiquidBronze"},{"floor":16,"key":"Strength Potion"},{"floor":19,"key":"Explosive Potion"},{"floor":27,"key":"BloodPotion"},{"floor":28,"key":"Fruit Juice"},{"floor":28,"key":"Swift Potion"}],"is_trial":false,"path_per_floor":["M","?","M","?","M","E","R","M","T","E","$","R","?","$","R","B",null,"M","M","M","$","?","R","?","R","T","E","?","M","T","E","R","B"],"character_chosen":"IRONCLAD","items_purchased":["Fire Breathing","Rampage"],"campfire_rested":2,"item_purchase_floors":[11,11],"current_hp_per_floor":[76,69,74,74,74,21,21,19,19,24,24,49,49,49,49,31,72,58,47,52,52,52,52,52,52,52,21,26,31,31,21,49,0],"gold":145,"neow_bonus":"THREE_CARDS","is_prod":false,"is_daily":false,"chose_seed":false,"campfire_upgraded":4,"win_rate":0,"timestamp":1541868108,"path_taken":["M","?","M","?","M","E","R","?","T","E","?","R","?","?","R","BOSS","M","M","M","$","?","R","?","R","T","E","?","?","?","E","R","BOSS"],"build_version":"2018-11-08","purchased_purges":2,"victory":false,"max_hp_per_floor":[80,80,80,80,81,82,82,83,83,84,84,84,84,84,84,85,85,86,87,88,88,88,88,88,88,88,89,94,95,95,96,96,96],"card_choices":[{"not_picked":["Anger","Disarm"],"picked":"Flex","floor":0},{"not_picked":["Clothesline","Blood for Blood","Sword Boomerang"],"picked":"SKIP","floor":1},{"not_picked":["Disarm","Twin Strike"],"picked":"Dropkick","floor":3},{"not_picked":["Wild Strike","True Grit"],"picked":"Cleave","floor":5},{"not_picked":["Feed","Hemokinesis"],"picked":"Uppercut","floor":6},{"not_picked":["True Grit","Wild Strike"],"picked":"Thunderclap","floor":8},{"not_picked":["Entrench","Sentinel"],"picked":"Metallicize","floor":10},{"not_picked":["Juggernaut","Bludgeon"],"picked":"Reaper","floor":16},{"not_picked":[],"picked":"Flame Barrier+1","floor":18},{"not_picked":["Clothesline+1"],"picked":"SKIP","floor":19},{"not_picked":["Pommel Strike"],"picked":"SKIP","floor":20},{"not_picked":["Uppercut"],"picked":"SKIP","floor":27},{"not_picked":["Rage+1"],"picked":"SKIP","floor":29},{"not_picked":["Body Slam"],"picked":"SKIP","floor":31}],"player_experience":329754,"relics_obtained":[{"floor":6,"key":"Pen Nib"},{"floor":9,"key":"Meat on the Bone"},{"floor":10,"key":"Kunai"},{"floor":26,"key":"Pantograph"},{"floor":27,"key":"Lantern"},{"floor":30,"key":"Mercury Hourglass"},{"floor":31,"key":"Gremlin Horn"}],"event_choices":[{"damage_healed":0,"gold_gain":0,"player_choice":"Success","damage_taken":7,"relics_obtained":["Mummified Hand"],"max_hp_gain":0,"max_hp_loss":0,"event_name":"Scrap Ooze","floor":2,"gold_loss":0},{"damage_healed":0,"gold_gain":0,"player_choice":"Trade","damage_taken":0,"relics_obtained":["FaceOfCleric"],"max_hp_gain":0,"max_hp_loss":0,"event_name":"FaceTrader","floor":4,"gold_loss":0},{"damage_healed":0,"gold_gain":0,"player_choice":"Box","damage_taken":0,"relics_obtained":["Vajra"],"max_hp_gain":0,"max_hp_loss":0,"event_name":"Big Fish","floor":13,"gold_loss":0,"cards_obtained":["Regret"]},{"damage_healed":0,"gold_gain":0,"player_choice":"Obtain J.A.X.","damage_taken":0,"max_hp_gain":0,"max_hp_loss":0,"event_name":"Drug Dealer","floor":22,"gold_loss":0,"cards_obtained":["J.A.X."]},{"damage_healed":0,"gold_gain":0,"player_choice":"Ignored","damage_taken":0,"max_hp_gain":0,"max_hp_loss":0,"event_name":"The Mausoleum","floor":24,"gold_loss":0},{"damage_healed":0,"gold_gain":0,"player_choice":"Got Potions","damage_taken":0,"max_hp_gain":0,"max_hp_loss":0,"event_name":"Lab","floor":28,"gold_loss":0}],"is_beta":false,"boss_relics":[{"not_picked":["Mark of Pain","Calling Bell"],"picked":"Busted Crown"}],"items_purged_floors":[11,21],"is_endless":false,"potions_floor_spawned":[3,8,16,19,27],"killed_by":"Champ","ascension_level":10}