{"gold_per_floor":[109,109,109,128,128,167,167,126,151,169,188,231,245,260,260,260],"floor_reached":16,"playtime":1950,"items_purged":[],"score":274,"play_id":"62618c87-4447-455a-b10f-0641007ed742","local_time":"20190331211916","is_ascension_mode":true,"campfire_choices":[{"data":"Whirlwind","floor":7,"key":"SMITH"},{"data":"Flex","floor":15,"key":"SMITH"}],"neow_cost":"NONE","seed_source_timestamp":1408034714604698,"circlet_count":0,"master_deck":["AscendersBane","Strike_R","Strike_R+1","Strike_R","Strike_R","Strike_R","Defend_R","Defend_R","Defend_R","Defend_R","Bash+1","Whirlwind+1","Headbutt","Battle Trance","Burning Pact","Clothesline","Corruption","Flex+1"],"relics":["Burning Blood","NeowsBlessing","Golden Idol","Question Card","Pantograph","Lantern","Oddly Smooth Stone"],"potions_floor_usage":[13,16,16],"damage_taken":[{"damage":0,"enemies":"2 Louse","floor":1,"turns":1},{"damage":0,"enemies":"Small Slimes","floor":4,"turns":1},{"damage":0,"enemies":"Lagavulin","floor":6,"turns":1},{"damage":7,"enemies":"Jaw Worm","floor":10,"turns":2},{"damage":7,"enemies":"Exordium Thugs","floor":11,"turns":3},{"damage":20,"enemies":"3 Sentries","floor":12,"turns":4},{"damage":6,"enemies":"Exordium Wildlife","floor":13,"turns":4},{"damage":3,"enemies":"Blue Slaver","floor":14,"turns":3},{"damage":56,"enemies":"Slime Boss","floor":16,"turns":10}],"seed_played":"8617125827187041380","potions_obtained":[{"floor":6,"key":"Weak Potion"},{"floor":12,"key":"SkillPotion"},{"floor":13,"key":"SpeedPotion"},{"floor":14,"key":"Poison Potion"}],"is_trial":false,"path_per_floor":["M","?","?","M","?","E","R","?","T","M","M","E","M","M","R","B"],"character_chosen":"IRONCLAD","items_purchased":[],"campfire_rested":0,"item_purchase_floors":[],"current_hp_per_floor":[74,68,48,54,49,55,55,55,55,54,53,39,39,42,42,11],"gold":260,"neow_bonus":"THREE_ENEMY_KILL","is_prod":false,"is_daily":false,"chose_seed":false,"campfire_upgraded":2,"win_rate":0,"timestamp":1554092356,"path_taken":["M","?","?","M","?","E","R","?","T","M","M","E","M","M","R","BOSS"],"build_version":"2019-01-23","purchased_purges":0,"victory":false,"max_hp_per_floor":[75,68,68,68,68,68,68,68,68,68,68,68,68,68,68,68],"card_choices":[{"not_picked":["Thunderclap","Dual Wield"],"picked":"Whirlwind","floor":1},{"not_picked":["Twin Strike","Clash"],"picked":"Headbutt","floor":4},{"not_picked":["Heavy Blade","Sever Soul","Thunderclap","Perfected Strike"],"picked":"SKIP","floor":6},{"not_picked":["Heavy Blade","Sever Soul","Thunderclap","Perfected Strike"],"picked":"SKIP","floor":6},{"not_picked":["Combust","Blood for Blood","Clothesline"],"picked":"Battle Trance","floor":10},{"not_picked":["Bloodletting","Body Slam","Rage"],"picked":"Burning Pact","floor":11},{"not_picked":["Burning Pact","Pommel Strike","Sentinel"],"picked":"Clothesline","floor":12},{"not_picked":["Exhume","Iron Wave","Rupture"],"picked":"Corruption","floor":13},{"not_picked":["Rampage","Twin Strike","Thunderclap"],"picked":"Flex","floor":14}],"player_experience":797743,"relics_obtained":[{"floor":6,"key":"Pantograph"},{"floor":9,"key":"Lantern"},{"floor":12,"key":"Oddly Smooth Stone"}],"event_choices":[{"damage_healed":0,"gold_gain":0,"player_choice":"Lose Max HP","damage_taken":0,"relics_obtained":["Golden Idol"],"max_hp_gain":0,"max_hp_loss":7,"event_name":"Golden Idol","floor":2,"gold_loss":0},{"damage_healed":0,"gold_gain":0,"player_choice":"Entered Light","damage_taken":20,"max_hp_gain":0,"max_hp_loss":0,"event_name":"Shining Light","floor":3,"gold_loss":0,"cards_upgraded":["Strike_R","Bash"]},{"damage_healed":0,"gold_gain":0,"player_choice":"Success","damage_taken":5,"relics_obtained":["Question Card"],"max_hp_gain":0,"max_hp_loss":0,"event_name":"Scrap Ooze","floor":5,"gold_loss":0},{"damage_healed":0,"gold_gain":0,"player_choice":"Left Gold","damage_taken":0,"max_hp_gain":0,"max_hp_loss":0,"event_name":"World of Goop","floor":8,"gold_loss":41}],"is_beta":false,"boss_relics":[],"items_purged_floors":[],"is_endless":false,"potions_floor_spawned":[6,12,13,14],"killed_by":"Slime Boss","ascension_level":20}