{"gold_per_floor":[117,132,152,165,165,165,179,196,250,261,261,261,26,44,44,44],"floor_reached":16,"playtime":1083,"items_purged":["Strike_G"],"score":96,"play_id":"51c08cfc-9da0-499b-b1c6-efa231629243","local_time":"20190708011616","is_ascension_mode":false,"campfire_choices":[{"data":"Calculated Gamble","floor":6,"key":"SMITH"},{"data":"Backstab","floor":11,"key":"SMITH"},{"data":"Neutralize","floor":15,"key":"SMITH"}],"neow_cost":"NONE","seed_source_timestamp":1288310752910300,"circlet_count":0,"master_deck":["Strike_G","Strike_G","Strike_G","Defend_G","Defend_G","Defend_G","Defend_G","Defend_G","Survivor","Neutralize+1","Outmaneuver","Dagger Spray","All Out Attack","Calculated Gamble+1","Backstab+1","Well Laid Plans","Acrobatics","Unload","Adrenaline"],"relics":["Coffee Dripper","NlothsMask"],"potions_floor_usage":[16,16],"damage_taken":[{"damage":0,"enemies":"Small Slimes","floor":1,"turns":3},{"damage":1,"enemies":"Cultist","floor":2,"turns":5},{"damage":0,"enemies":"2 Louse","floor":3,"turns":3},{"damage":15,"enemies":"Exordium Thugs","floor":4,"turns":5},{"damage":2,"enemies":"Blue Slaver","floor":7,"turns":4},{"damage":0,"enemies":"2 Fungi Beasts","floor":8,"turns":2},{"damage":6,"enemies":"3 Louse","floor":10,"turns":4},{"damage":2,"enemies":"Blue Slaver","floor":14,"turns":3},{"damage":45,"enemies":"Slime Boss","floor":16,"turns":9}],"seed_played":"-6129680488205973645","potions_obtained":[{"floor":2,"key":"Swift Potion"},{"floor":3,"key":"Ancient Potion"},{"floor":8,"key":"Strength Potion"},{"floor":10,"key":"Fire Potion"}],"is_trial":false,"path_per_floor":["M","M","M","M","?","R","M","M","T","M","R","?","$","M","R","B"],"character_chosen":"THE_SILENT","items_purchased":["Unload"],"campfire_rested":0,"item_purchase_floors":[13],"current_hp_per_floor":[70,69,69,54,54,54,52,52,52,46,46,39,39,37,37,0],"gold":44,"neow_bonus":"BOSS_RELIC","is_prod":false,"is_daily":false,"chose_seed":false,"campfire_upgraded":3,"win_rate":0.0,"timestamp":1562516176,"path_taken":["M","M","M","M","?","R","M","?","T","M","R","?","?","M","R","BOSS"],"build_version":"2019-07-05","purchased_purges":1,"victory":false,"max_hp_per_floor":[70,70,70,70,70,70,70,70,70,70,70,70,70,70,70,70],"card_choices":[{"not_picked":["Acrobatics","Deflect"],"picked":"Outmaneuver","floor":1},{"not_picked":["Bane","Caltrops"],"picked":"Dagger Spray","floor":2},{"not_picked":["Bouncing Flask","Sucker Punch"],"picked":"All Out Attack","floor":3},{"not_picked":["Deflect","Noxious Fumes"],"picked":"Calculated Gamble","floor":4},{"not_picked":["Poisoned Stab","Blade Dance"],"picked":"Backstab","floor":7},{"not_picked":["Quick Slash","Dagger Throw"],"picked":"Well Laid Plans","floor":8},{"not_picked":["Deadly Poison","Reflex"],"picked":"Acrobatics","floor":10},{"not_picked":["Prepared","Poisoned Stab"],"picked":"Adrenaline","floor":14}],"player_experience":43678,"relics_obtained":[],"event_choices":[{"damage_healed":0,"gold_gain":0,"player_choice":"Trade","damage_taken":0,"relics_obtained":["NlothsMask"],"max_hp_gain":0,"max_hp_loss":0,"event_name":"FaceTrader","floor":5,"gold_loss":0},{"cards_removed":["Strike_G"],"damage_healed":0,"gold_gain":0,"player_choice":"Card Removal","damage_taken":7,"max_hp_gain":0,"max_hp_loss":0,"event_name":"Golden Wing","floor":12,"gold_loss":0}],"is_beta":false,"boss_relics":[],"items_purged_floors":[13],"is_endless":false,"potions_floor_spawned":[2,3,8,10],"killed_by":"Slime Boss","ascension_level":0}