{"gold_per_floor":[115,115,115,115,128,160,160,178,178,197,197,225,225,240,240,339,339,359],"floor_reached":18,"playtime":3516,"items_purged":[],"score":172,"play_id":"9726fec2-bd3e-4365-a813-a481d2408519","local_time":"20190701215610","is_ascension_mode":false,"campfire_choices":[{"floor":7,"key":"REST"},{"floor":11,"key":"REST"},{"floor":15,"key":"REST"}],"neow_cost":"NONE","seed_source_timestamp":1172291501322160,"circlet_count":0,"master_deck":["Strike_G","Strike_G","Strike_G","Strike_G","Defend_G","Defend_G","Defend_G","Defend_G","Survivor","Neutralize","Acrobatics","Backflip","Acrobatics","Underhanded Strike","Slice","Predator","Slice","Backstab","Distraction","Phantasmal Killer","Crippling Poison"],"relics":["Ring of the Snake","Kunai","Snake Skull","Bottled Flame","Centennial Puzzle","WristBlade"],"potions_floor_usage":[6],"damage_taken":[{"damage":0,"enemies":"Cultist","floor":1,"turns":4},{"damage":19,"enemies":"Jaw Worm","floor":5,"turns":8},{"damage":24,"enemies":"Lagavulin","floor":6,"turns":13},{"damage":0,"enemies":"2 Louse","floor":8,"turns":3},{"damage":0,"enemies":"Red Slaver","floor":10,"turns":5},{"damage":31,"enemies":"3 Sentries","floor":12,"turns":8},{"damage":1,"enemies":"Exordium Wildlife","floor":14,"turns":3},{"damage":58,"enemies":"Hexaghost","floor":16,"turns":18},{"damage":9,"enemies":"2 Thieves","floor":18,"turns":5}],"seed_played":"3507624118268602826","potions_obtained":[{"floor":5,"key":"LiquidBronze"},{"floor":8,"key":"Energy Potion"},{"floor":18,"key":"Ancient Potion"}],"is_trial":false,"path_per_floor":["M","?","T","?","M","E","R","M","T","M","R","E","?","M","R","B",null,"M"],"character_chosen":"THE_SILENT","items_purchased":[],"campfire_rested":3,"item_purchase_floors":[],"current_hp_per_floor":[70,70,70,70,51,27,48,48,48,48,69,38,61,60,70,12,70,61],"gold":359,"neow_bonus":"THREE_CARDS","is_prod":false,"is_daily":false,"chose_seed":false,"campfire_upgraded":0,"win_rate":0.0,"timestamp":1562036170,"path_taken":["M","?","?","?","M","E","R","?","T","M","R","E","?","M","R","BOSS","M"],"build_version":"2019-07-01","purchased_purges":0,"victory":false,"max_hp_per_floor":[70,70,70,70,70,70,70,70,70,70,70,70,70,70,70,70,70,70],"card_choices":[{"not_picked":["Heel Hook","Dodge and Roll"],"picked":"Acrobatics","floor":0},{"not_picked":["Sucker Punch","Underhanded Strike"],"picked":"Backflip","floor":1},{"not_picked":["Acrobatics","Dagger Spray"],"picked":"Underhanded Strike","floor":5},{"not_picked":["Blade Dance","Storm of Steel"],"picked":"Slice","floor":6},{"not_picked":["Flying Knee","Dagger Spray"],"picked":"Predator","floor":8},{"not_picked":["Leg Sweep","Blade Dance"],"picked":"Slice","floor":10},{"not_picked":["Infinite Blades","Blade Dance"],"picked":"Backstab","floor":12},{"not_picked":["Acrobatics","Outmaneuver"],"picked":"Distraction","floor":14},{"not_picked":["Unload","Burst"],"picked":"Phantasmal Killer","floor":16},{"not_picked":["Deflect+1","Poisoned Stab"],"picked":"Crippling Poison","floor":18}],"player_experience":196035,"relics_obtained":[{"floor":3,"key":"Kunai"},{"floor":6,"key":"Snake Skull"},{"floor":9,"key":"Bottled Flame"},{"floor":12,"key":"Centennial Puzzle"}],"event_choices":[{"damage_healed":0,"gold_gain":0,"cards_transformed":["Strike_G"],"player_choice":"Change","damage_taken":0,"max_hp_gain":0,"max_hp_loss":0,"event_name":"Living Wall","floor":2,"gold_loss":0,"cards_obtained":["Acrobatics"]},{"cards_removed":["Defend_G"],"damage_healed":0,"gold_gain":0,"player_choice":"Purged","damage_taken":0,"max_hp_gain":0,"max_hp_loss":0,"event_name":"Purifier","floor":4,"gold_loss":0},{"damage_healed":23,"gold_gain":0,"player_choice":"Banana","damage_taken":0,"max_hp_gain":0,"max_hp_loss":0,"event_name":"Big Fish","floor":13,"gold_loss":0}],"is_beta":false,"boss_relics":[{"not_picked":["Ring of the Serpent","Runic Dome"],"picked":"WristBlade"}],"items_purged_floors":[],"is_endless":false,"potions_floor_spawned":[5,8,18],"killed_by":"2 Thieves","ascension_level":0}