{"gold_per_floor":[116,132,146,164,164,164,190,190,190,219,230,244,256,109,109,205,205,224,124,134,147,163,224,224,255,328,328,342,357,371,286,286,381,381,391,411,80,80,100,131,131,131,157,169,181,193],"floor_reached":46,"playtime":2852,"items_purged":["Strike_B","Strike_B","Strike_B"],"score":554,"play_id":"1106dc89-a0c0-48e7-a223-47c434b6912c","local_time":"20190419202027","is_ascension_mode":true,"campfire_choices":[{"data":"Dualcast","floor":6,"key":"SMITH"},{"data":"Melter","floor":8,"key":"SMITH"},{"data":"Defragment","floor":15,"key":"SMITH"},{"data":"Capacitor","floor":24,"key":"SMITH"},{"data":"Creative AI","floor":27,"key":"SMITH"},{"floor":32,"key":"REST"},{"data":"Biased Cognition","floor":42,"key":"SMITH"}],"neow_cost":"NONE","seed_source_timestamp":656236636677863,"circlet_count":0,"master_deck":["Defend_B","Defend_B","Defend_B","Defend_B","Zap+1","Dualcast+1","Melter+1","Reinforced Body","Conserve Battery","Ball Lightning","Capacitor+1","Redo","Ball Lightning","Cold Snap","Defragment+1","Amplify","Coolheaded+1","Chill+1","Glacier","White Noise+1","Creative AI+1","Biased Cognition+1","Static Discharge+1","Madness","Madness"],"relics":["Cracked Core","Vajra","PreservedInsect","Mercury Hourglass","Velvet Choker","Tiny Chest","Matryoshka","Gremlin Horn","Pantograph","StoneCalendar","Philosopher\u0027s Stone","Runic Capacitor","Bottled Flame","Strawberry","MawBank","Frozen Egg 2"],"potions_floor_usage":[25,29,29,29,40],"damage_taken":[{"damage":0,"enemies":"2 Louse","floor":1,"turns":3},{"damage":0,"enemies":"Cultist","floor":2,"turns":3},{"damage":2,"enemies":"Jaw Worm","floor":3,"turns":3},{"damage":19,"enemies":"Exordium Wildlife","floor":4,"turns":5},{"damage":4,"enemies":"3 Sentries","floor":7,"turns":9},{"damage":14,"enemies":"Lagavulin","floor":10,"turns":4},{"damage":0,"enemies":"2 Fungi Beasts","floor":11,"turns":2},{"damage":0,"enemies":"Blue Slaver","floor":12,"turns":3},{"damage":0,"enemies":"3 Louse","floor":13,"turns":2},{"damage":21,"enemies":"The Guardian","floor":16,"turns":7},{"damage":12,"enemies":"Chosen","floor":18,"turns":4},{"damage":15,"enemies":"3 Byrds","floor":20,"turns":4},{"damage":8,"enemies":"Centurion and Healer","floor":21,"turns":5},{"damage":0,"enemies":"3 Cultists","floor":22,"turns":5},{"damage":4,"enemies":"Book of Stabbing","floor":23,"turns":5},{"damage":14,"enemies":"Gremlin Leader","floor":25,"turns":5},{"damage":0,"enemies":"Snecko","floor":28,"turns":6},{"damage":20,"enemies":"Snake Plant","floor":29,"turns":5},{"damage":0,"enemies":"Centurion and Healer","floor":30,"turns":6},{"damage":7,"enemies":"Automaton","floor":33,"turns":8},{"damage":4,"enemies":"3 Shapes","floor":35,"turns":4},{"damage":8,"enemies":"Orb Walker","floor":36,"turns":5},{"damage":5,"enemies":"Maw","floor":39,"turns":6},{"damage":23,"enemies":"Nemesis","floor":40,"turns":7},{"damage":36,"enemies":"Writhing Mass","floor":46,"turns":4}],"seed_played":"-2683146728418603259","potions_obtained":[{"floor":1,"key":"Strength Potion"},{"floor":4,"key":"Dexterity Potion"},{"floor":10,"key":"GamblersBrew"},{"floor":12,"key":"Ancient Potion"},{"floor":13,"key":"SpeedPotion"},{"floor":21,"key":"EssenceOfSteel"},{"floor":28,"key":"FearPotion"},{"floor":35,"key":"FocusPotion"},{"floor":36,"key":"Poison Potion"}],"is_trial":false,"path_per_floor":["M","M","M","M","?","R","E","R","T","E","M","M","M","$","R","B",null,"M","$","M","M","M","E","R","E","T","R","M","M","M","?","R","B",null,"M","M","$","?","M","E","?","R","T","$","T","M"],"character_chosen":"DEFECT","items_purchased":["Defragment","Runic Capacitor"],"campfire_rested":1,"item_purchase_floors":[14,37],"current_hp_per_floor":[75,75,73,54,54,54,50,50,50,36,36,36,36,36,36,15,75,63,63,48,40,40,36,36,22,22,22,22,2,2,2,24,42,75,71,63,63,54,49,26,26,26,33,33,33,0],"gold":193,"neow_bonus":"REMOVE_CARD","is_prod":false,"is_daily":false,"chose_seed":false,"campfire_upgraded":6,"win_rate":0,"timestamp":1555730427,"path_taken":["M","M","M","M","?","R","E","R","T","E","M","?","M","$","R","BOSS","M","$","M","M","M","E","R","E","T","R","M","M","?","?","R","BOSS","M","M","$","?","M","E","?","R","T","$","?","M"],"build_version":"2019-01-23","purchased_purges":3,"victory":false,"max_hp_per_floor":[75,75,75,75,75,75,75,75,75,75,75,75,75,75,75,75,75,75,75,75,75,75,75,75,75,75,75,75,75,75,75,75,75,75,75,75,75,75,75,75,75,75,82,82,82,82],"card_choices":[{"not_picked":["Steam","Rebound"],"picked":"Melter","floor":1},{"not_picked":["Hello World","Barrage","Stack"],"picked":"SKIP","floor":2},{"not_picked":["Sweeping Beam","Turbo"],"picked":"Reinforced Body","floor":3},{"not_picked":["Force Field","Darkness"],"picked":"Conserve Battery","floor":4},{"not_picked":["Compile Driver","Beam Cell"],"picked":"Ball Lightning","floor":7},{"not_picked":["Hologram","Go for the Eyes"],"picked":"Capacitor","floor":10},{"not_picked":["Fission","Compile Driver"],"picked":"Redo","floor":11},{"not_picked":["Leap","Fusion"],"picked":"Ball Lightning","floor":12},{"not_picked":["Rebound","Gash"],"picked":"Cold Snap","floor":13},{"not_picked":["Hyperbeam","Reboot"],"picked":"Amplify","floor":16},{"not_picked":["Steam","Skim"],"picked":"Coolheaded+1","floor":18},{"not_picked":["Barrage+1","Compile Driver"],"picked":"Chill+1","floor":20},{"not_picked":["Go for the Eyes","Undo"],"picked":"Glacier","floor":21},{"not_picked":["Ball Lightning+1","Conserve Battery"],"picked":"Doom and Gloom","floor":22},{"not_picked":["Reprogram","Hello World"],"picked":"White Noise+1","floor":23},{"not_picked":["Aggregate","Undo"],"picked":"Creative AI","floor":25},{"not_picked":["Auto Shields","Redo","Leap"],"picked":"SKIP","floor":28},{"not_picked":["Leap+1","Cold Snap","Darkness"],"picked":"SKIP","floor":29},{"not_picked":["Reprogram","Beam Cell+1","Melter"],"picked":"SKIP","floor":30},{"not_picked":["Meteor Strike","Creative AI"],"picked":"Biased Cognition","floor":33},{"not_picked":["Conserve Battery+1","Hologram+1"],"picked":"Static Discharge+1","floor":35},{"not_picked":["Rebound","Sweeping Beam","Leap"],"picked":"SKIP","floor":36},{"not_picked":["Leap+1","Conserve Battery+1","Cold Snap+1"],"picked":"SKIP","floor":39},{"not_picked":["Capacitor+1","Leap+1","Redo"],"picked":"SKIP","floor":40}],"player_experience":178425,"relics_obtained":[{"floor":7,"key":"Vajra"},{"floor":9,"key":"PreservedInsect"},{"floor":10,"key":"Mercury Hourglass"},{"floor":23,"key":"Tiny Chest"},{"floor":25,"key":"Matryoshka"},{"floor":26,"key":"Gremlin Horn"},{"floor":26,"key":"Pantograph"},{"floor":40,"key":"Bottled Flame"},{"floor":43,"key":"Strawberry"},{"floor":43,"key":"MawBank"},{"floor":45,"key":"Frozen Egg 2"}],"event_choices":[{"damage_healed":0,"gold_gain":0,"player_choice":"Upgraded","damage_taken":0,"max_hp_gain":0,"max_hp_loss":0,"event_name":"Upgrade Shrine","floor":5,"gold_loss":0,"cards_upgraded":["Zap"]},{"damage_healed":0,"gold_gain":0,"player_choice":"Obtained Relic","damage_taken":0,"relics_obtained":["StoneCalendar"],"max_hp_gain":0,"max_hp_loss":0,"event_name":"Addict","floor":31,"gold_loss":85},{"damage_healed":0,"gold_gain":0,"player_choice":"Embrace Madness","damage_taken":9,"max_hp_gain":0,"max_hp_loss":0,"event_name":"Winding Halls","floor":38,"gold_loss":0,"cards_obtained":["Madness","Madness"]},{"cards_removed":["Doom and Gloom"],"damage_healed":0,"gold_gain":0,"player_choice":"Removed Attack","damage_taken":0,"max_hp_gain":0,"max_hp_loss":0,"event_name":"Falling","floor":41,"gold_loss":0}],"is_beta":false,"boss_relics":[{"not_picked":["Cursed Key","Eternal Feather"],"picked":"Velvet Choker"},{"not_picked":["Black Star","Runic Pyramid"],"picked":"Philosopher\u0027s Stone"}],"items_purged_floors":[14,19,37],"is_endless":false,"potions_floor_spawned":[1,4,10,12,13,18,21,22,23,28,35,36],"killed_by":"Writhing Mass","ascension_level":2}