{"gold_per_floor":[119,119,44,44,44,78,105,105,128,128,142,42,42,42,42,173,173,198,198,211,236,254,254,290,308,334,334,15,15,15,39,39,160,160,181,201,51,51,70,109,109,124,124,124,124],"floor_reached":45,"playtime":3645,"items_purged":["Defend_G","Strike_G","Decay","Quick Slash"],"score":484,"play_id":"68fe0019-66b7-434f-8243-70e8e781f901","local_time":"20181211201843","is_ascension_mode":false,"campfire_choices":[{"data":"Noxious Fumes","floor":8.0,"key":"SMITH"},{"data":"Deadly Poison","floor":10.0,"key":"SMITH"},{"data":"Neutralize","floor":13.0,"key":"SMITH"},{"data":"Survivor","floor":15.0,"key":"SMITH"},{"floor":23.0,"key":"REST"},{"floor":27.0,"key":"REST"},{"data":"Burst","floor":30.0,"key":"SMITH"},{"floor":32.0,"key":"REST"},{"floor":41,"key":"REST"},{"floor":44,"key":"REST"}],"neow_cost":"NONE","seed_source_timestamp":0,"circlet_count":0,"master_deck":["Survivor+1","Neutralize+1","Noxious Fumes+1","Deadly Poison+1","Envenom","Endless Agony","Dash+1","Tactician","Backflip","Prepared","Bane+1","Deadly Poison","Burst+1","Burst","Noxious Fumes","Poisoned Stab+1","Poisoned Stab+1","Bane+1"],"special_seed":0,"relics":["Ring of the Serpent","NeowsBlessing","Golden Idol","Ancient Tea Set","Potion Belt","Centennial Puzzle","Pandora\u0027s Box","Pen Nib","Bag of Preparation","TwistedFunnel","Blood Vial","Whetstone"],"potions_floor_usage":[40,40,40,45],"damage_taken":[{"damage":0.0,"enemies":"2 Louse","floor":1.0,"turns":1.0},{"damage":0.0,"enemies":"Lagavulin","floor":6.0,"turns":1.0},{"damage":0.0,"enemies":"Small Slimes","floor":11.0,"turns":1.0},{"damage":16.0,"enemies":"The Guardian","floor":16.0,"turns":9.0},{"damage":5.0,"enemies":"Chosen","floor":18.0,"turns":3.0},{"damage":16.0,"enemies":"2 Thieves","floor":20.0,"turns":4.0},{"damage":10.0,"enemies":"Snecko","floor":21.0,"turns":5.0},{"damage":4.0,"enemies":"Snake Plant","floor":22.0,"turns":5.0},{"damage":31.0,"enemies":"Slavers","floor":24.0,"turns":5.0},{"damage":14.0,"enemies":"Sentry and Sphere","floor":25.0,"turns":5.0},{"damage":13.0,"enemies":"Cultist and Chosen","floor":31.0,"turns":4.0},{"damage":29.0,"enemies":"Champ","floor":33.0,"turns":8.0},{"damage":34,"enemies":"3 Darklings","floor":35,"turns":4},{"damage":1,"enemies":"Orb Walker","floor":36,"turns":3},{"damage":9,"enemies":"Transient","floor":39,"turns":5},{"damage":23,"enemies":"Nemesis","floor":40,"turns":7},{"damage":16,"enemies":"4 Shapes","floor":42,"turns":4},{"damage":39,"enemies":"Reptomancer","floor":45,"turns":3}],"seed_played":"-6163809775235853614","potions_obtained":[{"floor":1.0,"key":"AttackPotion"},{"floor":11.0,"key":"SkillPotion"},{"floor":16.0,"key":"SpeedPotion"},{"floor":18.0,"key":"SpeedPotion"},{"floor":21.0,"key":"GamblersBrew"},{"floor":24.0,"key":"PowerPotion"},{"floor":33.0,"key":"Dexterity Potion"},{"floor":35,"key":"SpeedPotion"},{"floor":39,"key":"PowerPotion"},{"floor":42,"key":"Regen Potion"}],"is_trial":false,"path_per_floor":["M","M","?","$","?","?","E","T","R","T","R","M","$","R","?","R","B",null,"M","?","M","M","M","R","E","M","T","R","$","?","R","M","R","B",null,"M","M","$","?","M","E","R","M","T","R","E"],"character_chosen":"THE_SILENT","items_purchased":["TwistedFunnel"],"campfire_rested":5,"item_purchase_floors":[28],"current_hp_per_floor":[70,75,75,75,69,69,69,69,69,69,69,69,69,62,62,46,69,64,64,48,38,34,54,23,9,9,29,29,29,29,16,36,7,69,35,34,34,34,25,2,22,8,8,28,0],"gold":124,"neow_bonus":"THREE_ENEMY_KILL","is_prod":false,"is_daily":false,"chose_seed":false,"campfire_upgraded":5,"win_rate":0.0,"timestamp":1544588323,"path_taken":["M","?","$","?","?","E","?","R","T","R","M","$","R","?","R","BOSS","M","?","?","M","M","R","E","M","T","R","?","?","R","M","R","BOSS","M","M","$","?","?","E","R","M","T","R","E"],"build_version":"2018-12-06","purchased_purges":4,"victory":false,"max_hp_per_floor":[70,75,75,75,69,69,69,69,69,69,69,69,69,69,69,69,69,69,69,69,69,69,69,69,69,69,69,69,69,69,69,69,69,69,69,69,69,69,69,69,69,69,69,69,69],"card_choices":[{"not_picked":["Endless Agony","Quick Slash"],"picked":"Noxious Fumes","floor":1.0},{"not_picked":["Escape Plan","Skewer"],"picked":"Deadly Poison","floor":6.0},{"not_picked":["Deflect","Cloak And Dagger","Sucker Punch"],"picked":"SKIP","floor":11.0},{"not_picked":["A Thousand Cuts","Night Terror"],"picked":"Envenom","floor":16.0},{"not_picked":["Deflect+1","Cloak And Dagger"],"picked":"Bane","floor":18.0},{"not_picked":["Blur+1","Venomology","Cloak And Dagger"],"picked":"SKIP","floor":20.0},{"not_picked":["Calculated Gamble+1","Endless Agony","Sucker Punch"],"picked":"SKIP","floor":21.0},{"not_picked":["Infinite Blades","Calculated Gamble"],"picked":"Deadly Poison","floor":22.0},{"not_picked":["Outmaneuver","Endless Agony","Heel Hook"],"picked":"SKIP","floor":24.0},{"not_picked":["Slice","Acrobatics+1"],"picked":"Burst","floor":25.0},{"not_picked":["Dagger Throw","Slice+1","Quick Slash+1"],"picked":"SKIP","floor":31.0},{"not_picked":["Venomology","Unload"],"picked":"Burst","floor":33.0},{"not_picked":["Deflect","Caltrops+1"],"picked":"Noxious Fumes","floor":35},{"not_picked":["Quick Slash+1","Flying Knee"],"picked":"Poisoned Stab+1","floor":36},{"not_picked":["Deflect","PiercingWail","Backflip"],"picked":"SKIP","floor":39},{"not_picked":["Cloak And Dagger","Outmaneuver"],"picked":"Poisoned Stab+1","floor":40},{"not_picked":["Poisoned Stab","Backflip+1"],"picked":"Bane+1","floor":42}],"player_experience":45790,"relics_obtained":[{"floor":6.0,"key":"Ancient Tea Set"},{"floor":7.0,"key":"Potion Belt"},{"floor":9.0,"key":"Centennial Puzzle"},{"floor":24.0,"key":"Pen Nib"},{"floor":26.0,"key":"Bag of Preparation"},{"floor":40,"key":"Blood Vial"},{"floor":43,"key":"Whetstone"}],"event_choices":[{"damage_healed":0.0,"max_hp_gain":5.0,"max_hp_loss":0.0,"gold_gain":0.0,"event_name":"Big Fish","player_choice":"Donut","floor":2.0,"gold_loss":0.0,"damage_taken":0.0},{"cards_removed":["Strike_G"],"damage_healed":0.0,"max_hp_gain":0.0,"max_hp_loss":0.0,"gold_gain":0.0,"event_name":"Living Wall","player_choice":"Forget","floor":4.0,"gold_loss":0.0,"damage_taken":0.0},{"damage_healed":0.0,"max_hp_gain":0.0,"max_hp_loss":6.0,"gold_gain":0.0,"event_name":"Golden Idol","player_choice":"Lose Max HP","floor":5.0,"gold_loss":0.0,"damage_taken":0.0,"relics_obtained":["Golden Idol"]},{"cards_removed":["Defend_G"],"damage_healed":0.0,"max_hp_gain":0.0,"max_hp_loss":0.0,"gold_gain":0.0,"event_name":"Golden Wing","player_choice":"Card Removal","floor":14.0,"gold_loss":0.0,"damage_taken":7.0},{"damage_healed":0.0,"max_hp_gain":0.0,"max_hp_loss":0.0,"gold_gain":0.0,"event_name":"Wheel of Change","player_choice":"Cursed","floor":19.0,"gold_loss":0.0,"damage_taken":0.0,"cards_obtained":["Decay"]},{"damage_healed":0.0,"max_hp_gain":0.0,"max_hp_loss":0.0,"gold_gain":0.0,"event_name":"Vampires","player_choice":"Ignored","floor":29.0,"gold_loss":0.0,"damage_taken":0.0},{"damage_healed":0,"gold_gain":0,"player_choice":"Ignored","damage_taken":0,"max_hp_gain":0,"max_hp_loss":0,"event_name":"NoteForYourself","floor":38,"gold_loss":0}],"is_beta":false,"boss_relics":[{"not_picked":["Coffee Dripper","Tiny House"],"picked":"Pandora\u0027s Box"},{"not_picked":["Black Star","Empty Cage"],"picked":"Ring of the Serpent"}],"items_purged_floors":[3,12,28,37],"is_endless":false,"potions_floor_spawned":[1,11,16,18,21,24,33,35,39,42],"killed_by":"Reptomancer","ascension_level":0}