{"gold_per_floor":[118,118,135,85,85,119,136,162,162,182,53,53,53,71,71,167,167,180,51,61,61,61,93,53,53,53,73,23,38,38,50,50,146,146,156,175,48,48],"floor_reached":38,"playtime":3261,"items_purged":["Defend_B","Strike_B","Hello World","Gash"],"score":527,"play_id":"aab911c2-b706-44d9-96de-5ba2a231be14","local_time":"20181111162153","is_ascension_mode":true,"campfire_choices":[{"data":"Zap","floor":13,"key":"SMITH"},{"floor":15,"key":"REST"},{"data":"Redo","floor":25,"key":"SMITH"},{"data":"Dualcast","floor":30,"key":"SMITH"},{"floor":32,"key":"REST"}],"neow_cost":"NONE","seed_source_timestamp":184328827372000,"circlet_count":0,"master_deck":["Zap+1","Dualcast+1","FTL","Darkness","Defragment","Undo","Redo+1","Compile Driver","Machine Learning","Loop","Consume","Auto Shields+1","Undo+1","Hologram+1","Gash","Buffer","Defragment"],"relics":["Cracked Core","NeowsBlessing","Mercury Hourglass","Juzu Bracelet","Smiling Mask","Ornamental Fan","Philosopher\u0027s Stone","Question Card","PreservedInsect","Empty Cage"],"potions_floor_usage":[8,16,23,23,29,33],"damage_taken":[{"damage":0,"enemies":"2 Louse","floor":1,"turns":1},{"damage":0,"enemies":"Jaw Worm","floor":3,"turns":1},{"damage":0,"enemies":"3 Sentries","floor":6,"turns":1},{"damage":3,"enemies":"Small Slimes","floor":7,"turns":2},{"damage":14,"enemies":"Gremlin Nob","floor":8,"turns":4},{"damage":9,"enemies":"Red Slaver","floor":10,"turns":4},{"damage":1,"enemies":"3 Louse","floor":14,"turns":2},{"damage":9,"enemies":"The Guardian","floor":16,"turns":8},{"damage":13,"enemies":"2 Thieves","floor":18,"turns":3},{"damage":7,"enemies":"Spheric Guardian","floor":20,"turns":4},{"damage":21,"enemies":"Book of Stabbing","floor":23,"turns":4},{"damage":6,"enemies":"Cultist and Chosen","floor":27,"turns":5},{"damage":0,"enemies":"3 Cultists","floor":29,"turns":3},{"damage":15,"enemies":"Centurion and Healer","floor":31,"turns":5},{"damage":0,"enemies":"Champ","floor":33,"turns":7},{"damage":16,"enemies":"Orb Walker","floor":35,"turns":4},{"damage":8,"enemies":"3 Shapes","floor":36,"turns":3},{"damage":54,"enemies":"3 Darklings","floor":38,"turns":3}],"seed_played":"-2260544229461794092","potions_obtained":[{"floor":1,"key":"SkillPotion"},{"floor":6,"key":"Fire Potion"},{"floor":10,"key":"Weak Potion"},{"floor":16,"key":"Regen Potion"},{"floor":20,"key":"Swift Potion"},{"floor":27,"key":"Swift Potion"},{"floor":31,"key":"FearPotion"}],"is_trial":false,"path_per_floor":["M","?","M","?","?","E","M","E","T","M","$","?","R","M","R","B",null,"M","$","M","?","?","E","?","R","T","M","$","M","R","M","R","B",null,"M","M","$","M"],"character_chosen":"DEFECT","items_purchased":["Hello World","Loop","Defragment"],"campfire_rested":2,"item_purchase_floors":[11,19,37],"current_hp_per_floor":[75,68,68,68,68,68,65,51,51,42,42,35,35,34,56,47,75,62,62,55,55,55,43,43,43,43,37,37,37,37,22,44,44,75,59,51,51,0],"gold":48,"neow_bonus":"THREE_ENEMY_KILL","is_prod":false,"is_daily":false,"chose_seed":false,"campfire_upgraded":3,"win_rate":0,"timestamp":1541982113,"path_taken":["M","?","M","?","?","E","M","E","T","M","$","?","R","M","R","BOSS","M","$","M","?","?","E","?","R","T","M","$","M","R","M","R","BOSS","M","M","$","M"],"build_version":"2018-11-08","purchased_purges":4,"victory":false,"max_hp_per_floor":[75,75,75,75,75,75,75,75,75,75,75,75,75,75,75,75,75,75,75,75,75,75,75,75,75,75,75,75,75,75,75,75,75,75,75,75,75,75],"card_choices":[{"not_picked":["Undo","Barrage"],"picked":"FTL","floor":1},{"not_picked":["Undo","Streamline"],"picked":"Darkness","floor":3},{"not_picked":["Ball Lightning","Beam Cell"],"picked":"Defragment","floor":6},{"not_picked":["Thunder Strike","Steam"],"picked":"Undo","floor":7},{"not_picked":["Undo","Cold Snap"],"picked":"Auto Shields","floor":8},{"not_picked":["Turbo","Fusion"],"picked":"Redo","floor":10},{"not_picked":["Coolheaded","BootSequence"],"picked":"Compile Driver","floor":14},{"not_picked":["All For One","Amplify"],"picked":"Machine Learning","floor":16},{"not_picked":["Go for the Eyes","Recycle","Undo"],"picked":"SKIP","floor":18},{"not_picked":["Gash+1","Coolheaded+1","Leap"],"picked":"SKIP","floor":20},{"not_picked":["Sunder","Echo Form","Fusion"],"picked":"SKIP","floor":23},{"not_picked":["Compile Driver","Consume+1","Cold Snap"],"picked":"Undo+1","floor":27},{"not_picked":["Stack","Compile Driver","Steam"],"picked":"Hologram+1","floor":29},{"not_picked":["Storm+1","Streamline+1","Scrape"],"picked":"Gash","floor":31},{"not_picked":["Thunder Strike","Amplify","Seek"],"picked":"Buffer","floor":33},{"not_picked":["Auto Shields","Sweeping Beam+1","Steam","Ball Lightning+1"],"picked":"SKIP","floor":35},{"not_picked":["Streamline+1","Auto Shields+1","Biased Cognition","Steam+1"],"picked":"SKIP","floor":36},{"not_picked":["Streamline+1","Auto Shields+1","Biased Cognition","Steam+1"],"picked":"SKIP","floor":36}],"player_experience":347412,"relics_obtained":[{"floor":6,"key":"Juzu Bracelet"},{"floor":8,"key":"Smiling Mask"},{"floor":9,"key":"Ornamental Fan"},{"floor":23,"key":"Question Card"},{"floor":26,"key":"PreservedInsect"}],"event_choices":[{"damage_healed":0,"gold_gain":0,"player_choice":"Success","damage_taken":7,"relics_obtained":["Mercury Hourglass"],"max_hp_gain":0,"max_hp_loss":0,"event_name":"Scrap Ooze","floor":2,"gold_loss":0},{"cards_removed":["Strike_B"],"damage_healed":0,"gold_gain":0,"player_choice":"Card Removal","damage_taken":0,"max_hp_gain":0,"max_hp_loss":0,"event_name":"The Cleric","floor":4,"gold_loss":50},{"cards_removed":["Strike_B"],"damage_healed":0,"gold_gain":0,"player_choice":"Offered Basic","damage_taken":0,"max_hp_gain":0,"max_hp_loss":0,"event_name":"Bonfire Elementals","floor":5,"gold_loss":0},{"cards_removed":["Defend_B"],"damage_healed":0,"gold_gain":0,"player_choice":"Card Removal","damage_taken":7,"max_hp_gain":0,"max_hp_loss":0,"event_name":"Golden Wing","floor":12,"gold_loss":0},{"damage_healed":0,"gold_gain":0,"cards_transformed":["Strike_B","Defend_B"],"player_choice":"Became Test Subject","damage_taken":0,"max_hp_gain":0,"max_hp_loss":0,"event_name":"Drug Dealer","floor":21,"gold_loss":0,"cards_obtained":["Gash","Consume"]},{"damage_healed":0,"gold_gain":0,"player_choice":"Read","damage_taken":0,"max_hp_gain":0,"max_hp_loss":0,"event_name":"The Library","floor":22,"gold_loss":0,"cards_obtained":["Auto Shields"]},{"damage_healed":0,"gold_gain":0,"player_choice":"Upgraded Two","damage_taken":0,"max_hp_gain":0,"max_hp_loss":0,"event_name":"Designer","floor":24,"gold_loss":40,"cards_upgraded":["Auto Shields","Defend_B"]}],"is_beta":false,"boss_relics":[{"not_picked":["Calling Bell","FrozenCore"],"picked":"Philosopher\u0027s Stone"},{"not_picked":["Velvet Choker","Sozu"],"picked":"Empty Cage"}],"items_purged_floors":[11,19,28,37],"is_endless":false,"potions_floor_spawned":[1,6,10,16,20,27,31],"killed_by":"3 Darklings","ascension_level":2}