{"gold_per_floor":[118,5,19,38,38,63,238,188,213,213,245,245,245,261,261,357,357,376,19,19,19,31,31,51,51,51,51,26,44,44,44,44,44],"floor_reached":33,"playtime":2524,"items_purged":["Defend_R","Strike_R"],"score":251,"play_id":"d0b052e5-528c-4d5b-a442-41afe6df752c","local_time":"20190303222251","is_ascension_mode":false,"campfire_choices":[{"floor":10,"key":"REST"},{"data":"Armaments","floor":12,"key":"SMITH"},{"floor":15,"key":"REST"},{"data":"Flex","floor":23,"key":"SMITH"},{"floor":27,"key":"REST"},{"data":"Metallicize","floor":30,"key":"SMITH"},{"floor":32,"key":"REST"}],"neow_cost":"NONE","seed_source_timestamp":625567791979700,"circlet_count":0,"master_deck":["Strike_R","Strike_R","Strike_R+1","Defend_R","Defend_R","Defend_R","Bash","Headbutt+1","Evolve","Armaments+1","Reckless Charge","Body Slam","Uppercut","Fire Breathing","Offering","Headbutt","Body Slam","Flex+1","Entrench","Impervious","Shrug It Off","Metallicize+1"],"relics":["Burning Blood","Whetstone","Ancient Tea Set","Pantograph","Regal Pillow","Philosopher\u0027s Stone","Gremlin Horn","Prayer Wheel","Art of War"],"potions_floor_usage":[14,22,33,33],"damage_taken":[{"damage":0,"enemies":"Small Slimes","floor":1,"turns":4},{"damage":5,"enemies":"2 Louse","floor":3,"turns":3},{"damage":9,"enemies":"Jaw Worm","floor":4,"turns":4},{"damage":47,"enemies":"3 Sentries","floor":6,"turns":8},{"damage":18,"enemies":"Lagavulin","floor":11,"turns":5},{"damage":6,"enemies":"Large Slime","floor":14,"turns":4},{"damage":62,"enemies":"Hexaghost","floor":16,"turns":10},{"damage":18,"enemies":"Shell Parasite","floor":18,"turns":4},{"damage":29,"enemies":"2 Thieves","floor":22,"turns":4},{"damage":23,"enemies":"Snecko","floor":24,"turns":5},{"damage":39,"enemies":"Cultist and Chosen","floor":29,"turns":6},{"damage":92,"enemies":"Collector","floor":33,"turns":6}],"seed_played":"51420420009376798","potions_obtained":[{"floor":1,"key":"Energy Potion"},{"floor":3,"key":"GamblersBrew"},{"floor":18,"key":"BloodPotion"},{"floor":22,"key":"Poison Potion"}],"is_trial":false,"path_per_floor":["M","$","M","M","?","E","?","?","T","R","E","R","?","M","R","B",null,"M","$","?","?","M","R","M","?","T","R","$","M","R","?","R","B"],"character_chosen":"IRONCLAD","items_purchased":["Evolve","Gremlin Horn","Shrug It Off"],"campfire_rested":4,"item_purchase_floors":[2,19,28],"current_hp_per_floor":[88,88,88,85,78,37,37,37,37,63,51,51,33,33,74,32,88,76,76,76,76,61,61,44,44,44,85,85,52,52,52,88,0],"gold":44,"neow_bonus":"TEN_PERCENT_HP_BONUS","is_prod":false,"is_daily":false,"chose_seed":false,"campfire_upgraded":3,"win_rate":0,"timestamp":1551676971,"path_taken":["M","$","M","M","?","E","?","?","T","R","E","R","?","M","R","BOSS","M","$","?","?","M","R","M","?","T","R","$","M","R","?","R","BOSS"],"build_version":"2019-01-23","purchased_purges":2,"victory":false,"max_hp_per_floor":[88,88,88,88,88,88,88,88,88,88,88,88,88,88,88,88,88,88,88,88,88,88,88,88,88,88,88,88,88,88,88,88,88],"card_choices":[{"not_picked":["Heavy Blade","Pummel"],"picked":"Headbutt","floor":1},{"not_picked":["Twin Strike","Perfected Strike"],"picked":"Armaments","floor":3},{"not_picked":["Pommel Strike","Clothesline"],"picked":"Reckless Charge","floor":4},{"not_picked":["Perfected Strike","Warcry"],"picked":"Body Slam","floor":6},{"not_picked":["Anger","Perfected Strike"],"picked":"Uppercut","floor":11},{"not_picked":["Carnage","Heavy Blade"],"picked":"Fire Breathing","floor":14},{"not_picked":["Impervious","Exhume"],"picked":"Offering","floor":16},{"not_picked":["Pommel Strike","Warcry"],"picked":"Headbutt","floor":18},{"not_picked":["Disarm+1","Thunderclap"],"picked":"Body Slam","floor":22},{"not_picked":["Headbutt","Perfected Strike"],"picked":"Flex","floor":22},{"not_picked":["Seeing Red+1","Clash"],"picked":"Entrench","floor":24},{"not_picked":["Anger","Combust"],"picked":"Impervious","floor":24},{"not_picked":["Sword Boomerang","Wild Strike"],"picked":"Metallicize","floor":29},{"not_picked":["Thunderclap","Heavy Blade","Reckless Charge+1"],"picked":"SKIP","floor":29}],"player_experience":183656,"relics_obtained":[{"floor":6,"key":"Whetstone"},{"floor":9,"key":"Ancient Tea Set"},{"floor":11,"key":"Pantograph"}],"event_choices":[{"cards_removed":["Strike_R"],"damage_healed":0,"gold_gain":0,"player_choice":"Card Removal","damage_taken":7,"max_hp_gain":0,"max_hp_loss":0,"event_name":"Golden Wing","floor":5,"gold_loss":0},{"damage_healed":0,"gold_gain":175,"player_choice":"AGREE","damage_taken":0,"max_hp_gain":0,"max_hp_loss":0,"event_name":"Liars Game","floor":7,"gold_loss":0,"cards_obtained":["Doubt"]},{"cards_removed":["Doubt"],"damage_healed":0,"gold_gain":0,"player_choice":"Card Removal","damage_taken":0,"max_hp_gain":0,"max_hp_loss":0,"event_name":"The Cleric","floor":8,"gold_loss":50},{"damage_healed":0,"gold_gain":0,"player_choice":"Success","damage_taken":18,"relics_obtained":["Regal Pillow"],"max_hp_gain":0,"max_hp_loss":0,"event_name":"Scrap Ooze","floor":13,"gold_loss":0},{"damage_healed":0,"gold_gain":0,"player_choice":"Opened","damage_taken":0,"relics_obtained":["Prayer Wheel"],"max_hp_gain":0,"max_hp_loss":0,"event_name":"The Mausoleum","floor":20,"gold_loss":0},{"damage_healed":0,"gold_gain":0,"player_choice":"Stole Relic","damage_taken":0,"relics_obtained":["Art of War"],"max_hp_gain":0,"max_hp_loss":0,"event_name":"Addict","floor":21,"gold_loss":0,"cards_obtained":["Shame"]},{"damage_healed":0,"gold_gain":0,"player_choice":"Ignored","damage_taken":0,"max_hp_gain":0,"max_hp_loss":0,"event_name":"Ghosts","floor":25,"gold_loss":0},{"cards_removed":["Shame"],"damage_healed":0,"gold_gain":0,"player_choice":"Elegance","damage_taken":0,"max_hp_gain":0,"max_hp_loss":0,"event_name":"Back to Basics","floor":31,"gold_loss":0}],"is_beta":false,"boss_relics":[{"not_picked":["Runic Cube","Fusion Hammer"],"picked":"Philosopher\u0027s Stone"}],"items_purged_floors":[2,19],"is_endless":false,"potions_floor_spawned":[1,3,18,22],"killed_by":"Collector","ascension_level":0}