{"gold_per_floor":[116,134,149,162,42,67,142,152,232,232,232,263,276,290,290,387,387,399,399,399,384,44,44,70,70,95,113,127,141,156,171,171,171],"floor_reached":33,"playtime":3175,"items_purged":[],"score":322,"play_id":"e5c72b97-32d1-4384-8952-02d4dd372c76","local_time":"20190609211338","is_ascension_mode":true,"campfire_choices":[{"floor":11,"key":"REST"},{"floor":15,"key":"REST"},{"floor":23,"key":"REST"},{"floor":25,"key":"REST"},{"floor":32,"key":"REST"}],"neow_cost":"NONE","seed_source_timestamp":109715921266244,"circlet_count":0,"master_deck":["Strike_R","Strike_R","Strike_R","Strike_R","Strike_R","Defend_R","Defend_R","Defend_R","Defend_R","Bash","Armaments","Thunderclap","Cleave","Anger","Flex","Carnage","Inflame","Flex","Pain","Rage","Twin Strike","Barricade","Pommel Strike","Anger","Iron Wave+1","Demon Form"],"relics":["Burning Blood","Singing Bowl","Question Card","FossilizedHelix","Eternal Feather","WarpedTongs","Ginger","Bag of Marbles","Bag of Preparation"],"potions_floor_usage":[12,13,16,16,31,31,31],"damage_taken":[{"damage":10,"enemies":"Jaw Worm","floor":1,"turns":4},{"damage":6,"enemies":"2 Louse","floor":2,"turns":3},{"damage":5,"enemies":"Cultist","floor":3,"turns":4},{"damage":12,"enemies":"Looter","floor":4,"turns":4},{"damage":31,"enemies":"Lagavulin","floor":6,"turns":6},{"damage":9,"enemies":"Exordium Wildlife","floor":8,"turns":3},{"damage":13,"enemies":"Gremlin Nob","floor":12,"turns":3},{"damage":30,"enemies":"Exordium Thugs","floor":13,"turns":5},{"damage":2,"enemies":"3 Louse","floor":14,"turns":3},{"damage":48,"enemies":"The Guardian","floor":16,"turns":9},{"damage":41,"enemies":"3 Byrds","floor":18,"turns":8},{"damage":20,"enemies":"2 Thieves","floor":21,"turns":4},{"damage":57,"enemies":"Book of Stabbing","floor":24,"turns":5},{"damage":19,"enemies":"3 Cultists","floor":27,"turns":5},{"damage":32,"enemies":"Cultist and Chosen","floor":28,"turns":6},{"damage":33,"enemies":"Snecko","floor":29,"turns":6},{"damage":24,"enemies":"3 Cultists","floor":30,"turns":6},{"damage":3,"enemies":"Cultist and Chosen","floor":31,"turns":5},{"damage":75,"enemies":"Collector","floor":33,"turns":5}],"seed_played":"-6846495247339198948","potions_obtained":[{"floor":1,"key":"Poison Potion"},{"floor":4,"key":"Energy Potion"},{"floor":8,"key":"Fire Potion"},{"floor":10,"key":"EssenceOfSteel"},{"floor":14,"key":"AttackPotion"},{"floor":16,"key":"Poison Potion"},{"floor":21,"key":"FairyPotion"},{"floor":28,"key":"Strength Potion"},{"floor":30,"key":"Energy Potion"}],"is_trial":false,"path_per_floor":["M","M","M","M","$","E","?","M","T","?","R","E","M","M","R","B",null,"M","?","?","M","$","R","E","R","T","M","M","M","M","M","R","B"],"character_chosen":"IRONCLAD","items_purchased":["Flex","Carnage","Ginger","Twin Strike"],"campfire_rested":5,"item_purchase_floors":[5,5,22,22],"current_hp_per_floor":[84,84,85,79,79,56,45,44,44,44,71,64,42,48,76,36,98,65,65,65,51,51,93,44,86,86,73,47,20,16,19,64,0],"gold":171,"neow_bonus":"TEN_PERCENT_HP_BONUS","is_prod":false,"is_daily":false,"chose_seed":false,"campfire_upgraded":0,"win_rate":0,"timestamp":1560132818,"path_taken":["M","M","M","M","$","E","?","M","T","?","R","E","?","M","R","BOSS","M","?","?","M","$","R","E","R","T","?","M","M","M","M","R","BOSS"],"build_version":"2019-01-23","purchased_purges":0,"victory":false,"max_hp_per_floor":[88,88,88,88,88,90,90,92,92,92,92,92,94,96,96,98,98,100,100,100,100,100,100,102,102,102,102,102,102,102,102,102,102],"card_choices":[{"not_picked":["Second Wind","Dropkick"],"picked":"Armaments","floor":1},{"not_picked":["Flame Barrier","Clash"],"picked":"Thunderclap","floor":2},{"not_picked":["Thunderclap","Clash"],"picked":"Cleave","floor":3},{"not_picked":["True Grit","Headbutt"],"picked":"Anger","floor":4},{"not_picked":["Disarm","Corruption","Clothesline"],"picked":"Singing Bowl","floor":6},{"not_picked":["Ghostly Armor","Reckless Charge","Power Through"],"picked":"Singing Bowl","floor":8},{"not_picked":["Anger","Rampage","Impervious"],"picked":"Inflame","floor":12},{"not_picked":["Havoc","Pommel Strike","Evolve","Clothesline"],"picked":"Singing Bowl","floor":13},{"not_picked":["Combust","Sentinel","Warcry","Whirlwind"],"picked":"Singing Bowl","floor":14},{"not_picked":["Fiend Fire","Double Tap","Berserk","Feed"],"picked":"Singing Bowl","floor":16},{"not_picked":["Body Slam","Iron Wave","Havoc+1","Rupture"],"picked":"Singing Bowl","floor":18},{"not_picked":["Searing Blow","Pommel Strike","True Grit"],"picked":"Rage","floor":21},{"not_picked":["Combust+1","Havoc+1","Uppercut","Dropkick"],"picked":"Singing Bowl","floor":24},{"not_picked":["Twin Strike","Thunderclap","Havoc"],"picked":"Barricade","floor":27},{"not_picked":["Pummel+1","Seeing Red","Perfected Strike"],"picked":"Pommel Strike","floor":28},{"not_picked":["Headbutt","Havoc","Wild Strike"],"picked":"Anger","floor":29},{"not_picked":["Infernal Blade","Heavy Blade+1","Wild Strike"],"picked":"Iron Wave+1","floor":30},{"not_picked":["Clash","Armaments","Uppercut"],"picked":"Demon Form","floor":31}],"player_experience":102899,"relics_obtained":[{"floor":6,"key":"Singing Bowl"},{"floor":9,"key":"Question Card"},{"floor":12,"key":"FossilizedHelix"},{"floor":24,"key":"Bag of Marbles"},{"floor":26,"key":"Bag of Preparation"}],"event_choices":[{"damage_healed":0,"gold_gain":75,"player_choice":"Gather Gold","damage_taken":11,"max_hp_gain":0,"max_hp_loss":0,"event_name":"World of Goop","floor":7,"gold_loss":0},{"damage_healed":0,"gold_gain":0,"player_choice":"Got Potions","damage_taken":0,"max_hp_gain":0,"max_hp_loss":0,"event_name":"Lab","floor":10,"gold_loss":0},{"damage_healed":0,"gold_gain":0,"player_choice":"Read","damage_taken":0,"max_hp_gain":0,"max_hp_loss":0,"event_name":"The Library","floor":19,"gold_loss":0,"cards_obtained":["Flex"]},{"damage_healed":0,"gold_gain":0,"player_choice":"Rummage","damage_taken":0,"relics_obtained":["WarpedTongs"],"max_hp_gain":0,"max_hp_loss":0,"event_name":"Accursed Blacksmith","floor":20,"gold_loss":0,"cards_obtained":["Pain"]}],"is_beta":false,"boss_relics":[{"not_picked":["Empty Cage","Coffee Dripper"],"picked":"Eternal Feather"}],"items_purged_floors":[],"is_endless":false,"potions_floor_spawned":[1,4,8,14,16,21,28,29,30],"killed_by":"Collector","ascension_level":1}