{"gold_per_floor":[114,64,239,255,266,266,297,307,307,307,15,15,15,32,32,32],"floor_reached":16,"playtime":753,"items_purged":[],"score":160,"play_id":"e1d9ace1-011d-44e0-a01f-5513ace71f1b","local_time":"20181222220712","is_ascension_mode":true,"campfire_choices":[{"data":"Cleave","floor":6,"key":"SMITH"},{"floor":10,"key":"REST"},{"data":"1","floor":15,"key":"LIFT"}],"neow_cost":"NONE","seed_source_timestamp":3487561834772444,"circlet_count":0,"master_deck":["AscendersBane","Strike_R","Strike_R","Strike_R","Strike_R","Defend_R","Defend_R+1","Defend_R","Defend_R","Bash+1","Cleave+1","Doubt","Shrug It Off","Battle Trance","Shrug It Off"],"relics":["Burning Blood","Happy Flower","Darkstone Periapt","Gremlin Horn","Girya"],"potions_floor_usage":[7],"damage_taken":[{"damage":11,"enemies":"Cultist","floor":1,"turns":4},{"damage":7,"enemies":"Small Slimes","floor":4,"turns":5},{"damage":10,"enemies":"2 Louse","floor":5,"turns":2},{"damage":40,"enemies":"3 Sentries","floor":7,"turns":7},{"damage":14,"enemies":"Blue Slaver","floor":8,"turns":5},{"damage":0,"enemies":"2 Fungi Beasts","floor":14,"turns":4},{"damage":36,"enemies":"Hexaghost","floor":16,"turns":10}],"seed_played":"1829057103880698383","potions_obtained":[{"floor":4,"key":"Strength Potion"},{"floor":14,"key":"Fire Potion"}],"is_trial":false,"path_per_floor":["M","?","?","M","M","R","E","M","T","R","$","?","$","M","R","B"],"character_chosen":"IRONCLAD","items_purchased":["Girya"],"campfire_rested":1,"item_purchase_floors":[11],"current_hp_per_floor":[67,67,67,66,62,62,28,20,20,44,44,28,28,34,34,0],"gold":32,"neow_bonus":"RANDOM_COMMON_RELIC","is_prod":false,"is_daily":false,"chose_seed":false,"campfire_upgraded":1,"win_rate":0,"timestamp":1545545232,"path_taken":["M","?","?","M","M","R","E","M","T","R","$","?","?","M","R","BOSS"],"build_version":"2018-12-20","purchased_purges":0,"victory":false,"max_hp_per_floor":[80,80,80,80,80,80,80,80,80,80,80,80,80,80,80,80],"card_choices":[{"not_picked":["Clash","Clothesline"],"picked":"Cleave","floor":1},{"not_picked":["Havoc","Sword Boomerang","Thunderclap"],"picked":"SKIP","floor":4},{"not_picked":["Clothesline","Fire Breathing","Headbutt"],"picked":"SKIP","floor":5},{"not_picked":["Metallicize","Bloodletting"],"picked":"Shrug It Off","floor":7},{"not_picked":["Iron Wave","Feel No Pain"],"picked":"Battle Trance","floor":8},{"not_picked":["Second Wind","Searing Blow"],"picked":"Shrug It Off","floor":14}],"player_experience":500833,"relics_obtained":[{"floor":7,"key":"Darkstone Periapt"},{"floor":9,"key":"Gremlin Horn"}],"event_choices":[{"cards_removed":["Strike_R"],"damage_healed":0,"gold_gain":0,"player_choice":"Card Removal","damage_taken":0,"max_hp_gain":0,"max_hp_loss":0,"event_name":"The Cleric","floor":2,"gold_loss":50},{"damage_healed":0,"gold_gain":175,"player_choice":"AGREE","damage_taken":0,"max_hp_gain":0,"max_hp_loss":0,"event_name":"Liars Game","floor":3,"gold_loss":0,"cards_obtained":["Doubt"]},{"damage_healed":0,"gold_gain":0,"player_choice":"Entered Light","damage_taken":16,"max_hp_gain":0,"max_hp_loss":0,"event_name":"Shining Light","floor":12,"gold_loss":0,"cards_upgraded":["Bash","Defend_R"]}],"is_beta":false,"boss_relics":[],"items_purged_floors":[],"is_endless":false,"potions_floor_spawned":[4,14],"killed_by":"Hexaghost","ascension_level":12}