{"gold_per_floor":[110,285,298,11,11,56,6,6,85,129,129,165,241,311,311,383,383,422,422,460,283,283,339,339,379,457,522,87,126,168,228,228,301,301,319,319,385,400,61,61,130,130,155,211,86,86,105,123,123,123,123,123,46,46],"floor_reached":54,"playtime":22270,"items_purged":["Doubt","Strike_B","Pain"],"score":1165,"play_id":"eaa2928c-cc02-4f53-8e54-d7a19c14c494","local_time":"20190626003052","is_ascension_mode":true,"campfire_choices":[{"floor":11.0,"key":"REST"},{"data":"Conserve Battery","floor":15.0,"key":"SMITH"},{"floor":24.0,"key":"REST"},{"floor":32,"key":"REST"},{"data":"Panache","floor":40,"key":"SMITH"},{"floor":42,"key":"RECALL"},{"floor":46,"key":"REST"},{"data":"Hologram","floor":49,"key":"SMITH"},{"data":"Hologram","floor":52,"key":"SMITH"}],"neow_cost":"NONE","seed_source_timestamp":0,"circlet_count":0,"master_deck":["AscendersBane","Strike_B","Strike_B+1","Defend_B","Defend_B","Defend_B","Defend_B","Zap","Dualcast","Rainbow","Leap","Chill","HandOfGreed+1","Defragment","Compile Driver","Beam Cell","Hologram+1","Coolheaded","Conserve Battery+1","Buffer","Undo","Necronomicurse","Compile Driver","Force Field","Seek","Chaos+1","Genetic Algorithm","Genetic Algorithm","All For One","Stack","Hologram+1","Panache+1","Regret","Sweeping Beam+1","Creative AI","Compile Driver+1"],"special_seed":0,"relics":["Cracked Core","Potion Belt","Anchor","Snecko Eye","Necronomicon","Pen Nib","Shuriken","Orichalcum","Toy Ornithopter","Cursed Key","WarpedTongs","Bag of Marbles","Blood Vial","Regal Pillow"],"potions_floor_usage":[31,33,38,54],"damage_taken":[{"damage":0.0,"enemies":"Small Slimes","floor":1.0,"turns":4.0},{"damage":1.0,"enemies":"Jaw Worm","floor":3.0,"turns":4.0},{"damage":26.0,"enemies":"Gremlin Nob","floor":6.0,"turns":4.0},{"damage":0.0,"enemies":"Cultist","floor":10.0,"turns":2.0},{"damage":4.0,"enemies":"Blue Slaver","floor":12.0,"turns":3.0},{"damage":15.0,"enemies":"3 Sentries","floor":13.0,"turns":6.0},{"damage":5.0,"enemies":"Lots of Slimes","floor":14.0,"turns":4.0},{"damage":2.0,"enemies":"The Guardian","floor":16.0,"turns":9.0},{"damage":3.0,"enemies":"Shell Parasite","floor":18.0,"turns":6.0},{"damage":14.0,"enemies":"Chosen","floor":20.0,"turns":7.0},{"damage":17.0,"enemies":"Slavers","floor":23.0,"turns":7.0},{"damage":1.0,"enemies":"Snake Plant","floor":25.0,"turns":3.0},{"damage":0.0,"enemies":"Centurion and Healer","floor":27.0,"turns":10.0},{"damage":0.0,"enemies":"Snecko","floor":29.0,"turns":6.0},{"damage":22.0,"enemies":"3 Cultists","floor":30.0,"turns":5.0},{"damage":17,"enemies":"Centurion and Healer","floor":31,"turns":7},{"damage":23,"enemies":"Champ","floor":33,"turns":14},{"damage":0,"enemies":"Orb Walker","floor":35,"turns":2},{"damage":4,"enemies":"3 Shapes","floor":37,"turns":6},{"damage":9,"enemies":"3 Darklings","floor":38,"turns":5},{"damage":3,"enemies":"Sphere and 2 Shapes","floor":41,"turns":5},{"damage":19,"enemies":"Nemesis","floor":44,"turns":5},{"damage":0,"enemies":"Spire Growth","floor":47,"turns":5},{"damage":11,"enemies":"Transient","floor":48,"turns":5},{"damage":35,"enemies":"Time Eater","floor":50,"turns":10},{"damage":70,"enemies":"Shield and Spear","floor":54,"turns":4}],"seed_played":"-8762622370307040447","potions_obtained":[{"floor":6.0,"key":"Dexterity Potion"},{"floor":14.0,"key":"Fire Potion"},{"floor":16.0,"key":"EssenceOfSteel"},{"floor":18.0,"key":"Dexterity Potion"},{"floor":20.0,"key":"SpeedPotion"},{"floor":29.0,"key":"SpeedPotion"},{"floor":35,"key":"Poison Potion"},{"floor":41,"key":"Poison Potion"},{"floor":48,"key":"Poison Potion"}],"is_trial":false,"path_per_floor":["M","?","M","$","?","E","$","?","T","M","R","M","E","M","R","B",null,"M","?","M","$","?","E","R","M","T","M","$","M","M","M","R","B",null,"M","?","M","M","$","R","M","R","T","E","$","R","M","M","R","B",null,"R","$","E"],"character_chosen":"DEFECT","items_purchased":["HandOfGreed","Defragment","Explosive Potion","Force Field","Regen Potion","Orichalcum","Toy Ornithopter","Bag of Marbles","Panache","FocusPotion"],"campfire_rested":4,"item_purchase_floors":[4,4,7,21,28,28,28,39,39,53],"current_hp_per_floor":[68,68,67,67,60,34,34,19,19,19,41,37,22,17,17,15,60,57,41,27,27,27,10,32,31,31,31,31,31,19,7,29,11,59,59,59,55,51,51,51,48,48,48,31,31,68,70,61,61,28,63,63,63,0],"gold":46,"neow_bonus":"ONE_RANDOM_RARE_CARD","is_prod":false,"is_daily":false,"chose_seed":false,"campfire_upgraded":4,"win_rate":0,"timestamp":1561534252,"path_taken":["M","?","M","$","?","E","$","?","T","M","R","?","E","M","R","BOSS","M","?","M","$","?","E","R","M","T","M","?","M","?","M","R","BOSS","M","?","?","M","$","R","M","R","T","E","$","R","M","M","R","BOSS","R","$","E"],"build_version":"2019-01-23","purchased_purges":3,"victory":false,"max_hp_per_floor":[75,75,75,75,75,75,75,75,75,75,75,75,75,75,75,75,75,75,75,75,75,75,75,75,75,75,75,75,75,75,75,75,75,75,75,75,75,75,75,75,75,75,75,75,75,75,75,75,75,75,75,75,75,75],"card_choices":[{"not_picked":["Steam","Consume"],"picked":"Leap","floor":1.0},{"not_picked":["FTL","Double Energy"],"picked":"Chill","floor":3.0},{"not_picked":["Steam Power","Double Energy"],"picked":"Compile Driver","floor":6.0},{"not_picked":["Storm","Chill"],"picked":"Beam Cell","floor":10.0},{"not_picked":["Stack","White Noise"],"picked":"Hologram","floor":12.0},{"not_picked":["Gash","Fission"],"picked":"Coolheaded","floor":13.0},{"not_picked":["Gash","Cold Snap"],"picked":"Conserve Battery","floor":14.0},{"not_picked":["Thunder Strike","Creative AI"],"picked":"Buffer","floor":16.0},{"not_picked":["Skim","Gash"],"picked":"Undo","floor":18.0},{"not_picked":["Rebound","Turbo"],"picked":"Compile Driver","floor":20.0},{"not_picked":["Redo","Stack"],"picked":"Seek","floor":23.0},{"not_picked":["Turbo","Leap"],"picked":"Chaos+1","floor":25.0},{"not_picked":["Hologram","Barrage"],"picked":"Genetic Algorithm","floor":27.0},{"not_picked":["Conserve Battery","Steam","Hello World"],"picked":"SKIP","floor":29.0},{"not_picked":["Rip and Tear","Aggregate"],"picked":"Genetic Algorithm","floor":30.0},{"not_picked":["Hello World","Conserve Battery","Fission"],"picked":"SKIP","floor":31},{"not_picked":["Amplify","Rainbow"],"picked":"All For One","floor":33},{"not_picked":["Hello World","Sweeping Beam","Turbo+1"],"picked":"SKIP","floor":35},{"not_picked":["Ball Lightning","Recycle"],"picked":"Stack","floor":37},{"not_picked":["Rebound","Cold Snap"],"picked":"Hologram","floor":38},{"not_picked":["Leap","Static Discharge","Lockon"],"picked":"SKIP","floor":41},{"not_picked":["Coolheaded+1","Ball Lightning"],"picked":"Sweeping Beam+1","floor":44},{"not_picked":["Turbo","Streamline"],"picked":"Creative AI","floor":47},{"not_picked":["Beam Cell","Ball Lightning"],"picked":"Compile Driver+1","floor":48}],"player_experience":1319184,"relics_obtained":[{"floor":6.0,"key":"Potion Belt"},{"floor":13.0,"key":"Anchor"},{"floor":19.0,"key":"Necronomicon"},{"floor":23.0,"key":"Pen Nib"},{"floor":26.0,"key":"Shuriken"},{"floor":43,"key":"Blood Vial"},{"floor":44,"key":"Regal Pillow"}],"event_choices":[{"damage_healed":0.0,"max_hp_gain":0.0,"max_hp_loss":0.0,"gold_gain":175.0,"event_name":"Liars Game","player_choice":"AGREE","floor":2.0,"gold_loss":0.0,"damage_taken":0.0,"cards_obtained":["Doubt"]},{"cards_removed":["Strike_B"],"damage_healed":0.0,"max_hp_gain":0.0,"max_hp_loss":0.0,"gold_gain":0.0,"event_name":"Golden Wing","player_choice":"Card Removal","floor":5.0,"gold_loss":0.0,"damage_taken":7.0},{"damage_healed":0.0,"max_hp_gain":0.0,"max_hp_loss":0.0,"gold_gain":0.0,"event_name":"Shining Light","player_choice":"Entered Light","floor":8.0,"gold_loss":0.0,"damage_taken":15.0,"cards_upgraded":["HandOfGreed","Strike_B"]},{"damage_healed":0.0,"max_hp_gain":0.0,"max_hp_loss":0.0,"gold_gain":0.0,"event_name":"Cursed Tome","player_choice":"Obtained Book","floor":19.0,"gold_loss":0.0,"damage_taken":16.0},{"damage_healed":0.0,"max_hp_gain":0.0,"max_hp_loss":0.0,"gold_gain":0.0,"event_name":"Vampires","player_choice":"Ignored","floor":22.0,"gold_loss":0.0,"damage_taken":0.0},{"damage_healed":0,"gold_gain":0,"player_choice":"Rummage","damage_taken":0,"relics_obtained":["WarpedTongs"],"max_hp_gain":0,"max_hp_loss":0,"event_name":"Accursed Blacksmith","floor":36,"gold_loss":0,"cards_obtained":["Pain"]}],"is_beta":false,"boss_relics":[{"not_picked":["Runic Dome","Velvet Choker"],"picked":"Snecko Eye"},{"not_picked":["Black Star","Busted Crown"],"picked":"Cursed Key"}],"items_purged_floors":[4,21,45],"is_endless":false,"potions_floor_spawned":[6,14,16,18,20,29,35,41,48],"killed_by":"Shield and Spear","ascension_level":13}