{"gold_per_floor":[110,129,129,129,56,56,73,73,96,18,37,65,77,95,95,192,192,206,219,232,251,264,295,313,344,370,63,63,80,80,80,80,179,179,192,206,220,151,170,204,222,236,236,246,206,240,15,44,44,44],"floor_reached":51,"playtime":5109,"items_purged":["Strike_G","Strike_G"],"score":1142,"play_id":"e6cfade3-abf6-48a7-9dc8-86b8af5af801","local_time":"20190711231726","is_ascension_mode":true,"campfire_choices":[{"data":"Neutralize","floor":6,"key":"SMITH"},{"data":"Cloak And Dagger","floor":8,"key":"SMITH"},{"data":"Footwork","floor":15,"key":"SMITH"},{"floor":32,"key":"REST"},{"floor":49,"key":"REST"}],"neow_cost":"NONE","seed_source_timestamp":1975326414002939,"circlet_count":0,"master_deck":["Strike_G","Strike_G","Strike_G+1","Defend_G","Defend_G","Defend_G","Defend_G+1","Defend_G","Survivor","Neutralize+1","Escape Plan","Deadly Poison","Cloak And Dagger+1","Dagger Throw","Cloak And Dagger+1","Noxious Fumes","Footwork+1","PiercingWail","Deflect","Predator","After Image+1","Backflip+1","Poisoned Stab+1","Acrobatics","Deflect","Terror","Blur","Adrenaline","Noxious Fumes","Blade Dance+1","A Thousand Cuts","Cloak And Dagger","Cloak And Dagger+1","Backstab+1","Backflip+1","Flechettes","Deflect+1","Cloak And Dagger+1","Escape Plan","Caltrops","PiercingWail","Blur+1"],"relics":["Ring of the Snake","Anchor","FossilizedHelix","Fusion Hammer","Bottled Tornado","Dead Branch","Centennial Puzzle","Sling","MutagenicStrength","Cursed Key","Paper Crane","PreservedInsect","Dream Catcher","Molten Egg 2"],"potions_floor_usage":[21,36],"damage_taken":[{"damage":5,"enemies":"Small Slimes","floor":1,"turns":5},{"damage":0,"enemies":"2 Louse","floor":2,"turns":3},{"damage":0,"enemies":"Jaw Worm","floor":7,"turns":3},{"damage":0,"enemies":"Red Slaver","floor":11,"turns":3},{"damage":7,"enemies":"Lagavulin","floor":12,"turns":7},{"damage":4,"enemies":"Lots of Slimes","floor":13,"turns":3},{"damage":6,"enemies":"Exordium Thugs","floor":14,"turns":5},{"damage":4,"enemies":"The Guardian","floor":16,"turns":12},{"damage":6,"enemies":"3 Byrds","floor":18,"turns":6},{"damage":0,"enemies":"Chosen","floor":19,"turns":5},{"damage":0,"enemies":"Snake Plant","floor":20,"turns":6},{"damage":1,"enemies":"3 Cultists","floor":21,"turns":7},{"damage":0,"enemies":"Centurion and Healer","floor":22,"turns":7},{"damage":0,"enemies":"Gremlin Leader","floor":23,"turns":8},{"damage":0,"enemies":"Shelled Parasite and Fungi","floor":24,"turns":6},{"damage":20,"enemies":"Slavers","floor":25,"turns":10},{"damage":0,"enemies":"Cultist and Chosen","floor":29,"turns":6},{"damage":0,"enemies":"Automaton","floor":33,"turns":10},{"damage":0,"enemies":"3 Shapes","floor":35,"turns":4},{"damage":12,"enemies":"3 Darklings","floor":36,"turns":5},{"damage":0,"enemies":"Transient","floor":37,"turns":5},{"damage":0,"enemies":"Writhing Mass","floor":39,"turns":6},{"damage":1,"enemies":"Reptomancer","floor":40,"turns":7},{"damage":0,"enemies":"4 Shapes","floor":41,"turns":5},{"damage":0,"enemies":"Transient","floor":42,"turns":5},{"damage":0,"enemies":"Writhing Mass","floor":44,"turns":7},{"damage":0,"enemies":"Nemesis","floor":46,"turns":5},{"damage":0,"enemies":"Reptomancer","floor":48,"turns":6},{"damage":0,"enemies":"Awakened One","floor":50,"turns":14}],"seed_played":"-4096252230134275324","potions_obtained":[{"floor":7,"key":"SpeedPotion"},{"floor":13,"key":"Strength Potion"},{"floor":16,"key":"Poison Potion"},{"floor":22,"key":"FearPotion"},{"floor":24,"key":"Energy Potion"},{"floor":29,"key":"Weak Potion"},{"floor":36,"key":"FearPotion"},{"floor":37,"key":"Regen Potion"}],"is_trial":false,"path_per_floor":["M","M","?","?","$","R","M","R","T","$","M","E","M","M","R","B",null,"M","M","M","M","M","E","M","E","T","$","?","M","?","?","R","B",null,"M","M","M","?","M","E","M","M","T","M","?","E","$","E","R","B",null],"character_chosen":"THE_SILENT","items_purchased":["Cloak And Dagger","Dagger Throw","Noxious Fumes","Noxious Fumes","Sling","Caltrops","PiercingWail"],"campfire_rested":2,"item_purchase_floors":[5,5,10,27,27,47,47],"current_hp_per_floor":[72,72,77,61,61,61,61,61,61,61,61,54,50,44,44,40,82,76,76,76,75,75,75,75,55,55,55,55,55,55,55,79,79,82,82,70,70,70,70,69,69,69,69,69,69,69,69,69,82,82],"gold":44,"neow_bonus":"TEN_PERCENT_HP_BONUS","is_prod":false,"is_daily":false,"chose_seed":false,"campfire_upgraded":3,"win_rate":0,"timestamp":1562912246,"path_taken":["M","M","?","?","?","R","?","R","T","$","M","E","M","M","R","BOSS","M","M","?","M","?","E","M","E","T","$","?","?","?","?","R","BOSS","M","M","M","?","M","E","?","M","T","M","?","E","$","E","R","BOSS"],"build_version":"2019-07-05","purchased_purges":2,"victory":true,"max_hp_per_floor":[77,77,82,82,82,82,82,82,82,82,82,82,82,82,82,82,82,82,82,82,82,82,82,82,82,82,82,82,82,82,82,82,82,82,82,82,82,82,82,82,82,82,82,82,82,82,82,82,82,82],"card_choices":[{"not_picked":["Outmaneuver","Endless Agony"],"picked":"Escape Plan","floor":1},{"not_picked":["Flechettes","Concentrate"],"picked":"Deadly Poison","floor":2},{"not_picked":["Flechettes","Dagger Spray"],"picked":"Cloak And Dagger","floor":7},{"not_picked":["Acrobatics","Skewer"],"picked":"Footwork","floor":11},{"not_picked":["Quick Slash","Die Die Die"],"picked":"PiercingWail","floor":12},{"not_picked":["Flying Knee","Distraction"],"picked":"Deflect","floor":13},{"not_picked":["Deflect","Prepared"],"picked":"Predator","floor":14},{"not_picked":["Tools of the Trade","Phantasmal Killer"],"picked":"After Image","floor":16},{"not_picked":["Blur","Poisoned Stab+1"],"picked":"Backflip+1","floor":18},{"not_picked":["Bane","Prepared"],"picked":"Poisoned Stab+1","floor":19},{"not_picked":["Outmaneuver+1","Slice","Skewer"],"picked":"SKIP","floor":20},{"not_picked":["Prepared","Quick Slash"],"picked":"Acrobatics","floor":21},{"not_picked":["Choke","Burst"],"picked":"Deflect","floor":22},{"not_picked":["Distraction","Skewer"],"picked":"Terror","floor":23},{"not_picked":["Deflect","Heel Hook"],"picked":"Blur","floor":24},{"not_picked":["Quick Slash","Deadly Poison"],"picked":"Adrenaline","floor":25},{"not_picked":["Expertise+1","Dagger Spray"],"picked":"Blade Dance+1","floor":29},{"not_picked":["Corpse Explosion","Wraith Form v2"],"picked":"A Thousand Cuts","floor":33},{"not_picked":["Masterful Stab+1","Riddle With Holes"],"picked":"Cloak And Dagger","floor":35},{"not_picked":["Catalyst","Expertise+1"],"picked":"Cloak And Dagger+1","floor":36},{"not_picked":["Riddle With Holes+1","Noxious Fumes+1"],"picked":"Backstab+1","floor":37},{"not_picked":["Sucker Punch","Dash"],"picked":"Backflip+1","floor":39},{"not_picked":["Sucker Punch","Quick Slash+1","Noxious Fumes"],"picked":"SKIP","floor":40},{"not_picked":["Slice","Bane+1"],"picked":"Flechettes","floor":41},{"not_picked":["Poisoned Stab+1","Bane"],"picked":"Deflect+1","floor":42},{"not_picked":["Bane+1","Poisoned Stab+1"],"picked":"Cloak And Dagger+1","floor":44},{"not_picked":["Corpse Explosion","Tools of the Trade"],"picked":"Escape Plan","floor":46},{"not_picked":["PiercingWail+1","Underhanded Strike"],"picked":"Blur+1","floor":48}],"player_experience":273976,"relics_obtained":[{"floor":9,"key":"Anchor"},{"floor":12,"key":"FossilizedHelix"},{"floor":23,"key":"Bottled Tornado"},{"floor":25,"key":"Dead Branch"},{"floor":26,"key":"Centennial Puzzle"},{"floor":40,"key":"PreservedInsect"},{"floor":46,"key":"Dream Catcher"},{"floor":48,"key":"Molten Egg 2"}],"event_choices":[{"damage_healed":0,"gold_gain":0,"player_choice":"Donut","damage_taken":0,"max_hp_gain":5,"max_hp_loss":0,"event_name":"Big Fish","floor":3,"gold_loss":0},{"damage_healed":0,"gold_gain":0,"player_choice":"Entered Light","damage_taken":16,"max_hp_gain":0,"max_hp_loss":0,"event_name":"Shining Light","floor":4,"gold_loss":0,"cards_upgraded":["Strike_G","Defend_G"]},{"damage_healed":0,"gold_gain":0,"player_choice":"Forge","damage_taken":0,"max_hp_gain":0,"max_hp_loss":0,"event_name":"Accursed Blacksmith","floor":28,"gold_loss":0,"cards_upgraded":["After Image"]},{"damage_healed":0,"gold_gain":0,"player_choice":"Ignored","damage_taken":0,"max_hp_gain":0,"max_hp_loss":0,"event_name":"Vampires","floor":30,"gold_loss":0},{"damage_healed":0,"gold_gain":0,"player_choice":"Inject Mutagens","damage_taken":0,"relics_obtained":["MutagenicStrength"],"max_hp_gain":0,"max_hp_loss":0,"event_name":"Drug Dealer","floor":31,"gold_loss":0},{"damage_healed":0,"gold_gain":0,"player_choice":"Paid Gold","damage_taken":0,"relics_obtained":["Paper Crane"],"max_hp_gain":0,"max_hp_loss":0,"event_name":"WeMeetAgain","floor":38,"gold_loss":69},{"damage_healed":0,"gold_gain":0,"player_choice":"Upgrade","damage_taken":0,"max_hp_gain":0,"max_hp_loss":0,"event_name":"Designer","floor":45,"gold_loss":40,"cards_upgraded":["Cloak And Dagger"]}],"is_beta":false,"boss_relics":[{"not_picked":["Black Star","Runic Dome"],"picked":"Fusion Hammer"},{"not_picked":["Coffee Dripper","Philosopher\u0027s Stone"],"picked":"Cursed Key"}],"items_purged_floors":[27,47],"is_endless":false,"potions_floor_spawned":[7,13,16,18,22,23,24,29,36,37,40,41,46],"ascension_level":4}