{"gold_per_floor":[109,109,128,128,19,19,45,78,105,105,105,105,255,285,285,285],"floor_reached":16,"playtime":1038,"items_purged":[],"score":208,"play_id":"3f3d12d8-ad60-47d2-85ec-32a601db3d6d","local_time":"20190704115845","is_ascension_mode":true,"campfire_choices":[{"data":"Neutralize","floor":6,"key":"SMITH"},{"floor":10,"key":"REST"},{"floor":12,"key":"REST"},{"floor":15,"key":"REST"}],"neow_cost":"TEN_PERCENT_HP_LOSS","seed_source_timestamp":580624731621897,"circlet_count":0,"master_deck":["AscendersBane","Strike_G","Strike_G","Strike_G","Strike_G","Strike_G","Defend_G","Defend_G","Defend_G","Defend_G","Defend_G","Survivor","Neutralize+1","Poisoned Stab","Infinite Blades","Dagger Throw","Footwork","Deadly Poison","Doubt","Choke"],"relics":["Ring of the Snake","Turnip","Odd Mushroom","Blue Candle","Boot","Unceasing Top","Paper Crane"],"potions_floor_usage":[7,8],"damage_taken":[{"damage":16,"enemies":"Jaw Worm","floor":1,"turns":7},{"damage":0,"enemies":"Small Slimes","floor":3,"turns":4},{"damage":16,"enemies":"The Mushroom Lair","floor":7,"turns":5},{"damage":40,"enemies":"Lagavulin","floor":8,"turns":9},{"damage":27,"enemies":"3 Sentries","floor":14,"turns":10},{"damage":23,"enemies":"Hexaghost","floor":16,"turns":9}],"seed_played":"8428544870327813060","potions_obtained":[{"floor":3,"key":"Block Potion"}],"is_trial":false,"path_per_floor":["M","?","M","?","$","R","?","E","T","R","?","R","?","E","R","B"],"character_chosen":"THE_SILENT","items_purchased":["Dagger Throw","SteroidPotion"],"campfire_rested":3,"item_purchase_floors":[5,5],"current_hp_per_floor":[43,60,60,60,60,60,44,4,4,22,11,29,29,2,20,0],"gold":285,"neow_bonus":"ONE_RARE_RELIC","is_prod":false,"is_daily":false,"chose_seed":false,"campfire_upgraded":1,"win_rate":0,"timestamp":1562266725,"path_taken":["M","?","M","?","$","R","?","E","T","R","?","R","?","E","R","BOSS"],"build_version":"2019-07-01","purchased_purges":0,"victory":false,"max_hp_per_floor":[60,60,60,60,60,60,60,60,60,60,60,60,60,60,60,60],"card_choices":[{"not_picked":["Backflip","Blade Dance"],"picked":"Poisoned Stab","floor":1},{"not_picked":["Underhanded Strike","Prepared"],"picked":"Slice","floor":3},{"not_picked":["Underhanded Strike","Dagger Throw"],"picked":"Footwork","floor":7},{"not_picked":["Eviscerate","Heel Hook"],"picked":"Deadly Poison","floor":8},{"not_picked":["Flying Knee","Well Laid Plans"],"picked":"Choke","floor":14}],"player_experience":1399348,"relics_obtained":[{"floor":7,"key":"Odd Mushroom"},{"floor":8,"key":"Blue Candle"},{"floor":9,"key":"Boot"},{"floor":14,"key":"Paper Crane"}],"event_choices":[{"damage_healed":20,"gold_gain":0,"player_choice":"Banana","damage_taken":0,"max_hp_gain":0,"max_hp_loss":0,"event_name":"Big Fish","floor":2,"gold_loss":0},{"damage_healed":0,"gold_gain":0,"cards_transformed":["Slice"],"player_choice":"Change","damage_taken":0,"max_hp_gain":0,"max_hp_loss":0,"event_name":"Living Wall","floor":4,"gold_loss":0,"cards_obtained":["Infinite Blades"]},{"damage_healed":0,"gold_gain":0,"player_choice":"Fought Mushrooms","damage_taken":0,"max_hp_gain":0,"max_hp_loss":0,"event_name":"Mushrooms","floor":7,"gold_loss":0},{"damage_healed":0,"gold_gain":0,"player_choice":"Success","damage_taken":11,"relics_obtained":["Unceasing Top"],"max_hp_gain":0,"max_hp_loss":0,"event_name":"Scrap Ooze","floor":11,"gold_loss":0},{"damage_healed":0,"gold_gain":150,"player_choice":"AGREE","damage_taken":0,"max_hp_gain":0,"max_hp_loss":0,"event_name":"Liars Game","floor":13,"gold_loss":0,"cards_obtained":["Doubt"]}],"is_beta":false,"boss_relics":[],"items_purged_floors":[],"is_endless":false,"potions_floor_spawned":[3],"killed_by":"Hexaghost","ascension_level":20}