{"gold_per_floor":[114,133,133,150,5,5,31,94,94,94,19,36,36,36,36,132,132,146,162,181,181,280,280,280],"floor_reached":24,"playtime":2180,"items_purged":["Strike_R"],"score":194,"play_id":"898b874b-8059-45df-a457-98ab33dded4b","local_time":"20190309091727","is_ascension_mode":false,"campfire_choices":[{"floor":6.0,"key":"RECALL"},{"floor":10.0,"key":"REST"},{"floor":15.0,"key":"REST"},{"data":"1","floor":23,"key":"LIFT"}],"neow_cost":"NONE","seed_source_timestamp":0,"circlet_count":0,"master_deck":["Strike_R+1","Strike_R+1","Strike_R+1","Strike_R+1","Defend_R+1","Defend_R+1","Defend_R+1","Defend_R+1","Bash+1","Flex+1","Heavy Blade","Rupture","Headbutt","Clothesline","Double Tap"],"special_seed":0,"relics":["Burning Blood","Regal Pillow","Girya","Pen Nib","Gambling Chip","Frozen Egg 2","Busted Crown"],"potions_floor_usage":[24],"damage_taken":[{"damage":0.0,"enemies":"2 Louse","floor":1.0,"turns":3.0},{"damage":4.0,"enemies":"Cultist","floor":2.0,"turns":4.0},{"damage":5.0,"enemies":"Small Slimes","floor":4.0,"turns":3.0},{"damage":27.0,"enemies":"Gremlin Nob","floor":7.0,"turns":4.0},{"damage":46.0,"enemies":"Lagavulin Event","floor":8.0,"turns":6.0},{"damage":12.0,"enemies":"Blue Slaver","floor":12.0,"turns":3.0},{"damage":59.0,"enemies":"Slime Boss","floor":16.0,"turns":14.0},{"damage":27.0,"enemies":"Shell Parasite","floor":18.0,"turns":6.0},{"damage":11.0,"enemies":"3 Byrds","floor":19.0,"turns":6.0},{"damage":24,"enemies":"3 Cultists","floor":20,"turns":5},{"damage":46,"enemies":"Gremlin Leader","floor":24,"turns":6}],"seed_played":"7527658342299552476","potions_obtained":[{"floor":4.0,"key":"SpeedPotion"},{"floor":7.0,"key":"EssenceOfSteel"},{"floor":8.0,"key":"SpeedPotion"},{"floor":16.0,"key":"AttackPotion"},{"floor":20,"key":"Poison Potion"}],"is_trial":false,"path_per_floor":["M","M","?","M","$","R","E","?","T","R","$","M","?","T","R","B",null,"M","M","M","?","?","R","E"],"character_chosen":"IRONCLAD","items_purchased":["Regal Pillow"],"campfire_rested":2,"item_purchase_floors":[5],"current_hp_per_floor":[80,80,80,80,80,80,59,19,19,58,58,52,36,36,75,22,80,59,54,36,36,36,36,0],"gold":280,"neow_bonus":"UPGRADE_CARD","is_prod":false,"is_daily":false,"chose_seed":false,"campfire_upgraded":0,"win_rate":0,"timestamp":1552148247,"path_taken":["M","M","?","M","?","R","E","?","T","R","?","M","?","?","R","BOSS","M","?","M","?","?","R","E"],"build_version":"2019-01-23","purchased_purges":1,"victory":false,"max_hp_per_floor":[80,80,80,80,80,80,80,80,80,80,80,80,80,80,80,80,80,80,80,80,80,80,80,80],"card_choices":[{"not_picked":["Headbutt","Pommel Strike"],"picked":"Flex","floor":1.0},{"not_picked":["Anger","Dual Wield"],"picked":"Heavy Blade","floor":2.0},{"not_picked":["Dual Wield","Hemokinesis"],"picked":"Rupture","floor":4.0},{"not_picked":["Thunderclap","Rage","Body Slam"],"picked":"SKIP","floor":7.0},{"not_picked":["Anger","Clothesline"],"picked":"Headbutt","floor":8.0},{"not_picked":["Flex","Twin Strike"],"picked":"Clothesline","floor":12.0},{"not_picked":["Offering","Impervious"],"picked":"Double Tap","floor":16.0},{"not_picked":["Warcry"],"picked":"SKIP","floor":18.0},{"not_picked":["Anger+1"],"picked":"SKIP","floor":19.0},{"not_picked":["Heavy Blade"],"picked":"SKIP","floor":20}],"player_experience":197172,"relics_obtained":[{"floor":7.0,"key":"Girya"},{"floor":8.0,"key":"Pen Nib"},{"floor":9.0,"key":"Gambling Chip"},{"floor":14.0,"key":"Frozen Egg 2"}],"event_choices":[{"damage_healed":0.0,"max_hp_gain":0.0,"max_hp_loss":0.0,"gold_gain":0.0,"event_name":"Upgrade Shrine","player_choice":"Upgraded","floor":3.0,"gold_loss":0.0,"damage_taken":0.0,"cards_upgraded":["Flex"]},{"damage_healed":0.0,"max_hp_gain":0.0,"max_hp_loss":0.0,"gold_gain":0.0,"event_name":"Dead Adventurer","player_choice":"Searched \u00272\u0027 times","floor":8.0,"gold_loss":0.0,"damage_taken":0.0},{"damage_healed":0.0,"max_hp_gain":0.0,"max_hp_loss":0.0,"gold_gain":0.0,"event_name":"Shining Light","player_choice":"Entered Light","floor":13.0,"gold_loss":0.0,"damage_taken":16.0,"cards_upgraded":["Strike_R","Defend_R"]},{"damage_healed":0,"gold_gain":0,"player_choice":"Simplicity","damage_taken":0,"max_hp_gain":0,"max_hp_loss":0,"event_name":"Back to Basics","floor":21,"gold_loss":0,"cards_upgraded":["Strike_R","Strike_R","Strike_R","Defend_R","Defend_R","Defend_R"]},{"damage_healed":0,"gold_gain":99,"player_choice":"Stole From Cult","damage_taken":0,"max_hp_gain":0,"max_hp_loss":0,"event_name":"Nest","floor":22,"gold_loss":0}],"is_beta":false,"boss_relics":[{"not_picked":["Sozu","Black Star"],"picked":"Busted Crown"}],"items_purged_floors":[11],"is_endless":false,"potions_floor_spawned":[4,7,8,16,20],"killed_by":"Gremlin Leader","ascension_level":0}