{"gold_per_floor":[117,117,87,106,119,119,119,194,194,211,224,224],"floor_reached":12,"playtime":901,"items_purged":[],"score":70,"play_id":"556f9ca8-a872-429b-b282-8dfcd376cd96","local_time":"20190703111558","is_ascension_mode":false,"campfire_choices":[{"floor":6,"key":"REST"}],"neow_cost":"PERCENT_DAMAGE","seed_source_timestamp":1309292440584225,"circlet_count":0,"master_deck":["Strike_G","Strike_G","Strike_G","Strike_G","Defend_G","Defend_G","Defend_G","Defend_G","Defend_G","Survivor","Neutralize","Outmaneuver","Underhanded Strike","Bouncing Flask","Deadly Poison","Flying Knee","Terror"],"relics":["Ring of the Snake","Darkstone Periapt"],"potions_floor_usage":[10,11,12,12],"damage_taken":[{"damage":5,"enemies":"Cultist","floor":1,"turns":5},{"damage":2,"enemies":"Jaw Worm","floor":4,"turns":5},{"damage":0,"enemies":"2 Louse","floor":5,"turns":2},{"damage":21,"enemies":"Exordium Thugs","floor":10,"turns":5},{"damage":26,"enemies":"Gremlin Gang","floor":11,"turns":4},{"damage":24,"enemies":"Gremlin Nob","floor":12,"turns":3}],"seed_played":"-150897338999099651","potions_obtained":[{"floor":1,"key":"Weak Potion"},{"floor":3,"key":"AttackPotion"},{"floor":3,"key":"Weak Potion"},{"floor":5,"key":"Energy Potion"},{"floor":10,"key":"Energy Potion"}],"is_trial":false,"path_per_floor":["M","?","?","M","M","R","?","?","T","M","M","E"],"character_chosen":"THE_SILENT","items_purchased":[],"campfire_rested":1,"item_purchase_floors":[],"current_hp_per_floor":[58,58,58,56,56,81,81,70,70,49,23,0],"gold":224,"neow_bonus":"TWENTY_PERCENT_HP_BONUS","is_prod":false,"is_daily":false,"chose_seed":false,"campfire_upgraded":0,"win_rate":0.0,"timestamp":1562170558,"path_taken":["M","?","?","M","?","R","?","?","T","M","M","E"],"build_version":"2019-07-01","purchased_purges":0,"victory":false,"max_hp_per_floor":[84,84,84,84,84,84,84,84,84,84,84,84],"card_choices":[{"not_picked":["Eviscerate","Dodge and Roll"],"picked":"Outmaneuver","floor":1},{"not_picked":["Infinite Blades","Distraction"],"picked":"Bouncing Flask","floor":4},{"not_picked":["Skewer","Footwork"],"picked":"Deadly Poison","floor":5},{"not_picked":["Dagger Spray","Dagger Throw"],"picked":"Flying Knee","floor":10},{"not_picked":["Sucker Punch","Bane"],"picked":"Terror","floor":11}],"player_experience":213647,"relics_obtained":[{"floor":9,"key":"Darkstone Periapt"}],"event_choices":[{"damage_healed":0,"gold_gain":0,"cards_transformed":["Strike_G"],"player_choice":"Change","damage_taken":0,"max_hp_gain":0,"max_hp_loss":0,"event_name":"Living Wall","floor":2,"gold_loss":0,"cards_obtained":["Underhanded Strike"]},{"damage_healed":0,"gold_gain":0,"player_choice":"Bought 2 Potions","damage_taken":0,"max_hp_gain":0,"max_hp_loss":0,"event_name":"The Woman in Blue","floor":3,"gold_loss":0},{"damage_healed":0,"gold_gain":0,"player_choice":"Leave","damage_taken":0,"max_hp_gain":0,"max_hp_loss":0,"event_name":"The Cleric","floor":7,"gold_loss":0},{"damage_healed":0,"gold_gain":75,"player_choice":"Gather Gold","damage_taken":11,"max_hp_gain":0,"max_hp_loss":0,"event_name":"World of Goop","floor":8,"gold_loss":0}],"is_beta":false,"boss_relics":[],"items_purged_floors":[],"is_endless":false,"potions_floor_spawned":[1,5,10],"killed_by":"Gremlin Nob","ascension_level":0}