{"gold_per_floor":[110,127,202,103,113,133,133,308,308,308,340,358,78,78,78,175,175,189,42,142,42,56,56,88,106,106,124,151,201,81,94,94,94],"floor_reached":33,"playtime":5458,"items_purged":["Doubt","Strike_G"],"score":265,"play_id":"4eb18bf5-ff95-4d50-8523-c34ad80d8d51","local_time":"20190114234715","is_ascension_mode":false,"campfire_choices":[{"data":"Tactician","floor":7.0,"key":"SMITH"},{"floor":10.0,"key":"REST"},{"floor":15.0,"key":"REST"},{"floor":23,"key":"REST"},{"floor":32,"key":"REST"}],"neow_cost":"NONE","seed_source_timestamp":0,"circlet_count":0,"master_deck":["Defend_G","Defend_G","Defend_G","Defend_G","Defend_G","Strike_G","Strike_G","Strike_G","Strike_G","Survivor","Neutralize","Acrobatics","Dash","Tactician+1","All Out Attack","Backflip","Predator","Endless Agony","Sucker Punch","PiercingWail","Prepared","Outmaneuver","Unload","Footwork+1","Predator","Dash","Deflect+1","Expertise","Choke","Dagger Throw+1","Blur","Terror","Quick Slash","Dash"],"special_seed":0,"relics":["Ring of the Snake","Bronze Scales","Paper Crane","Blood Vial","Sozu","Tingsha","Dodecahedron","Mummified Hand","Bag of Preparation","Happy Flower"],"potions_floor_usage":[20,33],"damage_taken":[{"damage":6.0,"enemies":"Jaw Worm","floor":1.0,"turns":6.0},{"damage":0.0,"enemies":"2 Louse","floor":2.0,"turns":3.0},{"damage":1.0,"enemies":"Cultist","floor":5.0,"turns":4.0},{"damage":5.0,"enemies":"Exordium Thugs","floor":6.0,"turns":5.0},{"damage":44.0,"enemies":"Lagavulin","floor":11.0,"turns":7.0},{"damage":0.0,"enemies":"2 Fungi Beasts","floor":12.0,"turns":3.0},{"damage":21.0,"enemies":"Hexaghost","floor":16.0,"turns":11.0},{"damage":5,"enemies":"3 Byrds","floor":18,"turns":3},{"damage":3,"enemies":"Colosseum Slavers","floor":20,"turns":5},{"damage":52,"enemies":"Colosseum Nobs","floor":20,"turns":6},{"damage":3,"enemies":"2 Thieves","floor":22,"turns":4},{"damage":4,"enemies":"Gremlin Leader","floor":24,"turns":8},{"damage":8,"enemies":"Centurion and Healer","floor":25,"turns":7},{"damage":3,"enemies":"Snake Plant","floor":27,"turns":3},{"damage":0,"enemies":"Snecko","floor":31,"turns":2},{"damage":54,"enemies":"Automaton","floor":33,"turns":6}],"seed_played":"-183381889322606871","potions_obtained":[{"floor":2.0,"key":"PowerPotion"},{"floor":6.0,"key":"AttackPotion"},{"floor":16.0,"key":"GamblersBrew"}],"is_trial":false,"path_per_floor":["M","M","?","$","M","M","R","?","T","R","E","M","$","?","R","B",null,"M","$","?","$","M","R","E","M","T","M","T","?","$","M","R","B"],"character_chosen":"THE_SILENT","items_purchased":["All Out Attack","Backflip","Prepared","Blood Vial","Predator","Dash","Terror","Quick Slash"],"campfire_rested":4,"item_purchase_floors":[4,4,13,13,19,19,30,30],"current_hp_per_floor":[64,64,53,53,52,47,47,47,47,68,24,24,24,24,45,26,70,65,65,14,14,13,34,32,26,26,25,25,25,25,27,48,0],"gold":94,"neow_bonus":"THREE_CARDS","is_prod":false,"is_daily":false,"chose_seed":false,"campfire_upgraded":1,"win_rate":0.0,"timestamp":1547506035,"path_taken":["M","M","?","$","M","M","R","?","T","R","E","M","$","?","R","BOSS","M","$","?","$","M","R","E","M","T","M","?","?","$","?","R","BOSS"],"build_version":"2019-01-10","purchased_purges":2,"victory":false,"max_hp_per_floor":[70,70,70,70,70,70,70,70,70,70,70,70,70,70,70,70,70,70,70,70,70,70,70,70,70,70,70,70,70,70,70,70,70],"card_choices":[{"not_picked":["Expertise","Sucker Punch"],"picked":"Acrobatics","floor":0.0},{"not_picked":["Deadly Poison","Choke"],"picked":"Dash","floor":1.0},{"not_picked":["Well Laid Plans","Slice"],"picked":"Tactician","floor":2.0},{"not_picked":["Skewer","Leg Sweep"],"picked":"Predator","floor":5.0},{"not_picked":["Bane","Skewer"],"picked":"Endless Agony","floor":6.0},{"not_picked":["Quick Slash","Underhanded Strike"],"picked":"Sucker Punch","floor":11.0},{"not_picked":["Phantasmal Killer","Bane"],"picked":"PiercingWail","floor":12.0},{"not_picked":["Malaise","Night Terror"],"picked":"Unload","floor":16.0},{"not_picked":["Deadly Poison","Blur"],"picked":"Footwork+1","floor":18},{"not_picked":["Dagger Spray","Outmaneuver"],"picked":"Deflect+1","floor":20},{"not_picked":["Prepared+1","Tactician"],"picked":"Expertise","floor":22},{"not_picked":["A Thousand Cuts","Distraction+1"],"picked":"Choke","floor":24},{"not_picked":["Backflip","Caltrops"],"picked":"Dagger Throw+1","floor":25},{"not_picked":["Slice","Dodge and Roll"],"picked":"Blur","floor":27},{"not_picked":["Blade Dance","Poisoned Stab"],"picked":"Dash","floor":31}],"player_experience":20750,"relics_obtained":[{"floor":9.0,"key":"Bronze Scales"},{"floor":11.0,"key":"Paper Crane"},{"floor":20,"key":"Tingsha"},{"floor":20,"key":"Dodecahedron"},{"floor":24,"key":"Mummified Hand"},{"floor":26,"key":"Bag of Preparation"},{"floor":28,"key":"Happy Flower"}],"event_choices":[{"damage_healed":0.0,"max_hp_gain":0.0,"max_hp_loss":0.0,"gold_gain":75.0,"event_name":"World of Goop","player_choice":"Gather Gold","floor":3.0,"gold_loss":0.0,"damage_taken":11.0},{"damage_healed":0.0,"max_hp_gain":0.0,"max_hp_loss":0.0,"gold_gain":175.0,"event_name":"Liars Game","player_choice":"AGREE","floor":8.0,"gold_loss":0.0,"damage_taken":0.0,"cards_obtained":["Doubt"]},{"damage_healed":0.0,"max_hp_gain":0.0,"max_hp_loss":0.0,"gold_gain":0.0,"event_name":"Match and Keep!","player_choice":"1 cards matched","floor":14.0,"gold_loss":0.0,"damage_taken":0.0,"cards_obtained":["Outmaneuver"]},{"damage_healed":0,"gold_gain":0,"player_choice":"Fight","damage_taken":0,"max_hp_gain":0,"max_hp_loss":0,"event_name":"Colosseum","floor":20,"gold_loss":0},{"damage_healed":0,"gold_gain":0,"player_choice":"Fought Nobs","damage_taken":0,"max_hp_gain":0,"max_hp_loss":0,"event_name":"Colosseum","floor":20,"gold_loss":0},{"damage_healed":0,"gold_gain":100,"player_choice":"Bet on Murderer","damage_taken":0,"max_hp_gain":0,"max_hp_loss":0,"event_name":"The Joust","floor":29,"gold_loss":50}],"is_beta":false,"boss_relics":[{"not_picked":["Runic Pyramid","Coffee Dripper"],"picked":"Sozu"}],"items_purged_floors":[13,21],"is_endless":false,"potions_floor_spawned":[2,6,16,20,20,24,31],"killed_by":"Automaton","ascension_level":0}