{"gold_per_floor":[115,134,152,170,190,190,206,225,225,236,263,263,275,303,303,400,400,417,417,417,417,61,88,88,88],"floor_reached":25,"playtime":3043,"items_purged":[],"score":261,"play_id":"43b33dbe-9266-4d6f-8009-b39d6f31a2aa","local_time":"20190707014823","is_ascension_mode":true,"campfire_choices":[{"data":"Heavy Blade","floor":6,"key":"SMITH"},{"floor":12,"key":"DIG"},{"floor":15,"key":"REST"},{"data":"Double Tap","floor":24,"key":"SMITH"}],"neow_cost":"NONE","seed_source_timestamp":1618700059221490,"circlet_count":0,"master_deck":["Strike_R","Strike_R","Strike_R","Strike_R","Strike_R","Defend_R","Defend_R","Defend_R","Defend_R","Bash","Rage","Seeing Red","Heavy Blade+1","Twin Strike","Intimidate","Seeing Red","Cleave","Body Slam","Flex","Iron Wave","Disarm","Double Tap+1","Pommel Strike","Writhe","Ghostly","Ghostly","Ghostly","Ghostly","Ghostly"],"relics":["Burning Blood","NeowsBlessing","Shovel","Odd Mushroom","Strawberry","Juzu Bracelet","Lizard Tail","Pear","Girya","Mercury Hourglass","Singing Bowl"],"potions_floor_usage":[5,16,16,16,16,16,23,23],"damage_taken":[{"damage":0,"enemies":"Small Slimes","floor":1,"turns":1},{"damage":0,"enemies":"Jaw Worm","floor":2,"turns":1},{"damage":0,"enemies":"Cultist","floor":3,"turns":1},{"damage":9,"enemies":"Blue Slaver","floor":4,"turns":4},{"damage":0,"enemies":"Large Slime","floor":5,"turns":6},{"damage":10,"enemies":"2 Fungi Beasts","floor":7,"turns":4},{"damage":10,"enemies":"3 Louse","floor":8,"turns":4},{"damage":5,"enemies":"Gremlin Gang","floor":10,"turns":5},{"damage":20,"enemies":"The Mushroom Lair","floor":11,"turns":4},{"damage":4,"enemies":"Large Slime","floor":13,"turns":5},{"damage":28,"enemies":"3 Sentries","floor":14,"turns":5},{"damage":82,"enemies":"The Guardian","floor":16,"turns":15},{"damage":33,"enemies":"Chosen","floor":18,"turns":7},{"damage":55,"enemies":"Slavers","floor":23,"turns":8},{"damage":28,"enemies":"Book of Stabbing","floor":25,"turns":7}],"seed_played":"8143885777874763047","potions_obtained":[{"floor":3,"key":"PowerPotion"},{"floor":4,"key":"Energy Potion"},{"floor":10,"key":"SmokeBomb"},{"floor":11,"key":"EntropicBrew"},{"floor":14,"key":"FearPotion"}],"is_trial":false,"path_per_floor":["M","M","M","M","M","R","M","M","T","M","?","R","M","E","R","B",null,"M","?","?","?","$","E","R","E"],"character_chosen":"IRONCLAD","items_purchased":["SkillPotion","PowerPotion","Mercury Hourglass"],"campfire_rested":1,"item_purchase_floors":[22,22,22],"current_hp_per_floor":[80,80,80,77,80,80,76,72,72,73,59,66,68,46,72,17,87,60,70,70,48,48,25,25,0],"gold":88,"neow_bonus":"THREE_ENEMY_KILL","is_prod":false,"is_daily":false,"chose_seed":false,"campfire_upgraded":2,"win_rate":0,"timestamp":1562482103,"path_taken":["M","M","M","M","M","R","M","M","T","M","?","R","M","E","R","BOSS","M","?","?","?","$","E","R","E"],"build_version":"2019-07-05","purchased_purges":0,"victory":false,"max_hp_per_floor":[80,80,80,80,80,80,80,80,80,80,80,87,87,87,87,87,87,87,97,97,48,48,50,50,50],"card_choices":[{"not_picked":["Perfected Strike","Flex"],"picked":"Rage","floor":1},{"not_picked":["Clothesline","Perfected Strike"],"picked":"Seeing Red","floor":2},{"not_picked":["Armaments","Wild Strike"],"picked":"Heavy Blade","floor":3},{"not_picked":["Sword Boomerang","Reckless Charge"],"picked":"Twin Strike","floor":4},{"not_picked":["Dark Embrace","Armaments"],"picked":"Intimidate","floor":5},{"not_picked":["Rupture","Corruption"],"picked":"Seeing Red","floor":7},{"not_picked":["Headbutt","Bloodletting"],"picked":"Cleave","floor":8},{"not_picked":["Uppercut","Armaments"],"picked":"Body Slam","floor":10},{"not_picked":["Intimidate","Perfected Strike"],"picked":"Flex","floor":11},{"not_picked":["Warcry","Heavy Blade"],"picked":"Iron Wave","floor":13},{"not_picked":["Flame Barrier","Dual Wield"],"picked":"Disarm","floor":14},{"not_picked":["Dark Embrace","Reaper"],"picked":"Double Tap","floor":16},{"not_picked":["Havoc","Burning Pact"],"picked":"Pommel Strike","floor":18},{"not_picked":["Burning Pact","Evolve+1","Combust"],"picked":"Singing Bowl","floor":23}],"player_experience":259471,"relics_obtained":[{"floor":9,"key":"Shovel"},{"floor":11,"key":"Odd Mushroom"},{"floor":12,"key":"Strawberry"},{"floor":14,"key":"Juzu Bracelet"},{"floor":23,"key":"Singing Bowl"}],"event_choices":[{"damage_healed":0,"gold_gain":0,"player_choice":"Fought Mushrooms","damage_taken":0,"max_hp_gain":0,"max_hp_loss":0,"event_name":"Mushrooms","floor":11,"gold_loss":0},{"damage_healed":0,"gold_gain":0,"player_choice":"Opened","damage_taken":0,"relics_obtained":["Pear"],"max_hp_gain":0,"max_hp_loss":0,"event_name":"The Mausoleum","floor":19,"gold_loss":0,"cards_obtained":["Writhe"]},{"damage_healed":0,"gold_gain":0,"player_choice":"Gave Potion","damage_taken":0,"relics_obtained":["Girya"],"max_hp_gain":0,"max_hp_loss":0,"event_name":"WeMeetAgain","floor":20,"gold_loss":0},{"damage_healed":0,"gold_gain":0,"player_choice":"Became a Ghost","damage_taken":0,"max_hp_gain":0,"max_hp_loss":49,"event_name":"Ghosts","floor":21,"gold_loss":0,"cards_obtained":["Ghostly","Ghostly","Ghostly","Ghostly","Ghostly"]}],"is_beta":false,"boss_relics":[{"not_picked":["White Beast Statue","Black Star"],"picked":"Lizard Tail"}],"items_purged_floors":[],"is_endless":false,"potions_floor_spawned":[3,4,10,11,14],"killed_by":"Book of Stabbing","ascension_level":1}