{"gold_per_floor":[112,112,77,134,49,81,81,94,171,171,196,206,217,14,14,90,90,110,128,128,128,128,144,174,188,188,188,188],"floor_reached":28,"playtime":1557,"items_purged":["Strike_B"],"score":488,"play_id":"206a02f8-9f79-4952-9c0b-ed4aac5c704a","local_time":"20190624180849","is_ascension_mode":true,"campfire_choices":[{"data":"Sunder","floor":7,"key":"SMITH"},{"data":"Hologram","floor":15,"key":"SMITH"},{"data":"Dualcast","floor":27,"key":"SMITH"}],"neow_cost":"NONE","seed_source_timestamp":352889233636236,"circlet_count":0,"master_deck":["AscendersBane","Strike_B","Strike_B","Defend_B+1","Defend_B","Defend_B","Defend_B","Zap+1","Dualcast+1","Sunder+1","Undo","Defragment","Darkness","Compile Driver","Cold Snap","Hologram+1","Beam Cell","Electrodynamics","Steam","Necronomicurse","BootSequence+1","Meteor Strike"],"relics":["Cracked Core","Tiny Chest","Ornamental Fan","Mercury Hourglass","Turnip","Coffee Dripper","Cables","Necronomicon","Blood Vial","Frozen Egg 2"],"potions_floor_usage":[6,11,16,19,23],"damage_taken":[{"damage":0,"enemies":"Small Slimes","floor":1,"turns":2},{"damage":15,"enemies":"Lagavulin","floor":6,"turns":5},{"damage":12,"enemies":"Jaw Worm","floor":8,"turns":2},{"damage":10,"enemies":"Gremlin Nob","floor":11,"turns":3},{"damage":0,"enemies":"Cultist","floor":12,"turns":2},{"damage":0,"enemies":"Exordium Thugs","floor":13,"turns":3},{"damage":0,"enemies":"Slime Boss","floor":16,"turns":6},{"damage":2,"enemies":"Shell Parasite","floor":18,"turns":7},{"damage":1,"enemies":"3 Byrds","floor":19,"turns":3},{"damage":17,"enemies":"Sentry and Sphere","floor":23,"turns":4},{"damage":19,"enemies":"Slavers","floor":24,"turns":3},{"damage":0,"enemies":"Snecko","floor":25,"turns":3},{"damage":28,"enemies":"Gremlin Leader","floor":28,"turns":5}],"seed_played":"-3593969405030100982","potions_obtained":[{"floor":1,"key":"Explosive Potion"},{"floor":12,"key":"Fire Potion"},{"floor":16,"key":"AttackPotion"}],"is_trial":false,"path_per_floor":["M","?","?","T","$","E","R","M","T","?","E","M","M","$","R","B",null,"M","M","?","T","?","M","E","M","T","R","E"],"character_chosen":"DEFECT","items_purchased":["Block Potion","Defragment","Beam Cell","FocusPotion"],"campfire_rested":0,"item_purchase_floors":[5,5,14,14],"current_hp_per_floor":[68,53,71,71,71,56,56,44,44,44,34,34,34,34,34,34,65,63,62,75,75,59,42,23,25,25,25,0],"gold":188,"neow_bonus":"THREE_CARDS","is_prod":false,"is_daily":false,"chose_seed":false,"campfire_upgraded":3,"win_rate":0,"timestamp":1561424929,"path_taken":["M","?","?","?","$","E","R","M","T","?","E","?","M","?","R","BOSS","M","M","?","?","?","M","E","?","T","R","E"],"build_version":"2019-01-23","purchased_purges":1,"victory":false,"max_hp_per_floor":[75,75,75,75,75,75,75,75,75,75,75,75,75,75,75,75,75,75,75,75,75,75,75,75,75,75,75,75],"card_choices":[{"not_picked":["Self Repair","Gash"],"picked":"Sunder","floor":0},{"not_picked":["Reinforced Body","Steam"],"picked":"Undo","floor":1},{"not_picked":["Conserve Battery","Capacitor"],"picked":"Darkness","floor":6},{"not_picked":["Sunder","Gash"],"picked":"Compile Driver","floor":8},{"not_picked":["Gash","Stack"],"picked":"Cold Snap","floor":11},{"not_picked":["Streamline","Cold Snap","Storm"],"picked":"SKIP","floor":12},{"not_picked":["Turbo","Hello World"],"picked":"Hologram","floor":13},{"not_picked":["Buffer","All For One"],"picked":"Electrodynamics","floor":16},{"not_picked":["Rebound","Sweeping Beam"],"picked":"Steam","floor":18},{"not_picked":["Static Discharge","Chaos","Reprogram+1"],"picked":"SKIP","floor":19},{"not_picked":["Scrape","Heatsinks","Steam Power"],"picked":"SKIP","floor":23},{"not_picked":["Stack","Reprogram"],"picked":"BootSequence+1","floor":24},{"not_picked":["Sweeping Beam","Stack"],"picked":"Meteor Strike","floor":25}],"player_experience":1312901,"relics_obtained":[{"floor":4,"key":"Tiny Chest"},{"floor":6,"key":"Ornamental Fan"},{"floor":9,"key":"Mercury Hourglass"},{"floor":11,"key":"Turnip"},{"floor":21,"key":"Cables"},{"floor":22,"key":"Necronomicon"},{"floor":24,"key":"Blood Vial"},{"floor":26,"key":"Frozen Egg 2"}],"event_choices":[{"damage_healed":0,"gold_gain":0,"player_choice":"Entered Light","damage_taken":15,"max_hp_gain":0,"max_hp_loss":0,"event_name":"Shining Light","floor":2,"gold_loss":0,"cards_upgraded":["Zap","Defend_B"]},{"damage_healed":18,"gold_gain":0,"player_choice":"Healed","damage_taken":0,"max_hp_gain":0,"max_hp_loss":0,"event_name":"The Cleric","floor":3,"gold_loss":35},{"cards_removed":["Strike_B"],"damage_healed":0,"gold_gain":0,"player_choice":"Offered Basic","damage_taken":0,"max_hp_gain":0,"max_hp_loss":0,"event_name":"Bonfire Elementals","floor":10,"gold_loss":0},{"damage_healed":25,"gold_gain":0,"player_choice":"Heal","damage_taken":0,"max_hp_gain":0,"max_hp_loss":0,"event_name":"The Library","floor":20,"gold_loss":0},{"damage_healed":0,"gold_gain":0,"player_choice":"Obtained Book","damage_taken":16,"max_hp_gain":0,"max_hp_loss":0,"event_name":"Cursed Tome","floor":22,"gold_loss":0}],"is_beta":false,"boss_relics":[{"not_picked":["Ectoplasm","Inserter"],"picked":"Coffee Dripper"}],"items_purged_floors":[14],"is_endless":false,"potions_floor_spawned":[1,12,16,18],"killed_by":"Gremlin Leader","ascension_level":13}