{"gold_per_floor":[369,388,97,112,112,147,107,107,107,107,118,118,135,153,153,153],"floor_reached":16,"playtime":2544,"items_purged":["Strike_G"],"score":194,"play_id":"f9caf040-bf14-48a6-99aa-ec203cf5218b","local_time":"20190619224908","is_ascension_mode":true,"campfire_choices":[{"floor":10,"key":"REST"},{"data":"Neutralize","floor":12,"key":"SMITH"},{"data":"Noxious Fumes","floor":15,"key":"SMITH"}],"neow_cost":"TEN_PERCENT_HP_LOSS","seed_source_timestamp":164879827169102,"circlet_count":0,"master_deck":["AscendersBane","Defend_G","Defend_G","Defend_G","Defend_G","Defend_G","Strike_G","Strike_G","Strike_G","Strike_G","Survivor","Neutralize+1","Skewer","Noxious Fumes","Flechettes","Quick Slash","Noxious Fumes+1","PiercingWail","PiercingWail"],"relics":["Ring of the Snake","Anchor","Singing Bowl","Mummified Hand"],"potions_floor_usage":[11,13,13,16],"damage_taken":[{"damage":24,"enemies":"Jaw Worm","floor":1,"turns":6},{"damage":1,"enemies":"Small Slimes","floor":2,"turns":4},{"damage":0,"enemies":"2 Louse","floor":4,"turns":2},{"damage":32,"enemies":"3 Sentries","floor":6,"turns":8},{"damage":3,"enemies":"Lots of Slimes","floor":11,"turns":3},{"damage":0,"enemies":"Large Slime","floor":13,"turns":4},{"damage":0,"enemies":"3 Louse","floor":14,"turns":4},{"damage":18,"enemies":"Hexaghost","floor":16,"turns":9}],"seed_played":"-1165474587947505893","potions_obtained":[{"floor":6,"key":"Strength Potion"},{"floor":11,"key":"Swift Potion"},{"floor":13,"key":"Swift Potion"}],"is_trial":false,"path_per_floor":["M","M","$","M","?","E","?","?","T","R","M","R","M","M","R","B"],"character_chosen":"THE_SILENT","items_purchased":["Anchor","Poison Potion"],"campfire_rested":1,"item_purchase_floors":[3,3],"current_hp_per_floor":[35,34,34,34,34,2,2,2,2,20,17,17,17,17,17,0],"gold":153,"neow_bonus":"TWO_FIFTY_GOLD","is_prod":false,"is_daily":false,"chose_seed":false,"campfire_upgraded":2,"win_rate":0,"timestamp":1561009748,"path_taken":["M","M","$","M","?","E","?","?","T","R","M","R","M","M","R","BOSS"],"build_version":"2019-01-23","purchased_purges":1,"victory":false,"max_hp_per_floor":[60,60,60,60,60,60,60,60,60,60,60,60,60,60,60,60],"card_choices":[{"not_picked":["Acrobatics","Deadly Poison"],"picked":"Skewer","floor":1},{"not_picked":["Endless Agony","Flying Knee"],"picked":"Noxious Fumes","floor":2},{"not_picked":["Prepared","Blade Dance"],"picked":"Flechettes","floor":4},{"not_picked":["Setup","Deflect"],"picked":"Quick Slash","floor":6},{"not_picked":["Backstab","Finisher"],"picked":"Noxious Fumes","floor":11},{"not_picked":["Slice","Sucker Punch"],"picked":"PiercingWail","floor":13},{"not_picked":["Masterful Stab","Cloak And Dagger"],"picked":"PiercingWail","floor":14}],"player_experience":1275645,"relics_obtained":[{"floor":6,"key":"Singing Bowl"},{"floor":9,"key":"Mummified Hand"}],"event_choices":[{"damage_healed":0,"gold_gain":0,"player_choice":"Ignored","damage_taken":0,"max_hp_gain":0,"max_hp_loss":0,"event_name":"Golden Wing","floor":5,"gold_loss":0},{"damage_healed":0,"gold_gain":0,"player_choice":"Left Gold","damage_taken":0,"max_hp_gain":0,"max_hp_loss":0,"event_name":"World of Goop","floor":7,"gold_loss":40},{"damage_healed":0,"gold_gain":0,"player_choice":"Fled","damage_taken":0,"max_hp_gain":0,"max_hp_loss":0,"event_name":"Scrap Ooze","floor":8,"gold_loss":0}],"is_beta":false,"boss_relics":[],"items_purged_floors":[3],"is_endless":false,"potions_floor_spawned":[6,11,13],"killed_by":"Hexaghost","ascension_level":18}