{"gold_per_floor":[112,123,142,153,173,173,207,221,248,68,96,96,76,87,87,186,186,200,200,77,90,90,90,90,106,106,106],"floor_reached":27,"playtime":3883,"items_purged":["Defend_G","Writhe"],"score":225,"play_id":"7d0254f6-0145-4bcb-82e8-6f13071db192","local_time":"20190109015804","is_ascension_mode":false,"campfire_choices":[{"data":"Dagger Throw","floor":6,"key":"SMITH"},{"floor":15,"key":"REST"},{"data":"Prepared","floor":23,"key":"SMITH"}],"neow_cost":"NONE","seed_source_timestamp":25323783072173,"circlet_count":0,"master_deck":["Defend_G","Defend_G","Defend_G","Defend_G","Strike_G","Strike_G","Strike_G","Strike_G","Strike_G","Survivor","Neutralize","PiercingWail","Prepared","Distraction","Predator","Dagger Throw+1","Outmaneuver","Prepared+1","Sucker Punch","Reflex","Quick Slash","Adrenaline","Finisher+1","Flying Knee"],"relics":["Ring of the Snake","NeowsBlessing","Mango","Bag of Marbles","Sundial","Eternal Feather","Vajra","Bag of Preparation"],"potions_floor_usage":[7,11,11,16,16,16,27,27],"damage_taken":[{"damage":0,"enemies":"Small Slimes","floor":1,"turns":1},{"damage":0,"enemies":"2 Louse","floor":2,"turns":1},{"damage":0,"enemies":"Cultist","floor":3,"turns":1},{"damage":8,"enemies":"Exordium Wildlife","floor":4,"turns":9},{"damage":4,"enemies":"Exordium Thugs","floor":5,"turns":7},{"damage":28,"enemies":"Lagavulin","floor":7,"turns":7},{"damage":6,"enemies":"2 Fungi Beasts","floor":8,"turns":4},{"damage":1,"enemies":"Gremlin Nob","floor":11,"turns":4},{"damage":0,"enemies":"3 Louse","floor":14,"turns":2},{"damage":46,"enemies":"Hexaghost","floor":16,"turns":16},{"damage":15,"enemies":"Chosen","floor":18,"turns":7},{"damage":10,"enemies":"Spheric Guardian","floor":21,"turns":3},{"damage":6,"enemies":"Centurion and Healer","floor":25,"turns":9},{"damage":55,"enemies":"Slavers","floor":27,"turns":10}],"seed_played":"9113905339859311816","potions_obtained":[{"floor":2,"key":"GhostInAJar"},{"floor":4,"key":"Weak Potion"},{"floor":5,"key":"Fire Potion"},{"floor":8,"key":"Energy Potion"},{"floor":11,"key":"Block Potion"},{"floor":14,"key":"PowerPotion"},{"floor":25,"key":"Block Potion"}],"is_trial":false,"path_per_floor":["M","M","M","M","M","R","E","M","T","$","E","?","?","M","R","B",null,"M","?","$","M","?","R","?","M","T","E"],"character_chosen":"THE_SILENT","items_purchased":["Prepared","Sucker Punch","Flying Knee"],"campfire_rested":1,"item_purchase_floors":[10,10,20],"current_hp_per_floor":[70,70,70,62,58,58,44,38,38,38,37,37,37,37,62,16,84,69,69,69,59,59,71,55,49,49,0],"gold":106,"neow_bonus":"THREE_ENEMY_KILL","is_prod":false,"is_daily":false,"chose_seed":false,"campfire_upgraded":2,"win_rate":0.0,"timestamp":1546995484,"path_taken":["M","M","M","M","M","R","E","M","T","$","E","?","?","M","R","BOSS","M","?","$","M","?","R","?","?","T","E"],"build_version":"2019-01-03v4","purchased_purges":2,"victory":false,"max_hp_per_floor":[70,70,70,70,70,70,84,84,84,84,84,84,84,84,84,84,84,84,84,84,84,84,84,84,84,84,84],"card_choices":[{"not_picked":["Sucker Punch","Dodge and Roll"],"picked":"PiercingWail","floor":1},{"not_picked":["Infinite Blades","Sucker Punch"],"picked":"Prepared","floor":2},{"not_picked":["Dagger Spray","Footwork"],"picked":"Distraction","floor":3},{"not_picked":["Tactician","Heel Hook"],"picked":"Predator","floor":4},{"not_picked":["Backflip","Blade Dance"],"picked":"Dagger Throw","floor":5},{"not_picked":["Finisher","Wraith Form v2"],"picked":"Outmaneuver","floor":7},{"not_picked":["Dagger Spray","Noxious Fumes","Dodge and Roll"],"picked":"SKIP","floor":8},{"not_picked":["Skewer","Deadly Poison"],"picked":"Reflex","floor":11},{"not_picked":["PiercingWail","Dagger Throw"],"picked":"Quick Slash","floor":14},{"not_picked":["Malaise","A Thousand Cuts"],"picked":"Adrenaline","floor":16},{"not_picked":["Outmaneuver","Sucker Punch"],"picked":"Finisher+1","floor":18},{"not_picked":["Reflex","Sucker Punch","Noxious Fumes"],"picked":"SKIP","floor":21},{"not_picked":["Poisoned Stab","Dagger Spray","Deflect"],"picked":"SKIP","floor":25}],"player_experience":3412,"relics_obtained":[{"floor":7,"key":"Mango"},{"floor":9,"key":"Bag of Marbles"},{"floor":11,"key":"Sundial"},{"floor":26,"key":"Bag of Preparation"}],"event_choices":[{"damage_healed":0,"gold_gain":0,"player_choice":"Fled","damage_taken":0,"max_hp_gain":0,"max_hp_loss":0,"event_name":"Scrap Ooze","floor":12,"gold_loss":0},{"damage_healed":0,"gold_gain":0,"player_choice":"Left Gold","damage_taken":0,"max_hp_gain":0,"max_hp_loss":0,"event_name":"World of Goop","floor":13,"gold_loss":20},{"damage_healed":0,"gold_gain":0,"player_choice":"Opened","damage_taken":0,"relics_obtained":["Vajra"],"max_hp_gain":0,"max_hp_loss":0,"event_name":"The Mausoleum","floor":19,"gold_loss":0,"cards_obtained":["Writhe"]},{"damage_healed":0,"gold_gain":0,"player_choice":"Ignored","damage_taken":0,"max_hp_gain":0,"max_hp_loss":0,"event_name":"Cursed Tome","floor":22,"gold_loss":0},{"damage_healed":0,"gold_gain":0,"player_choice":"POTION ","damage_taken":16,"max_hp_gain":0,"max_hp_loss":0,"event_name":"Knowing Skull","floor":24,"potions_obtained":["PowerPotion"],"gold_loss":0,"cards_obtained":[]}],"is_beta":false,"boss_relics":[{"not_picked":["Velvet Choker","Lizard Tail"],"picked":"Eternal Feather"}],"items_purged_floors":[10,20],"is_endless":false,"potions_floor_spawned":[2,4,5,8,11,14,25],"killed_by":"Slavers","ascension_level":0}