{"gold_per_floor":[216,234,234,234,251,276,276,286,286,303,629,509,509,527,527,628,628,646,660,234,234,251,285,384,412,412,412,423,447,447,467,467,467],"floor_reached":33,"playtime":4798,"items_purged":[],"score":312,"play_id":"cb7e57f9-6551-489d-bde9-111d062e0753","local_time":"20190708162445","is_ascension_mode":true,"campfire_choices":[{"floor":7,"key":"REST"},{"floor":15,"key":"REST"},{"floor":27,"key":"REST"},{"floor":32,"key":"RECALL"}],"neow_cost":"NONE","seed_source_timestamp":1755930963309734,"circlet_count":0,"master_deck":["Strike_B+1","Strike_B+1","Strike_B+1","Strike_B+1","Defend_B+1","Defend_B+1","Defend_B+1","Defend_B+1","Zap","Dualcast","Sweeping Beam+1","Self Repair","Melter","Rebound+1","Static Discharge","Doom and Gloom","Loop","Storm","Creative AI","Reinforced Body+1","Static Discharge","Redo+1","Static Discharge","Ball Lightning","Rebound+1"],"relics":["Cracked Core","Turnip","StoneCalendar","Old Coin","Gremlin Horn","Lizard Tail","Lee\u0027s Waffle","Whetstone","Bag of Marbles","Boot","Juzu Bracelet"],"potions_floor_usage":[11,16,16,23,31,31,33],"damage_taken":[{"damage":0,"enemies":"2 Louse","floor":1,"turns":3},{"damage":0,"enemies":"Small Slimes","floor":2,"turns":2},{"damage":3,"enemies":"Jaw Worm","floor":5,"turns":3},{"damage":26,"enemies":"3 Sentries","floor":6,"turns":6},{"damage":16,"enemies":"Lots of Slimes","floor":8,"turns":2},{"damage":1,"enemies":"Exordium Wildlife","floor":10,"turns":3},{"damage":40,"enemies":"Gremlin Nob","floor":11,"turns":5},{"damage":9,"enemies":"Blue Slaver","floor":14,"turns":3},{"damage":38,"enemies":"Slime Boss","floor":16,"turns":7},{"damage":29,"enemies":"Chosen","floor":18,"turns":5},{"damage":48,"enemies":"Shell Parasite","floor":19,"turns":6},{"damage":44,"enemies":"Cultist and Chosen","floor":22,"turns":7},{"damage":67,"enemies":"Gremlin Leader","floor":23,"turns":6},{"damage":47,"enemies":"Slavers","floor":25,"turns":4},{"damage":15,"enemies":"Chosen and Byrds","floor":28,"turns":3},{"damage":13,"enemies":"Snake Plant","floor":31,"turns":4},{"damage":24,"enemies":"Champ","floor":33,"turns":6}],"seed_played":"-6407655712392747809","potions_obtained":[{"floor":2,"key":"PowerPotion"},{"floor":6,"key":"Weak Potion"},{"floor":10,"key":"Strength Potion"},{"floor":11,"key":"Poison Potion"},{"floor":18,"key":"SpeedPotion"},{"floor":31,"key":"AttackPotion"}],"is_trial":false,"path_per_floor":["M","M","?","?","M","E","R","M","T","M","E","$","?","M","R","B",null,"M","M","$","?","M","E","?","E","T","R","M","T","?","M","R","B"],"character_chosen":"DEFECT","items_purchased":["Doom and Gloom","Loop","Lee\u0027s Waffle","Whetstone","Regen Potion"],"campfire_rested":3,"item_purchase_floors":[12,12,20,20,20],"current_hp_per_floor":[75,75,75,80,77,58,80,71,71,77,44,44,26,24,48,10,80,58,17,87,87,50,50,50,10,10,36,28,28,28,15,15,0],"gold":467,"neow_bonus":"HUNDRED_GOLD","is_prod":false,"is_daily":false,"chose_seed":false,"campfire_upgraded":0,"win_rate":0,"timestamp":1562621085,"path_taken":["M","M","?","?","M","E","R","M","T","M","E","$","?","M","R","BOSS","M","M","$","?","M","E","?","E","T","R","M","?","?","M","R","BOSS"],"build_version":"2019-07-05","purchased_purges":0,"victory":false,"max_hp_per_floor":[75,75,75,80,80,80,80,80,80,80,80,80,80,80,80,80,80,80,80,87,87,87,87,87,87,87,87,87,87,87,87,87,87],"card_choices":[{"not_picked":["Gash","Steam"],"picked":"Sweeping Beam","floor":1},{"not_picked":["Coolheaded","Steam","Darkness"],"picked":"SKIP","floor":2},{"not_picked":["Barrage","Redo"],"picked":"Self Repair","floor":5},{"not_picked":["Go for the Eyes","Stack"],"picked":"Melter","floor":6},{"not_picked":["Hologram","Reinforced Body","Gash"],"picked":"SKIP","floor":8},{"not_picked":["Cold Snap","Stack"],"picked":"Rebound","floor":10},{"not_picked":["Ball Lightning","Gash"],"picked":"Static Discharge","floor":11},{"not_picked":["Darkness","Core Surge"],"picked":"Storm","floor":14},{"not_picked":["Buffer","Fission"],"picked":"Creative AI","floor":16},{"not_picked":["Go for the Eyes+1","Gash+1"],"picked":"Reinforced Body+1","floor":18},{"not_picked":["Loop","Sweeping Beam+1"],"picked":"Static Discharge","floor":19},{"not_picked":["Gash","Hologram"],"picked":"Redo+1","floor":22},{"not_picked":["Barrage","FTL"],"picked":"Static Discharge","floor":23},{"not_picked":["Loop","Steam Power","Heatsinks"],"picked":"SKIP","floor":25},{"not_picked":["Steam","Meteor Strike"],"picked":"Ball Lightning","floor":28},{"not_picked":["Loop","Hologram"],"picked":"Rebound+1","floor":31}],"player_experience":287781,"relics_obtained":[{"floor":6,"key":"Turnip"},{"floor":9,"key":"StoneCalendar"},{"floor":11,"key":"Old Coin"},{"floor":23,"key":"Bag of Marbles"},{"floor":25,"key":"Boot"},{"floor":29,"key":"Juzu Bracelet"}],"event_choices":[{"damage_healed":0,"gold_gain":0,"player_choice":"Grow","damage_taken":0,"max_hp_gain":0,"max_hp_loss":0,"event_name":"Living Wall","floor":3,"gold_loss":0,"cards_upgraded":["Sweeping Beam"]},{"damage_healed":0,"gold_gain":0,"player_choice":"Donut","damage_taken":0,"max_hp_gain":5,"max_hp_loss":0,"event_name":"Big Fish","floor":4,"gold_loss":0},{"damage_healed":0,"gold_gain":0,"player_choice":"Success","damage_taken":18,"relics_obtained":["Gremlin Horn"],"max_hp_gain":0,"max_hp_loss":0,"event_name":"Scrap Ooze","floor":13,"gold_loss":0},{"damage_healed":0,"gold_gain":0,"player_choice":"Ignored","damage_taken":0,"max_hp_gain":0,"max_hp_loss":0,"event_name":"Vampires","floor":21,"gold_loss":0},{"damage_healed":0,"gold_gain":99,"player_choice":"Stole From Cult","damage_taken":0,"max_hp_gain":0,"max_hp_loss":0,"event_name":"Nest","floor":24,"gold_loss":0},{"damage_healed":0,"gold_gain":0,"player_choice":"Simplicity","damage_taken":0,"max_hp_gain":0,"max_hp_loss":0,"event_name":"Back to Basics","floor":30,"gold_loss":0,"cards_upgraded":["Strike_B","Strike_B","Strike_B","Defend_B","Defend_B","Defend_B","Defend_B"]}],"is_beta":false,"boss_relics":[{"not_picked":["Orrery","Empty Cage"],"picked":"Lizard Tail"}],"items_purged_floors":[],"is_endless":false,"potions_floor_spawned":[2,6,10,11,16,18,31],"killed_by":"Champ","ascension_level":1}