{"gold_per_floor":[109,109,57,57,72,100,100,128,154,168,202,4,29,73,73,202,202,217,240,240,240,259,299,322,322,322,343,343,379,397,411,411,531,531,546,561,619,633,966,993,993,1028,1028,1028,1040,1059,1059,1073,1073,1073],"floor_reached":50,"playtime":4619,"items_purged":[],"score":812,"play_id":"59e3555e-e965-4fb9-848e-db142aadd991","local_time":"20190709194009","is_ascension_mode":true,"campfire_choices":[{"data":"Inflame","floor":15,"key":"SMITH"},{"data":"Armaments","floor":25,"key":"SMITH"},{"data":"Berserk","floor":28,"key":"SMITH"},{"data":"Seeing Red","floor":32,"key":"SMITH"},{"data":"Reaper","floor":41,"key":"SMITH"},{"data":"Demon Form","floor":49,"key":"SMITH"}],"neow_cost":"NONE","seed_source_timestamp":1789990539815904,"circlet_count":0,"master_deck":["Bash+1","Flame Barrier","Armaments+1","Headbutt","Seeing Red+1","Inflame+1","Offering","Feed","Demon Form+1","True Grit","Twin Strike","Whirlwind","Impervious","Reaper+1","Hemokinesis","Shockwave+1","Pommel Strike+1","Shrug It Off","Berserk+1","Rage","Body Slam+1","Exhume","Whirlwind+1","Ghostly Armor","Shrug It Off+1","Impervious","Heavy Blade","Good Instincts","True Grit+1"],"relics":["Burning Blood","NeowsBlessing","Whetstone","Odd Mushroom","Bag of Preparation","Sundial","Toy Ornithopter","Orichalcum","Pandora\u0027s Box","Regal Pillow","Anchor","Pear","StoneCalendar","Coffee Dripper","Dead Branch","Calipers","Kunai","Bottled Tornado"],"potions_floor_usage":[16,30,37,37,40,48,50,50],"damage_taken":[{"damage":0,"enemies":"Small Slimes","floor":1,"turns":1},{"damage":0,"enemies":"Jaw Worm","floor":5,"turns":1},{"damage":0,"enemies":"Lagavulin","floor":6,"turns":1},{"damage":23,"enemies":"The Mushroom Lair","floor":8,"turns":7},{"damage":0,"enemies":"2 Louse","floor":10,"turns":2},{"damage":24,"enemies":"Gremlin Nob","floor":11,"turns":4},{"damage":0,"enemies":"Looter","floor":13,"turns":4},{"damage":8,"enemies":"Lagavulin","floor":14,"turns":5},{"damage":35,"enemies":"Slime Boss","floor":16,"turns":11},{"damage":23,"enemies":"Shell Parasite","floor":18,"turns":7},{"damage":13,"enemies":"3 Byrds","floor":19,"turns":3},{"damage":22,"enemies":"Snake Plant","floor":22,"turns":5},{"damage":44,"enemies":"Slavers","floor":23,"turns":3},{"damage":15,"enemies":"Chosen and Byrds","floor":24,"turns":7},{"damage":17,"enemies":"Cultist and Chosen","floor":27,"turns":7},{"damage":28,"enemies":"Gremlin Leader","floor":29,"turns":5},{"damage":17,"enemies":"Shelled Parasite and Fungi","floor":30,"turns":5},{"damage":24,"enemies":"Sentry and Sphere","floor":31,"turns":5},{"damage":44,"enemies":"Champ","floor":33,"turns":7},{"damage":11,"enemies":"3 Darklings","floor":35,"turns":3},{"damage":21,"enemies":"Orb Walker","floor":36,"turns":4},{"damage":108,"enemies":"2 Orb Walkers","floor":37,"turns":5},{"damage":6,"enemies":"3 Darklings","floor":38,"turns":4},{"damage":15,"enemies":"Nemesis","floor":40,"turns":7},{"damage":21,"enemies":"Giant Head","floor":42,"turns":7},{"damage":12,"enemies":"Spire Growth","floor":45,"turns":7},{"damage":9,"enemies":"Transient","floor":46,"turns":5},{"damage":6,"enemies":"4 Shapes","floor":48,"turns":2},{"damage":72,"enemies":"Awakened One","floor":50,"turns":9}],"seed_played":"-8752327463285345926","potions_obtained":[{"floor":1,"key":"BloodPotion"},{"floor":8,"key":"SkillPotion"},{"floor":14,"key":"Energy Potion"},{"floor":16,"key":"FearPotion"},{"floor":18,"key":"Fire Potion"},{"floor":23,"key":"AttackPotion"},{"floor":31,"key":"Strength Potion"},{"floor":45,"key":"Explosive Potion"},{"floor":46,"key":"Explosive Potion"},{"floor":48,"key":"Regen Potion"}],"is_trial":false,"path_per_floor":["M","?","$","?","M","E","?","?","T","M","E","$","M","E","R","B",null,"M","M","?","?","M","E","M","R","T","M","R","E","M","M","R","B",null,"M","M","?","M","?","E","R","E","T","?","M","M","?","M","R","B"],"character_chosen":"IRONCLAD","items_purchased":["Armaments","Toy Ornithopter"],"campfire_rested":0,"item_purchase_floors":[3,12],"current_hp_per_floor":[80,80,80,73,79,80,60,43,43,49,31,31,37,35,35,31,80,65,71,71,71,65,75,75,75,85,97,97,103,107,93,93,71,111,110,98,18,18,18,14,14,20,20,20,30,34,34,44,44,0],"gold":1073,"neow_bonus":"THREE_ENEMY_KILL","is_prod":false,"is_daily":false,"chose_seed":false,"campfire_upgraded":6,"win_rate":0,"timestamp":1562726409,"path_taken":["M","?","$","?","M","E","?","?","T","M","E","?","M","E","R","BOSS","M","M","?","?","M","E","M","R","T","?","R","E","?","M","R","BOSS","M","M","?","M","?","E","R","E","T","?","M","M","?","M","R","BOSS"],"build_version":"2019-07-05","purchased_purges":0,"victory":false,"max_hp_per_floor":[80,80,80,80,80,80,80,80,80,80,80,80,80,80,80,80,80,80,83,83,83,83,83,86,86,96,100,100,103,107,111,111,111,111,115,118,118,118,118,118,118,118,118,118,118,118,118,118,118,118],"card_choices":[{"not_picked":["Sword Boomerang","Power Through"],"picked":"Flame Barrier","floor":1},{"not_picked":["Heavy Blade","Havoc"],"picked":"Headbutt","floor":5},{"not_picked":["Armaments","Dropkick","Sword Boomerang"],"picked":"SKIP","floor":6},{"not_picked":["Perfected Strike","Havoc"],"picked":"Seeing Red","floor":8},{"not_picked":["Infernal Blade","Bloodletting"],"picked":"Inflame","floor":10},{"not_picked":["Flex","Thunderclap","Sword Boomerang"],"picked":"SKIP","floor":11},{"not_picked":["Body Slam","Intimidate"],"picked":"Offering","floor":13},{"not_picked":["Armaments","Brutality","Wild Strike"],"picked":"SKIP","floor":14},{"not_picked":["Limit Break","Offering"],"picked":"Feed","floor":16},{"not_picked":["Hemokinesis","Burning Pact+1"],"picked":"Shockwave+1","floor":18},{"not_picked":["Shockwave","Anger","Entrench"],"picked":"SKIP","floor":19},{"not_picked":["Perfected Strike+1","Searing Blow","Body Slam"],"picked":"SKIP","floor":22},{"not_picked":["Carnage","Wild Strike"],"picked":"Pommel Strike+1","floor":23},{"not_picked":["Dual Wield","Cleave"],"picked":"Shrug It Off","floor":24},{"not_picked":["Flex+1","Sword Boomerang"],"picked":"Berserk","floor":27},{"not_picked":["Searing Blow+1","Havoc"],"picked":"Rage","floor":29},{"not_picked":["Iron Wave+1","Headbutt"],"picked":"Disarm","floor":30},{"not_picked":["Metallicize","Warcry+1"],"picked":"Body Slam+1","floor":31},{"not_picked":["Immolate","Fiend Fire"],"picked":"Exhume","floor":33},{"not_picked":["Havoc","Perfected Strike+1"],"picked":"Whirlwind+1","floor":35},{"not_picked":["Battle Trance","Body Slam","Searing Blow+1"],"picked":"SKIP","floor":36},{"not_picked":["Pommel Strike+1","Rupture"],"picked":"Ghostly Armor","floor":37},{"not_picked":["Burning Pact+1","Twin Strike+1","Clash"],"picked":"SKIP","floor":38},{"not_picked":["True Grit","Hemokinesis+1"],"picked":"Shrug It Off+1","floor":40},{"not_picked":["Pommel Strike+1","Warcry"],"picked":"Impervious","floor":42},{"not_picked":["Wild Strike","Perfected Strike"],"picked":"Heavy Blade","floor":45},{"not_picked":["Perfected Strike+1","Anger+1","Iron Wave"],"picked":"SKIP","floor":46},{"not_picked":["Trip","Magnetism"],"picked":"Good Instincts","floor":47},{"not_picked":["Havoc+1","Power Through+1"],"picked":"True Grit+1","floor":48}],"player_experience":263242,"relics_obtained":[{"floor":6,"key":"Whetstone"},{"floor":8,"key":"Odd Mushroom"},{"floor":9,"key":"Bag of Preparation"},{"floor":11,"key":"Sundial"},{"floor":14,"key":"Orichalcum"},{"floor":23,"key":"Anchor"},{"floor":26,"key":"Pear"},{"floor":29,"key":"StoneCalendar"},{"floor":37,"key":"Dead Branch"},{"floor":40,"key":"Calipers"},{"floor":42,"key":"Kunai"},{"floor":43,"key":"Bottled Tornado"}],"event_choices":[{"damage_healed":0,"gold_gain":0,"player_choice":"Grow","damage_taken":0,"max_hp_gain":0,"max_hp_loss":0,"event_name":"Living Wall","floor":2,"gold_loss":0,"cards_upgraded":["Bash"]},{"cards_removed":["Defend_R"],"damage_healed":0,"gold_gain":0,"player_choice":"Card Removal","damage_taken":7,"max_hp_gain":0,"max_hp_loss":0,"event_name":"Golden Wing","floor":4,"gold_loss":0},{"damage_healed":0,"gold_gain":0,"player_choice":"Take Damage","damage_taken":20,"relics_obtained":["Golden Idol"],"max_hp_gain":0,"max_hp_loss":0,"event_name":"Golden Idol","floor":7,"gold_loss":0},{"damage_healed":0,"gold_gain":0,"player_choice":"Fought Mushrooms","damage_taken":0,"max_hp_gain":0,"max_hp_loss":0,"event_name":"Mushrooms","floor":8,"gold_loss":0},{"damage_healed":0,"gold_gain":0,"player_choice":"Opened","damage_taken":0,"relics_obtained":["Regal Pillow"],"max_hp_gain":0,"max_hp_loss":0,"event_name":"The Mausoleum","floor":20,"gold_loss":0},{"cards_removed":["Demon Form"],"damage_healed":0,"gold_gain":0,"player_choice":"Purged","damage_taken":0,"max_hp_gain":0,"max_hp_loss":0,"event_name":"Purifier","floor":21,"gold_loss":0},{"damage_healed":0,"gold_gain":0,"player_choice":"Fight","damage_taken":0,"max_hp_gain":0,"max_hp_loss":0,"event_name":"Mysterious Sphere","floor":37,"gold_loss":0},{"damage_healed":0,"gold_gain":333,"player_choice":"Gave Idol","damage_taken":0,"max_hp_gain":0,"max_hp_loss":0,"event_name":"The Moai Head","floor":39,"relics_lost":["Golden Idol"],"gold_loss":0},{"cards_removed":["Disarm"],"damage_healed":0,"gold_gain":0,"player_choice":"Removed Skill","damage_taken":0,"max_hp_gain":0,"max_hp_loss":0,"event_name":"Falling","floor":44,"gold_loss":0},{"damage_healed":0,"gold_gain":0,"player_choice":"Memory 1","damage_taken":0,"max_hp_gain":0,"max_hp_loss":0,"event_name":"SensoryStone","floor":47,"gold_loss":0}],"is_beta":false,"boss_relics":[{"not_picked":["Eternal Feather","Lizard Tail"],"picked":"Pandora\u0027s Box"},{"not_picked":["Runic Dome","Empty Cage"],"picked":"Coffee Dripper"}],"items_purged_floors":[],"is_endless":false,"potions_floor_spawned":[1,8,14,16,18,23,27,29,31,33,36,45,46,48],"killed_by":"Awakened One","ascension_level":4}