{"gold_per_floor":[110,128,139,139,150,150,174,190,214,214,139,163,197,197,197,316,316,332,332,35,49,49,49,49,49,49,49,64,0,15,34,34,34],"floor_reached":33,"playtime":1571,"items_purged":["Strike_G"],"score":245,"play_id":"1862a456-e9a7-4d31-b38e-590e684a1a62","local_time":"20180805111513","is_ascension_mode":false,"campfire_choices":[{"data":"Deadly Poison","floor":6,"key":"SMITH"},{"floor":10,"key":"REST"},{"floor":15,"key":"REST"},{"data":"Deadly Poison","floor":23,"key":"SMITH"},{"data":"Envenom","floor":25,"key":"SMITH"},{"floor":32,"key":"REST"}],"neow_cost":"NONE","seed_source_timestamp":2111929624289997,"circlet_count":0,"master_deck":["Defend_G","Defend_G","Defend_G","Defend_G","Strike_G","Strike_G","Survivor","Neutralize","Acrobatics","Bouncing Flask","Deadly Poison+1","Poisoned Stab","Deadly Poison+1","Bouncing Flask","Envenom+1","Poisoned Stab"],"relics":["Ring of the Snake","Odd Mushroom","Omamori","Blood Vial","Bag of Marbles","Golden Idol","Empty Cage","Sundial","Bottled Lightning"],"potions_floor_usage":[13,16,31,33,33,33],"damage_taken":[{"damage":3,"enemies":"2 Louse","floor":1,"turns":4},{"damage":8,"enemies":"Jaw Worm","floor":2,"turns":4},{"damage":2,"enemies":"Small Slimes","floor":3,"turns":4},{"damage":9,"enemies":"3 Louse","floor":5,"turns":4},{"damage":19,"floor":7,"turns":4},{"damage":7,"enemies":"Looter","floor":8,"turns":3},{"damage":17,"enemies":"3 Sentries","floor":13,"turns":7},{"damage":23,"enemies":"The Guardian","floor":16,"turns":7},{"damage":6,"enemies":"Chosen","floor":18,"turns":4},{"damage":44,"enemies":"3 Byrds","floor":21,"turns":6},{"damage":23,"enemies":"Snake Plant","floor":28,"turns":4},{"damage":6,"enemies":"Sentry and Sphere","floor":30,"turns":4},{"damage":1,"enemies":"Centurion and Healer","floor":31,"turns":8},{"damage":48,"enemies":"Automaton","floor":33,"turns":6}],"seed_played":"-2065192508321527869","potions_obtained":[{"floor":3,"key":"Fire Potion"},{"floor":5,"key":"Energy Potion"},{"floor":7,"key":"Explosive Potion"},{"floor":16,"key":"GamblersBrew"},{"floor":19,"key":"EssenceOfSteel"},{"floor":28,"key":"Energy Potion"},{"floor":31,"key":"Regen Potion"}],"is_trial":false,"path_per_floor":["M","M","M","?","M","R","?","M","T","R","$","T","E","?","R","B",null,"M","?","$","M","?","R","$","R","T","?","M","?","M","M","R"],"character_chosen":"THE_SILENT","items_purchased":["Sundial"],"campfire_rested":3,"item_purchase_floors":[20],"current_hp_per_floor":[67,59,57,62,53,53,34,27,27,49,49,49,34,34,56,35,75,69,69,69,27,27,27,27,27,27,27,6,6,2,3,25,0],"gold":34,"neow_bonus":"TRANSFORM_CARD","is_prod":false,"is_daily":false,"chose_seed":false,"campfire_upgraded":3,"win_rate":0.0,"timestamp":1533492913,"path_taken":["M","M","M","?","M","R","?","?","T","R","$","?","E","?","R","BOSS","M","?","$","M","?","R","$","R","T","?","M","?","M","M","R","BOSS"],"build_version":"2018-08-02","purchased_purges":1,"victory":false,"max_hp_per_floor":[70,70,70,75,75,75,75,75,75,75,75,75,75,75,75,75,75,75,75,75,75,75,75,75,75,75,75,75,75,75,75,75,75],"card_choices":[{"not_picked":["Sucker Punch","Outmaneuver"],"picked":"Bouncing Flask","floor":1},{"not_picked":["Poisoned Stab","Infinite Blades"],"picked":"Deadly Poison","floor":2},{"not_picked":["Underhanded Strike","Footwork","Dagger Spray"],"picked":"SKIP","floor":3},{"not_picked":["Blade Dance","Cloak And Dagger"],"picked":"Poisoned Stab","floor":5},{"not_picked":["Acrobatics","Well Laid Plans"],"picked":"Deadly Poison","floor":8},{"not_picked":["Endless Agony","Bullet Time"],"picked":"Bouncing Flask","floor":13},{"not_picked":["Adrenaline","Storm of Steel"],"picked":"Envenom","floor":16},{"not_picked":["Calculated Gamble","Acrobatics"],"picked":"Poisoned Stab","floor":18},{"not_picked":["Backflip","Prepared","Sucker Punch"],"picked":"SKIP","floor":21},{"not_picked":["Poisoned Stab","Cloak And Dagger","Backflip"],"picked":"SKIP","floor":28},{"not_picked":["Masterful Stab","Dagger Throw+1","Bane"],"picked":"SKIP","floor":30},{"not_picked":["Backflip","Calculated Gamble","Quick Slash"],"picked":"SKIP","floor":31}],"player_experience":40323,"relics_obtained":[{"floor":7,"key":"Odd Mushroom"},{"floor":9,"key":"Omamori"},{"floor":12,"key":"Blood Vial"},{"floor":13,"key":"Bag of Marbles"},{"floor":26,"key":"Bottled Lightning"}],"event_choices":[{"event_name":"Big Fish","player_choice":"Donut","floor":4,"damage_taken":0},{"event_name":"Mushrooms","player_choice":"Fought Mushrooms","floor":7,"damage_taken":0},{"event_name":"Golden Idol","player_choice":"Take Wound","floor":14,"damage_taken":0},{"event_name":"The Lab","player_choice":"Got Potions","floor":19,"damage_taken":0},{"event_name":"Ghosts","player_choice":"Ignored","floor":22,"damage_taken":0},{"event_name":"Drug Dealer","player_choice":"Ignored","floor":27,"damage_taken":0},{"event_name":"Masked Bandits","player_choice":"Paid Bandits 64 gold","floor":29,"damage_taken":0}],"is_beta":false,"boss_relics":[{"not_picked":["Lizard Tail","Orrery"],"picked":"Empty Cage"}],"items_purged_floors":[11],"is_endless":false,"potions_floor_spawned":[3,5,7,16,28,31],"killed_by":"Automaton","ascension_level":0}