{"gold_per_floor":[112,62,12,87,105,138,138,163,163,181,197,197,208,223,223,326,326,339,183,108,108,118,118,147,147,174,174,174,174],"floor_reached":29,"playtime":1214,"items_purged":["Strike_B"],"score":304,"play_id":"5b4d5853-eb13-4aa0-ada2-73eb29b886c2","local_time":"20190624170142","is_ascension_mode":true,"campfire_choices":[{"data":"Conserve Battery","floor":7,"key":"SMITH"},{"data":"Leap","floor":12,"key":"SMITH"},{"data":"Conserve Battery","floor":15,"key":"SMITH"},{"data":"Conserve Battery","floor":23,"key":"SMITH"},{"data":"Cold Snap","floor":25,"key":"SMITH"},{"data":"Cold Snap","floor":28,"key":"SMITH"}],"neow_cost":"NONE","seed_source_timestamp":487892311562611,"circlet_count":0,"master_deck":["Strike_B","Defend_B+1","Defend_B","Defend_B","Defend_B","Zap","Dualcast","Coolheaded+1","Conserve Battery+1","Leap+1","Conserve Battery+1","Cold Snap+1","Ball Lightning","Cold Snap+1","All For One","Consume+1","Storm+1","Conserve Battery+1","Defragment+1","Decay"],"relics":["Cracked Core","NeowsBlessing","Frozen Egg 2","Juzu Bracelet","War Paint","Coffee Dripper","WingedGreaves","Happy Flower","Regal Pillow"],"potions_floor_usage":[24,24,24],"damage_taken":[{"damage":0,"enemies":"Jaw Worm","floor":1,"turns":1},{"damage":0,"enemies":"2 Louse","floor":5,"turns":1},{"damage":0,"enemies":"Gremlin Nob","floor":6,"turns":1},{"damage":13,"enemies":"3 Sentries","floor":8,"turns":14},{"damage":0,"enemies":"Small Slimes","floor":10,"turns":3},{"damage":11,"enemies":"3 Louse","floor":11,"turns":4},{"damage":0,"enemies":"2 Fungi Beasts","floor":13,"turns":5},{"damage":2,"enemies":"Looter","floor":14,"turns":3},{"damage":15,"enemies":"The Guardian","floor":16,"turns":15},{"damage":5,"enemies":"3 Byrds","floor":18,"turns":7},{"damage":12,"enemies":"Spheric Guardian","floor":22,"turns":6},{"damage":62,"enemies":"Gremlin Leader","floor":24,"turns":14},{"damage":5,"enemies":"Masked Bandits","floor":29,"turns":2}],"seed_played":"3542524587449753055","potions_obtained":[{"floor":10,"key":"Weak Potion"},{"floor":14,"key":"Strength Potion"},{"floor":16,"key":"Regen Potion"},{"floor":22,"key":"LiquidBronze"}],"is_trial":false,"path_per_floor":["M","?","$","?","M","E","R","E","T","M","M","R","M","M","R","B",null,"M","$","?","T","M","R","E","R","T","?","R","?"],"character_chosen":"DEFECT","items_purchased":["Conserve Battery","Storm+1","Conserve Battery"],"campfire_rested":0,"item_purchase_floors":[3,19,19],"current_hp_per_floor":[75,75,75,64,64,64,64,51,51,51,40,40,40,38,38,23,75,70,70,70,70,58,58,5,5,5,5,5,0],"gold":174,"neow_bonus":"THREE_ENEMY_KILL","is_prod":false,"is_daily":false,"chose_seed":false,"campfire_upgraded":6,"win_rate":0,"timestamp":1561420902,"path_taken":["M","?","$","?","M","E","R","E","T","M","M","R","M","M","R","BOSS","M","$","?","?","M","R","E","R","T","?","R","?"],"build_version":"2019-01-23","purchased_purges":1,"victory":false,"max_hp_per_floor":[75,75,75,75,75,75,75,75,75,75,75,75,75,75,75,75,75,75,75,75,75,75,75,75,75,75,75,75,75],"card_choices":[{"not_picked":["Melter","Steam Power"],"picked":"Coolheaded","floor":1},{"not_picked":["Compile Driver","Gash"],"picked":"Leap","floor":5},{"not_picked":["Reboot","Hologram"],"picked":"Conserve Battery","floor":6},{"not_picked":["Blizzard","Hologram"],"picked":"Cold Snap","floor":8},{"not_picked":["Go for the Eyes","Stack"],"picked":"Ball Lightning","floor":10},{"not_picked":["Sweeping Beam","Doom and Gloom","Gash"],"picked":"SKIP","floor":11},{"not_picked":["Barrage","Skim","Beam Cell"],"picked":"SKIP","floor":13},{"not_picked":["Turbo","Melter"],"picked":"Cold Snap","floor":14},{"not_picked":["Multi-Cast","Rainbow"],"picked":"All For One","floor":16},{"not_picked":["Stack","Conserve Battery"],"picked":"Consume+1","floor":18},{"not_picked":["Beam Cell","Coolheaded+1"],"picked":"Defragment+1","floor":22},{"not_picked":["Recycle","Stack","Auto Shields"],"picked":"SKIP","floor":24}],"player_experience":217562,"relics_obtained":[{"floor":6,"key":"Frozen Egg 2"},{"floor":8,"key":"Juzu Bracelet"},{"floor":9,"key":"War Paint"},{"floor":21,"key":"WingedGreaves"},{"floor":24,"key":"Happy Flower"},{"floor":26,"key":"Regal Pillow"}],"event_choices":[{"cards_removed":["Strike_B"],"damage_healed":0,"gold_gain":0,"player_choice":"Card Removal","damage_taken":0,"max_hp_gain":0,"max_hp_loss":0,"event_name":"The Cleric","floor":2,"gold_loss":50},{"damage_healed":0,"gold_gain":75,"player_choice":"Gather Gold","damage_taken":11,"max_hp_gain":0,"max_hp_loss":0,"event_name":"World of Goop","floor":4,"gold_loss":0},{"cards_removed":["Strike_B"],"damage_healed":0,"gold_gain":0,"player_choice":"Gave Gold","damage_taken":0,"max_hp_gain":0,"max_hp_loss":0,"event_name":"Beggar","floor":20,"gold_loss":75},{"damage_healed":0,"gold_gain":0,"player_choice":"Smashed Altar","damage_taken":0,"max_hp_gain":0,"max_hp_loss":0,"event_name":"Forgotten Altar","floor":27,"gold_loss":0,"cards_obtained":["Decay"]},{"damage_healed":0,"gold_gain":0,"player_choice":"Fought Bandits","damage_taken":0,"max_hp_gain":0,"max_hp_loss":0,"event_name":"Masked Bandits","floor":29,"gold_loss":0}],"is_beta":false,"boss_relics":[{"not_picked":["Fusion Hammer","Snecko Eye"],"picked":"Coffee Dripper"}],"items_purged_floors":[19],"is_endless":false,"potions_floor_spawned":[10,14,16,22],"killed_by":"Masked Bandits","ascension_level":2}