{"gold_per_floor":[112,132,207,219,219,219,248,279,291,318,330,358,370,414,426,538,550,578,60,44,57,80,80,80],"floor_reached":24,"playtime":2767,"items_purged":[],"score":320,"play_id":"67365ec1-b8db-4402-b2ee-95d4160e5bdd","local_time":"20181223012604","is_ascension_mode":true,"campfire_choices":[{"data":"Discovery","floor":6,"key":"SMITH"},{"floor":11,"key":"REST"},{"floor":15,"key":"REST"},{"floor":23,"key":"REST"}],"neow_cost":"TEN_PERCENT_HP_LOSS","seed_source_timestamp":3497477792520444,"circlet_count":0,"master_deck":["AscendersBane","Strike_R","Strike_R","Strike_R","Strike_R","Strike_R","Defend_R","Defend_R","Defend_R","Defend_R","Bash","Discovery+1","Magnetism","Wild Strike","Burning Pact","Second Wind","Armaments","Ghostly Armor","Shrug It Off","Discovery","Wild Strike","Sever Soul","Havoc+1"],"relics":["Burning Blood","MawBank","Fusion Hammer","ClockworkSouvenir","Champion Belt","Pen Nib"],"potions_floor_usage":[7,16,20,21,24],"damage_taken":[{"damage":5,"enemies":"Small Slimes","floor":1,"turns":4},{"damage":0,"enemies":"Cultist","floor":2,"turns":4},{"damage":3,"enemies":"2 Louse","floor":4,"turns":5},{"damage":18,"enemies":"3 Sentries","floor":7,"turns":7},{"damage":40,"enemies":"Gremlin Gang","floor":8,"turns":4},{"damage":17,"enemies":"Red Slaver","floor":10,"turns":5},{"damage":20,"enemies":"2 Fungi Beasts","floor":12,"turns":5},{"damage":5,"enemies":"Large Slime","floor":14,"turns":6},{"damage":22,"enemies":"Hexaghost","floor":16,"turns":12},{"damage":31,"enemies":"Shell Parasite","floor":18,"turns":7},{"damage":12,"enemies":"2 Thieves","floor":20,"turns":4},{"damage":25,"enemies":"Centurion and Healer","floor":21,"turns":9},{"damage":41,"enemies":"Gremlin Leader","floor":24,"turns":7}],"seed_played":"6894959310452866111","potions_obtained":[{"floor":1,"key":"Strength Potion"},{"floor":4,"key":"Poison Potion"},{"floor":5,"key":"SkillPotion"},{"floor":7,"key":"LiquidBronze"},{"floor":8,"key":"Fire Potion"},{"floor":18,"key":"FearPotion"},{"floor":21,"key":"SpeedPotion"}],"is_trial":false,"path_per_floor":["M","M","?","M","?","R","E","M","T","M","R","M","?","M","R","B",null,"M","$","M","M","T","R","E"],"character_chosen":"IRONCLAD","items_purchased":["ClockworkSouvenir","Champion Belt","Sever Soul"],"campfire_rested":3,"item_purchase_floors":[19,19,19],"current_hp_per_floor":[72,72,61,64,64,64,52,18,18,7,28,14,14,15,36,20,59,34,34,28,9,9,30,0],"gold":80,"neow_bonus":"RANDOM_COLORLESS_2","is_prod":false,"is_daily":false,"chose_seed":false,"campfire_upgraded":1,"win_rate":0,"timestamp":1545557164,"path_taken":["M","M","?","M","?","R","E","M","T","?","R","M","?","M","R","BOSS","M","$","M","?","?","R","E"],"build_version":"2018-12-20","purchased_purges":0,"victory":false,"max_hp_per_floor":[72,72,72,72,72,72,72,72,72,72,72,72,72,72,72,72,72,72,72,72,72,72,72,72],"card_choices":[{"not_picked":["Feel No Pain","True Grit"],"picked":"Wild Strike","floor":1},{"not_picked":["Disarm","Hemokinesis"],"picked":"Burning Pact","floor":2},{"not_picked":["Havoc","Shrug It Off"],"picked":"Second Wind","floor":4},{"not_picked":["Clothesline","Cleave"],"picked":"Armaments","floor":7},{"not_picked":["Cleave","Double Tap"],"picked":"Ghostly Armor","floor":8},{"not_picked":["Twin Strike","Armaments","Disarm"],"picked":"SKIP","floor":10},{"not_picked":["Burning Pact","Uppercut"],"picked":"Shrug It Off","floor":12},{"not_picked":["Pommel Strike","Bludgeon"],"picked":"Wild Strike","floor":14},{"not_picked":["Rupture","Havoc","Clothesline"],"picked":"SKIP","floor":18},{"not_picked":["Infernal Blade","Havoc","Iron Wave+1"],"picked":"SKIP","floor":20},{"not_picked":["Heavy Blade","Warcry"],"picked":"Havoc+1","floor":21}],"player_experience":510513,"relics_obtained":[{"floor":7,"key":"MawBank"},{"floor":22,"key":"Pen Nib"}],"event_choices":[{"damage_healed":0,"gold_gain":75,"player_choice":"Gather Gold","damage_taken":11,"max_hp_gain":0,"max_hp_loss":0,"event_name":"World of Goop","floor":3,"gold_loss":0},{"damage_healed":0,"gold_gain":0,"player_choice":"Got Potions","damage_taken":0,"max_hp_gain":0,"max_hp_loss":0,"event_name":"Lab","floor":5,"gold_loss":0},{"damage_healed":0,"gold_gain":0,"player_choice":"1 cards matched","damage_taken":0,"max_hp_gain":0,"max_hp_loss":0,"event_name":"Match and Keep!","floor":13,"gold_loss":0,"cards_obtained":["Discovery"]}],"is_beta":false,"boss_relics":[{"not_picked":["White Beast Statue","Lizard Tail"],"picked":"Fusion Hammer"}],"items_purged_floors":[],"is_endless":false,"potions_floor_spawned":[1,4,7,8,18,21],"killed_by":"Gremlin Leader","ascension_level":12}