{"gold_per_floor":[114,114,131,131,150,177,193,41,41,41,75,93,103,118,118,217,217,235,235,187,102,102,102,133,133,133,133,145,160,160,173,173,173],"floor_reached":33,"playtime":3645,"items_purged":[],"score":277,"play_id":"bc493ca7-adcd-48ca-bf50-7ad3ffe935e0","local_time":"20190607215938","is_ascension_mode":false,"campfire_choices":[{"data":"Perfected Strike","floor":10,"key":"SMITH"},{"data":"Perfected Strike","floor":15,"key":"SMITH"},{"data":"Armaments","floor":23,"key":"SMITH"},{"floor":25,"key":"REST"},{"floor":30,"key":"REST"},{"floor":32,"key":"REST"}],"neow_cost":"NONE","seed_source_timestamp":2048162734111561,"circlet_count":0,"master_deck":["Strike_R","Strike_R+1","Strike_R","Strike_R","Strike_R","Defend_R","Defend_R","Defend_R","Defend_R","Perfected Strike+1","Iron Wave+1","Perfected Strike+1","Shockwave","Shockwave","Flex","Iron Wave","Metallicize","Inflame","Immolate","Armaments+1","Flame Barrier+1","Body Slam","Impervious","Clothesline"],"relics":["Burning Blood","Bronze Scales","Happy Flower","Bag of Marbles","Whetstone","Kunai","White Beast Statue","Nilry\u0027s Codex","Unceasing Top","Centennial Puzzle","Shuriken"],"potions_floor_usage":[6,6,6,11,16,24,29,33],"damage_taken":[{"damage":14,"enemies":"Jaw Worm","floor":1,"turns":4},{"damage":1,"enemies":"Cultist","floor":3,"turns":3},{"damage":2,"enemies":"2 Louse","floor":5,"turns":2},{"damage":8,"enemies":"3 Sentries","floor":6,"turns":6},{"damage":16,"enemies":"Red Slaver","floor":7,"turns":2},{"damage":6,"enemies":"Gremlin Nob","floor":11,"turns":3},{"damage":0,"enemies":"Exordium Wildlife","floor":12,"turns":2},{"damage":0,"enemies":"Blue Slaver","floor":13,"turns":2},{"damage":0,"enemies":"3 Louse","floor":14,"turns":3},{"damage":8,"enemies":"Slime Boss","floor":16,"turns":6},{"damage":0,"enemies":"Chosen","floor":18,"turns":4},{"damage":22,"enemies":"Book of Stabbing","floor":24,"turns":6},{"damage":16,"enemies":"Shell Parasite","floor":28,"turns":3},{"damage":7,"enemies":"Centurion and Healer","floor":29,"turns":8},{"damage":40,"enemies":"Sentry and Sphere","floor":31,"turns":5},{"damage":72,"enemies":"Champ","floor":33,"turns":12}],"seed_played":"-9178152413855964677","potions_obtained":[{"floor":4,"key":"EssenceOfSteel"},{"floor":4,"key":"AttackPotion"},{"floor":4,"key":"Strength Potion"},{"floor":6,"key":"Energy Potion"},{"floor":11,"key":"PowerPotion"},{"floor":16,"key":"SmokeBomb"},{"floor":18,"key":"Weak Potion"},{"floor":24,"key":"Dexterity Potion"},{"floor":28,"key":"Strength Potion"},{"floor":29,"key":"SkillPotion"}],"is_trial":false,"path_per_floor":["M","?","M","?","M","E","M","$","T","R","E","M","M","M","R","B",null,"M","?","$","?","$","R","E","R","T","?","M","M","R","M","R","B"],"character_chosen":"IRONCLAD","items_purchased":["Bag of Marbles","Armaments"],"campfire_rested":3,"item_purchase_floors":[8,20],"current_hp_per_floor":[72,72,77,77,80,78,68,68,68,68,68,74,80,80,80,78,80,80,64,64,64,64,64,48,72,72,72,62,61,80,46,70,0],"gold":173,"neow_bonus":"RANDOM_COMMON_RELIC","is_prod":false,"is_daily":false,"chose_seed":false,"campfire_upgraded":3,"win_rate":0.0,"timestamp":1559962778,"path_taken":["M","?","?","?","M","E","M","$","T","R","E","M","M","M","R","BOSS","M","?","$","?","$","R","E","R","T","?","M","M","R","M","R","BOSS"],"build_version":"2019-01-23","purchased_purges":0,"victory":false,"max_hp_per_floor":[80,80,80,80,80,80,80,80,80,80,80,80,80,80,80,80,80,80,80,80,80,80,80,80,80,80,80,80,80,80,80,80,80],"card_choices":[{"not_picked":["True Grit","Anger"],"picked":"Perfected Strike","floor":1},{"not_picked":["Clash","Body Slam"],"picked":"Iron Wave","floor":3},{"not_picked":["Clothesline","Disarm"],"picked":"Perfected Strike","floor":5},{"not_picked":["Clothesline","Power Through"],"picked":"Shockwave","floor":6},{"not_picked":["Dark Embrace","Sword Boomerang"],"picked":"Shockwave","floor":7},{"not_picked":["True Grit","Corruption"],"picked":"Flex","floor":11},{"not_picked":["Sword Boomerang","Warcry"],"picked":"Iron Wave","floor":12},{"not_picked":["Twin Strike","Clash"],"picked":"Metallicize","floor":13},{"not_picked":["Evolve","Immolate"],"picked":"Inflame","floor":14},{"not_picked":["Demon Form","Dark Embrace"],"picked":"Immolate","floor":16},{"not_picked":["Sever Soul","Pummel","Clash+1"],"picked":"SKIP","floor":18},{"not_picked":["Armaments","Ghostly Armor"],"picked":"Flame Barrier+1","floor":24},{"not_picked":["Thunderclap","Headbutt+1"],"picked":"Body Slam","floor":28},{"not_picked":["Cleave","Havoc"],"picked":"Impervious","floor":29},{"not_picked":["Warcry+1","Havoc"],"picked":"Clothesline","floor":31}],"player_experience":69882,"relics_obtained":[{"floor":6,"key":"Happy Flower"},{"floor":9,"key":"Whetstone"},{"floor":11,"key":"Kunai"},{"floor":19,"key":"Nilry\u0027s Codex"},{"floor":24,"key":"Centennial Puzzle"},{"floor":26,"key":"Shuriken"}],"event_choices":[{"cards_removed":["Bash"],"damage_healed":0,"gold_gain":0,"player_choice":"Offered Basic","damage_taken":0,"max_hp_gain":0,"max_hp_loss":0,"event_name":"Bonfire Elementals","floor":2,"gold_loss":0},{"damage_healed":0,"gold_gain":0,"player_choice":"Got Potions","damage_taken":0,"max_hp_gain":0,"max_hp_loss":0,"event_name":"Lab","floor":4,"gold_loss":0},{"damage_healed":0,"gold_gain":0,"player_choice":"Obtained Book","damage_taken":16,"max_hp_gain":0,"max_hp_loss":0,"event_name":"Cursed Tome","floor":19,"gold_loss":0},{"damage_healed":0,"gold_gain":0,"player_choice":"Obtained Relic","damage_taken":0,"relics_obtained":["Unceasing Top"],"max_hp_gain":0,"max_hp_loss":0,"event_name":"Addict","floor":21,"gold_loss":85},{"damage_healed":0,"gold_gain":0,"player_choice":"Ignored","damage_taken":0,"max_hp_gain":0,"max_hp_loss":0,"event_name":"The Mausoleum","floor":27,"gold_loss":0}],"is_beta":false,"boss_relics":[{"not_picked":["Runic Pyramid","Calling Bell"],"picked":"White Beast Statue"}],"items_purged_floors":[],"is_endless":false,"potions_floor_spawned":[5,6,11,16,18,24,28,29,31],"killed_by":"Champ","ascension_level":0}