{"gold_per_floor":[115,131,131,143,3,30,30,43,66,66,66],"floor_reached":11,"playtime":591,"items_purged":["Clumsy"],"score":107,"play_id":"b071a407-1dda-4480-bf54-df90a9ba03a1","local_time":"20181110085155","is_ascension_mode":true,"campfire_choices":[{"data":"Barricade","floor":7,"key":"SMITH"},{"data":"Entrench","floor":10,"key":"SMITH"}],"neow_cost":"CURSE","seed_source_timestamp":73614095824444,"circlet_count":0,"master_deck":["AscendersBane","Strike_R","Strike_R","Strike_R","Strike_R","Strike_R","Defend_R","Defend_R","Defend_R","Defend_R","Bash","Barricade+1","Seeing Red","Power Through","Entrench+1","Feed"],"relics":["Burning Blood","MawBank","Ornamental Fan","Smiling Mask"],"potions_floor_usage":[6,11],"damage_taken":[{"damage":13,"enemies":"Jaw Worm","floor":1,"turns":4},{"damage":1,"enemies":"2 Louse","floor":2,"turns":3},{"damage":40,"enemies":"3 Sentries","floor":6,"turns":15},{"damage":0,"enemies":"Cultist","floor":8,"turns":6},{"damage":30,"enemies":"Lagavulin","floor":11,"turns":13}],"seed_played":"7769081481173121731","potions_obtained":[{"floor":2,"key":"Fire Potion"},{"floor":6,"key":"SkillPotion"}],"is_trial":false,"path_per_floor":["M","M","?","?","$","E","R","M","T","R","E"],"character_chosen":"IRONCLAD","items_purchased":["Entrench"],"campfire_rested":0,"item_purchase_floors":[5],"current_hp_per_floor":[65,70,70,70,70,36,36,42,42,42,12],"gold":66,"neow_bonus":"THREE_RARE_CARDS","is_prod":false,"is_daily":false,"chose_seed":false,"campfire_upgraded":2,"win_rate":0,"timestamp":1541868715,"path_taken":["M","M","?","?","?","E","R","M","T","R","E"],"build_version":"2018-11-08","purchased_purges":1,"victory":false,"max_hp_per_floor":[80,80,80,80,80,80,80,80,80,80,80],"card_choices":[{"not_picked":["Exhume","Impervious"],"picked":"Barricade","floor":0},{"not_picked":["Clash","Uppercut"],"picked":"Seeing Red","floor":1},{"not_picked":["Sever Soul","Wild Strike"],"picked":"Power Through","floor":2},{"not_picked":["Perfected Strike","Sword Boomerang","Heavy Blade"],"picked":"SKIP","floor":6},{"not_picked":["Reckless Charge","Havoc"],"picked":"Feed","floor":8}],"player_experience":335615,"relics_obtained":[{"floor":6,"key":"Ornamental Fan"},{"floor":9,"key":"Smiling Mask"}],"event_choices":[{"damage_healed":0,"gold_gain":0,"player_choice":"Box","damage_taken":0,"relics_obtained":["MawBank"],"max_hp_gain":0,"max_hp_loss":0,"event_name":"Big Fish","floor":3,"gold_loss":0,"cards_obtained":["Regret"]},{"cards_removed":["Regret"],"damage_healed":0,"gold_gain":0,"player_choice":"Forget","damage_taken":0,"max_hp_gain":0,"max_hp_loss":0,"event_name":"Living Wall","floor":4,"gold_loss":0}],"is_beta":false,"boss_relics":[],"items_purged_floors":[5],"is_endless":false,"potions_floor_spawned":[2,6],"killed_by":"Lagavulin","ascension_level":10}