{"gold_per_floor":[117,7,27,37,49,84,84,95,95,95,125,155,172,137,137,137],"floor_reached":16,"playtime":2025,"items_purged":[],"score":218,"play_id":"2cd771f2-a612-4bc0-9b8a-fa319f1fcd26","local_time":"20190330090759","is_ascension_mode":true,"campfire_choices":[{"data":"Bash","floor":7,"key":"SMITH"},{"floor":10,"key":"REST"},{"floor":15,"key":"REST"}],"neow_cost":"NONE","seed_source_timestamp":1277733890659208,"circlet_count":0,"master_deck":["AscendersBane","Strike_R","Strike_R","Strike_R","Strike_R","Strike_R","Defend_R","Defend_R","Defend_R","Defend_R","Bash+1","Limit Break","Sword Boomerang","Shrug It Off","Sword Boomerang","Headbutt","Feed","Flame Barrier","Warcry"],"relics":["Burning Blood","Shuriken","Mummified Hand"],"potions_floor_usage":[6,12,12],"damage_taken":[{"damage":7,"enemies":"Cultist","floor":1,"turns":4},{"damage":7,"enemies":"2 Louse","floor":3,"turns":5},{"damage":4,"enemies":"Jaw Worm","floor":4,"turns":4},{"damage":8,"enemies":"3 Louse","floor":5,"turns":5},{"damage":31,"enemies":"3 Sentries","floor":6,"turns":13},{"damage":26,"enemies":"Lots of Slimes","floor":8,"turns":4},{"damage":28,"enemies":"Lagavulin","floor":12,"turns":9},{"damage":37,"enemies":"Large Slime","floor":13,"turns":8},{"damage":51,"enemies":"Slime Boss","floor":16,"turns":6}],"seed_played":"4092057732275413695","potions_obtained":[{"floor":1,"key":"SpeedPotion"},{"floor":8,"key":"Regen Potion"}],"is_trial":false,"path_per_floor":["M","$","M","M","M","E","R","M","T","R","?","E","M","?","R","B"],"character_chosen":"IRONCLAD","items_purchased":["Fire Potion","Shrug It Off"],"campfire_rested":2,"item_purchase_floors":[2,2],"current_hp_per_floor":[67,67,66,68,66,41,41,24,24,47,47,40,12,32,56,5],"gold":137,"neow_bonus":"ONE_RANDOM_RARE_CARD","is_prod":false,"is_daily":false,"chose_seed":false,"campfire_upgraded":1,"win_rate":0,"timestamp":1553962079,"path_taken":["M","$","M","?","M","E","R","M","T","R","?","E","M","?","R","BOSS"],"build_version":"2019-01-23","purchased_purges":0,"victory":false,"max_hp_per_floor":[75,75,75,75,75,75,75,78,78,78,78,78,81,81,81,81],"card_choices":[{"not_picked":["Reckless Charge","Pummel"],"picked":"Sword Boomerang","floor":1},{"not_picked":["Armaments","Anger"],"picked":"Sword Boomerang","floor":3},{"not_picked":["Burning Pact","Pommel Strike"],"picked":"Headbutt","floor":4},{"not_picked":["Shrug It Off","Wild Strike"],"picked":"Feed","floor":5},{"not_picked":["Power Through","Havoc"],"picked":"Flame Barrier","floor":6},{"not_picked":["Infernal Blade","Wild Strike"],"picked":"Warcry","floor":8},{"not_picked":["Clash","Infernal Blade","Dropkick"],"picked":"SKIP","floor":12},{"not_picked":["Clash","Perfected Strike","Fire Breathing"],"picked":"SKIP","floor":13}],"player_experience":778792,"relics_obtained":[{"floor":6,"key":"Shuriken"},{"floor":12,"key":"Mummified Hand"}],"event_choices":[{"damage_healed":0,"gold_gain":30,"player_choice":"Searched \u00271\u0027 times","damage_taken":0,"max_hp_gain":0,"max_hp_loss":0,"event_name":"Dead Adventurer","floor":11,"gold_loss":0},{"damage_healed":20,"gold_gain":0,"player_choice":"Healed","damage_taken":0,"max_hp_gain":0,"max_hp_loss":0,"event_name":"The Cleric","floor":14,"gold_loss":35}],"is_beta":false,"boss_relics":[],"items_purged_floors":[],"is_endless":false,"potions_floor_spawned":[1,8],"killed_by":"Slime Boss","ascension_level":19}