{"gold_per_floor":[210,220,220,239,414,184,259,291,291,291,304,304,317,317,317,317],"floor_reached":16,"playtime":1573,"items_purged":["Doubt"],"score":105,"play_id":"ad6822ae-d72b-45e5-87cc-94531dec071e","local_time":"20190704191708","is_ascension_mode":true,"campfire_choices":[{"floor":10,"key":"RECALL"},{"floor":12,"key":"REST"},{"floor":15,"key":"REST"}],"neow_cost":"NONE","seed_source_timestamp":1423893537342047,"circlet_count":0,"master_deck":["Strike_G","Strike_G","Strike_G","Strike_G","Strike_G","Defend_G","Defend_G","Defend_G","Defend_G","Defend_G","Survivor","Neutralize","Backflip","Dagger Throw","Flying Knee","Catalyst","Crippling Poison"],"relics":["Ring of the Snake","PreservedInsect","Nunchaku","Ninja Scroll"],"potions_floor_usage":[16,16],"damage_taken":[{"damage":2,"enemies":"Cultist","floor":1,"turns":4},{"damage":0,"enemies":"2 Louse","floor":2,"turns":3},{"damage":2,"enemies":"Small Slimes","floor":4,"turns":6},{"damage":21,"enemies":"3 Sentries","floor":8,"turns":11},{"damage":3,"enemies":"2 Fungi Beasts","floor":11,"turns":5},{"damage":2,"enemies":"Looter","floor":13,"turns":3},{"damage":72,"enemies":"The Guardian","floor":16,"turns":19}],"seed_played":"7737123038779383968","potions_obtained":[{"floor":1,"key":"Weak Potion"},{"floor":11,"key":"EssenceOfSteel"}],"is_trial":false,"path_per_floor":["M","M","?","M","?","$","?","E","T","R","M","R","M","T","R","B"],"character_chosen":"THE_SILENT","items_purchased":["PreservedInsect"],"campfire_rested":2,"item_purchase_floors":[6],"current_hp_per_floor":[68,68,70,68,68,68,57,36,36,36,33,54,52,52,70,0],"gold":317,"neow_bonus":"HUNDRED_GOLD","is_prod":false,"is_daily":false,"chose_seed":false,"campfire_upgraded":0,"win_rate":0,"timestamp":1562285828,"path_taken":["M","?","?","?","?","$","?","E","T","R","M","R","M","?","R","BOSS"],"build_version":"2019-07-01","purchased_purges":1,"victory":false,"max_hp_per_floor":[70,70,70,70,70,70,70,70,70,70,70,70,70,70,70,70],"card_choices":[{"not_picked":["Masterful Stab","Deflect"],"picked":"Backflip","floor":1},{"not_picked":["Backflip","Dagger Spray"],"picked":"Outmaneuver","floor":2},{"not_picked":["Deflect","Calculated Gamble"],"picked":"Dagger Throw","floor":4},{"not_picked":["PiercingWail","Cloak And Dagger"],"picked":"Flying Knee","floor":8},{"not_picked":["Masterful Stab","Sucker Punch"],"picked":"Catalyst","floor":11},{"not_picked":["Deflect","Flying Knee"],"picked":"Crippling Poison","floor":13}],"player_experience":236193,"relics_obtained":[{"floor":8,"key":"Nunchaku"},{"floor":14,"key":"Ninja Scroll"}],"event_choices":[{"cards_removed":["Outmaneuver"],"damage_healed":5,"gold_gain":0,"player_choice":"Offered Common","damage_taken":0,"max_hp_gain":0,"max_hp_loss":0,"event_name":"Bonfire Elementals","floor":3,"gold_loss":0},{"cards_removed":["Outmaneuver"],"damage_healed":5,"gold_gain":0,"player_choice":"Offered Special","damage_taken":0,"max_hp_gain":0,"max_hp_loss":0,"event_name":"Bonfire Elementals","floor":3,"gold_loss":0},{"damage_healed":0,"gold_gain":175,"player_choice":"AGREE","damage_taken":0,"max_hp_gain":0,"max_hp_loss":0,"event_name":"Liars Game","floor":5,"gold_loss":0,"cards_obtained":["Doubt"]},{"damage_healed":0,"gold_gain":75,"player_choice":"Gather Gold","damage_taken":11,"max_hp_gain":0,"max_hp_loss":0,"event_name":"World of Goop","floor":7,"gold_loss":0}],"is_beta":false,"boss_relics":[],"items_purged_floors":[6],"is_endless":false,"potions_floor_spawned":[1,11],"killed_by":"The Guardian","ascension_level":1}