{"gold_per_floor":[115,135,153,173,186,186,202,202,228,228,228,244,276,296,296,394,394,381,400,413,430,443,475,475,493,493,522,522,522],"floor_reached":29,"playtime":2247,"items_purged":[],"score":314,"play_id":"8db13e39-411b-4097-9af0-8038526b8330","local_time":"20190511205457","is_ascension_mode":true,"campfire_choices":[{"floor":6.0,"key":"REST"},{"data":"Armaments","floor":11.0,"key":"SMITH"},{"floor":15.0,"key":"REST"},{"floor":24,"key":"REST"}],"neow_cost":"PERCENT_DAMAGE","seed_source_timestamp":0,"circlet_count":0,"master_deck":["Strike_R","Strike_R","Strike_R","Strike_R","Strike_R","Defend_R+1","Defend_R","Defend_R","Defend_R","Bash","Offering+1","Iron Wave","Dropkick","Armaments+1","Spot Weakness","Parasite","Shockwave","Rampage","Reaper","Burning Pact","Rage","True Grit+1","Inflame+1","Feed"],"special_seed":0,"relics":["Black Blood","Centennial Puzzle","Bronze Scales","War Paint","Regal Pillow","Pear","Bag of Marbles","Blood Vial"],"potions_floor_usage":[23,25,27],"damage_taken":[{"damage":17.0,"enemies":"2 Louse","floor":1.0,"turns":4.0},{"damage":19.0,"enemies":"Jaw Worm","floor":2.0,"turns":5.0},{"damage":1.0,"enemies":"Cultist","floor":3.0,"turns":3.0},{"damage":6.0,"enemies":"3 Louse","floor":4.0,"turns":5.0},{"damage":8.0,"enemies":"Large Slime","floor":5.0,"turns":6.0},{"damage":10.0,"enemies":"Exordium Wildlife","floor":7.0,"turns":6.0},{"damage":27.0,"enemies":"Lots of Slimes","floor":12.0,"turns":3.0},{"damage":40.0,"enemies":"3 Sentries","floor":13.0,"turns":6.0},{"damage":15.0,"enemies":"3 Louse","floor":14.0,"turns":2.0},{"damage":29.0,"enemies":"The Guardian","floor":16.0,"turns":7.0},{"damage":27.0,"enemies":"2 Thieves","floor":18.0,"turns":4.0},{"damage":14,"enemies":"Chosen","floor":19,"turns":4},{"damage":29,"enemies":"Centurion and Healer","floor":20,"turns":7},{"damage":23,"enemies":"Cultist and Chosen","floor":21,"turns":8},{"damage":52,"enemies":"3 Cultists","floor":22,"turns":6},{"damage":39,"enemies":"Book of Stabbing","floor":23,"turns":5},{"damage":23,"enemies":"Snake Plant","floor":25,"turns":3},{"damage":75,"enemies":"Gremlin Leader","floor":27,"turns":9},{"damage":45,"enemies":"Slavers","floor":29,"turns":3}],"seed_played":"-4643308025429853281","potions_obtained":[{"floor":3.0,"key":"LiquidBronze"},{"floor":4.0,"key":"Energy Potion"},{"floor":5.0,"key":"GamblersBrew"},{"floor":12.0,"key":"Fire Potion"},{"floor":18,"key":"SkillPotion"},{"floor":23,"key":"Regen Potion"},{"floor":25,"key":"Strength Potion"}],"is_trial":false,"path_per_floor":["M","M","M","M","M","R","M","?","T","?","R","M","E","M","R","B",null,"M","M","M","M","M","E","R","M","T","E","?","E"],"character_chosen":"IRONCLAD","items_purchased":[],"campfire_rested":3,"item_purchase_floors":[],"current_hp_per_floor":[45,32,37,37,35,59,55,75,75,75,75,54,20,11,35,12,80,79,75,66,70,45,26,65,57,67,26,26,0],"gold":522,"neow_bonus":"THREE_RARE_CARDS","is_prod":false,"is_daily":false,"chose_seed":false,"campfire_upgraded":1,"win_rate":0,"timestamp":1557633297,"path_taken":["M","M","M","M","M","R","M","?","T","?","R","M","E","?","R","BOSS","M","M","M","M","M","E","R","M","T","E","?","E"],"build_version":"2019-01-23","purchased_purges":0,"victory":false,"max_hp_per_floor":[80,80,80,80,80,80,80,80,80,80,80,80,80,80,80,80,80,80,80,80,80,80,80,80,80,90,90,90,90],"card_choices":[{"not_picked":["Immolate","Dark Embrace"],"picked":"Offering","floor":0.0},{"not_picked":["Twin Strike","Ghostly Armor"],"picked":"Iron Wave","floor":1.0},{"not_picked":["Combust","Twin Strike"],"picked":"Dropkick","floor":2.0},{"not_picked":["Twin Strike","Blood for Blood"],"picked":"Armaments","floor":3.0},{"not_picked":["Ghostly Armor","Warcry"],"picked":"Iron Wave","floor":4.0},{"not_picked":["Iron Wave","Limit Break","Sword Boomerang"],"picked":"SKIP","floor":5.0},{"not_picked":["Evolve","Heavy Blade"],"picked":"Spot Weakness","floor":7.0},{"not_picked":["Shrug It Off","Twin Strike"],"picked":"Shockwave","floor":12.0},{"not_picked":["Wild Strike","Spot Weakness"],"picked":"Rampage","floor":13.0},{"not_picked":["Twin Strike","Bludgeon","Armaments"],"picked":"SKIP","floor":14.0},{"not_picked":["Feed","Immolate"],"picked":"Reaper","floor":16.0},{"not_picked":["Flex","Iron Wave"],"picked":"Burning Pact","floor":18},{"not_picked":["Headbutt","Spot Weakness","Flex"],"picked":"SKIP","floor":19},{"not_picked":["Limit Break","Havoc"],"picked":"Rage","floor":20},{"not_picked":["Whirlwind","Searing Blow+1","Cleave"],"picked":"SKIP","floor":21},{"not_picked":["Spot Weakness","Wild Strike+1","Intimidate+1"],"picked":"SKIP","floor":22},{"not_picked":["Cleave","Metallicize"],"picked":"True Grit+1","floor":23},{"not_picked":["Disarm+1","Anger+1"],"picked":"Inflame+1","floor":25},{"not_picked":["Headbutt","Disarm+1"],"picked":"Feed","floor":27}],"player_experience":491857,"relics_obtained":[{"floor":9.0,"key":"Centennial Puzzle"},{"floor":13.0,"key":"War Paint"},{"floor":23,"key":"Regal Pillow"},{"floor":26,"key":"Pear"},{"floor":27,"key":"Bag of Marbles"}],"event_choices":[{"damage_healed":20.0,"max_hp_gain":0.0,"max_hp_loss":0.0,"gold_gain":0.0,"event_name":"Mushrooms","player_choice":"Healed and dodged fight","floor":8.0,"gold_loss":0.0,"damage_taken":0.0,"cards_obtained":["Parasite"]},{"cards_removed":["Iron Wave"],"damage_healed":0.0,"max_hp_gain":0.0,"max_hp_loss":0.0,"gold_gain":0.0,"event_name":"WeMeetAgain","player_choice":"Gave Card","floor":10.0,"gold_loss":0.0,"damage_taken":0.0,"relics_obtained":["Bronze Scales"]},{"damage_healed":0,"gold_gain":0,"player_choice":"Opened","damage_taken":0,"relics_obtained":["Blood Vial"],"max_hp_gain":0,"max_hp_loss":0,"event_name":"The Mausoleum","floor":28,"gold_loss":0}],"is_beta":false,"boss_relics":[{"not_picked":["Fusion Hammer","Runic Dome"],"picked":"Black Blood"}],"items_purged_floors":[],"is_endless":false,"potions_floor_spawned":[3,4,5,12,13,18,23,25],"killed_by":"Slavers","ascension_level":3}