{"gold_per_floor":[119,132,10,10,10,45,55,73,149,149,164,177,190,9,9,9],"floor_reached":16,"playtime":1040,"items_purged":["Strike_R","Strike_R"],"score":213,"play_id":"ea532285-63bb-4cd9-821b-74267461ef07","local_time":"20181229150507","is_ascension_mode":true,"campfire_choices":[{"data":"Seeing Red","floor":10,"key":"SMITH"},{"data":"True Grit","floor":15,"key":"SMITH"}],"neow_cost":"NONE","seed_source_timestamp":253644611673950,"circlet_count":0,"master_deck":["AscendersBane","Strike_R","Strike_R","Strike_R","Defend_R","Defend_R","Defend_R","Defend_R","Bash","Disarm","Seeing Red+1","Wild Strike","Wild Strike","Feel No Pain","Burning Pact","True Grit+1","Evolve","Dramatic Entrance"],"relics":["Burning Blood","NeowsBlessing","Turnip","Bronze Scales","Bottled Tornado"],"potions_floor_usage":[8,12,16],"damage_taken":[{"damage":0,"enemies":"Jaw Worm","floor":1,"turns":1},{"damage":0,"enemies":"Cultist","floor":2,"turns":1},{"damage":0,"enemies":"3 Sentries","floor":6,"turns":2},{"damage":7,"enemies":"Small Slimes","floor":7,"turns":3},{"damage":3,"enemies":"Blue Slaver","floor":8,"turns":3},{"damage":17,"enemies":"Looter","floor":11,"turns":3},{"damage":24,"enemies":"Gremlin Gang","floor":12,"turns":5},{"damage":14,"enemies":"Exordium Wildlife","floor":13,"turns":5},{"damage":35,"enemies":"The Guardian","floor":16,"turns":13}],"seed_played":"-2576845667039786644","potions_obtained":[{"floor":1,"key":"LiquidBronze"},{"floor":2,"key":"Ancient Potion"},{"floor":7,"key":"Fire Potion"},{"floor":8,"key":"Strength Potion"}],"is_trial":false,"path_per_floor":["M","M","$","?","$","E","M","M","T","R","M","M","M","$","R","B"],"character_chosen":"IRONCLAD","items_purchased":["Wild Strike","Dramatic Entrance"],"campfire_rested":0,"item_purchase_floors":[3,14],"current_hp_per_floor":[78,80,80,80,80,80,79,80,80,80,69,51,43,43,43,8],"gold":9,"neow_bonus":"THREE_ENEMY_KILL","is_prod":false,"is_daily":false,"chose_seed":false,"campfire_upgraded":2,"win_rate":0,"timestamp":1546124707,"path_taken":["M","M","$","?","?","E","?","?","T","R","M","M","M","$","R","BOSS"],"build_version":"2018-12-20","purchased_purges":2,"victory":false,"max_hp_per_floor":[80,80,80,80,80,80,80,80,80,80,80,80,80,80,80,80],"card_choices":[{"not_picked":["Armaments","Rupture"],"picked":"Disarm","floor":1},{"not_picked":["Heavy Blade","Fire Breathing"],"picked":"Seeing Red","floor":2},{"not_picked":["Body Slam","Corruption"],"picked":"Wild Strike","floor":6},{"not_picked":["Battle Trance","Heavy Blade"],"picked":"Feel No Pain","floor":7},{"not_picked":["Reckless Charge","Twin Strike","Uppercut"],"picked":"SKIP","floor":8},{"not_picked":["Pommel Strike","Spot Weakness"],"picked":"Burning Pact","floor":11},{"not_picked":["Shrug It Off","Barricade"],"picked":"True Grit","floor":12},{"not_picked":["Flex","Iron Wave"],"picked":"Evolve","floor":13}],"player_experience":644689,"relics_obtained":[{"floor":6,"key":"Bronze Scales"},{"floor":9,"key":"Bottled Tornado"}],"event_choices":[{"damage_healed":0,"gold_gain":0,"player_choice":"Gave Potion","damage_taken":0,"relics_obtained":["Turnip"],"max_hp_gain":0,"max_hp_loss":0,"event_name":"WeMeetAgain","floor":4,"gold_loss":0}],"is_beta":false,"boss_relics":[],"items_purged_floors":[3,14],"is_endless":false,"potions_floor_spawned":[1,2,7,8],"killed_by":"The Guardian","ascension_level":13}