{"gold_per_floor":[115,115,128,203,223,223,253,253,304,319,175,188,188,208,208,208],"floor_reached":16,"playtime":764,"items_purged":["Strike_R"],"score":122,"play_id":"27449be5-df9f-4118-86a7-4bdb86627f62","local_time":"20190711184238","is_ascension_mode":true,"campfire_choices":[{"data":"Bash","floor":6,"key":"SMITH"},{"data":"Feed","floor":8,"key":"SMITH"},{"data":"Flame Barrier","floor":13,"key":"SMITH"},{"data":"True Grit","floor":15,"key":"SMITH"}],"neow_cost":"PERCENT_DAMAGE","seed_source_timestamp":1963197485816532,"circlet_count":0,"master_deck":["Strike_R","Strike_R","Strike_R","Strike_R","Defend_R","Defend_R+1","Defend_R","Defend_R+1","Bash+1","Reaper","Cleave","Shrug It Off","Flame Barrier+1","Feed+1","Burning Pact","Rage","True Grit+1"],"relics":["Burning Blood","Dream Catcher","WingedGreaves","War Paint"],"potions_floor_usage":[16,16,16],"damage_taken":[{"damage":6,"enemies":"2 Louse","floor":1,"turns":4},{"damage":14,"enemies":"Small Slimes","floor":3,"turns":4},{"damage":2,"enemies":"Cultist","floor":5,"turns":4},{"damage":49,"enemies":"3 Sentries","floor":7,"turns":10},{"damage":0,"enemies":"Exordium Thugs","floor":10,"turns":6},{"damage":4,"enemies":"Looter","floor":12,"turns":5},{"damage":13,"enemies":"3 Louse","floor":14,"turns":3},{"damage":48,"enemies":"Slime Boss","floor":16,"turns":6}],"seed_played":"996116377446143388","potions_obtained":[{"floor":7,"key":"Energy Potion"},{"floor":10,"key":"Regen Potion"},{"floor":14,"key":"FearPotion"}],"is_trial":false,"path_per_floor":["M","?","M","?","M","R","E","R","T","M","$","M","R","M","R","B"],"character_chosen":"IRONCLAD","items_purchased":["Burning Pact"],"campfire_rested":0,"item_purchase_floors":[11],"current_hp_per_floor":[60,53,49,41,51,51,20,20,20,34,34,40,40,43,43,0],"gold":208,"neow_bonus":"THREE_RARE_CARDS","is_prod":false,"is_daily":false,"chose_seed":false,"campfire_upgraded":4,"win_rate":0,"timestamp":1562895758,"path_taken":["M","?","M","?","M","R","E","R","T","M","$","?","R","M","R","BOSS"],"build_version":"2019-07-05","purchased_purges":1,"victory":false,"max_hp_per_floor":[80,80,80,80,80,80,80,80,80,84,84,88,88,92,92,92],"card_choices":[{"not_picked":["Limit Break","Double Tap"],"picked":"Reaper","floor":0},{"not_picked":["Twin Strike","Iron Wave"],"picked":"Cleave","floor":1},{"not_picked":["Clash","Flex"],"picked":"Shrug It Off","floor":3},{"not_picked":["Thunderclap","Clash"],"picked":"Flame Barrier","floor":5},{"not_picked":["Iron Wave","Ghostly Armor"],"picked":"Feed","floor":7},{"not_picked":["Thunderclap","Heavy Blade","Havoc"],"picked":"SKIP","floor":10},{"not_picked":["Clash","Flex"],"picked":"Rage","floor":12},{"not_picked":["Perfected Strike","Thunderclap"],"picked":"True Grit","floor":14}],"player_experience":267861,"relics_obtained":[{"floor":7,"key":"WingedGreaves"},{"floor":9,"key":"War Paint"}],"event_choices":[{"damage_healed":0,"gold_gain":0,"player_choice":"Success","damage_taken":7,"relics_obtained":["Dream Catcher"],"max_hp_gain":0,"max_hp_loss":0,"event_name":"Scrap Ooze","floor":2,"gold_loss":0},{"damage_healed":0,"gold_gain":75,"player_choice":"Touch","damage_taken":8,"max_hp_gain":0,"max_hp_loss":0,"event_name":"FaceTrader","floor":4,"gold_loss":0}],"is_beta":false,"boss_relics":[],"items_purged_floors":[11],"is_endless":false,"potions_floor_spawned":[7,10,14],"killed_by":"Slime Boss","ascension_level":4}