{"gold_per_floor":[119,149,114,114,188,220,238,256,283,299,317,79,79,91,91,191,191,209,236,236,248,248,248,276,276,276,37,70,70,81,98,98,198,198,217,233,117,0,16,16,40,53,76,76,476,486,486,5,5,5],"floor_reached":50,"playtime":6363,"items_purged":[],"score":530,"play_id":"f402de4e-1386-40b1-a4b0-8df5c90ead88","local_time":"20190630230623","is_ascension_mode":false,"campfire_choices":[{"data":"Bouncing Flask","floor":15,"key":"SMITH"},{"data":"Corpse Explosion","floor":23,"key":"SMITH"},{"data":"Envenom","floor":25,"key":"SMITH"},{"floor":29,"key":"REST"},{"floor":32,"key":"REST"},{"floor":40,"key":"REST"},{"data":"Crippling Poison","floor":44,"key":"SMITH"},{"floor":49,"key":"REST"}],"neow_cost":"NONE","seed_source_timestamp":1087264260920164,"circlet_count":0,"master_deck":["Defend_G","Defend_G","Defend_G","Defend_G","Defend_G","Strike_G","Strike_G","Strike_G","Strike_G","Survivor","Neutralize","Predator","Bouncing Flask+1","Poisoned Stab","Eviscerate","Underhanded Strike","Corpse Explosion+1","Die Die Die","Backflip","Die Die Die","Bouncing Flask+1","Envenom+1","Deadly Poison","Crippling Poison+1","Outmaneuver","Deadly Poison+1","Outmaneuver","Burst","Deadly Poison+1","Underhanded Strike+1","Noxious Fumes+1","Blur","Bane+1","Calculated Gamble+1","Sadistic Nature+1","Well Laid Plans+1"],"relics":["Ring of the Snake","Tiny Chest","Happy Flower","Centennial Puzzle","HoveringKite","Regal Pillow","Snake Skull","Mummified Hand","Juzu Bracelet","Frozen Egg 2","Philosopher\u0027s Stone","Red Mask","Pen Nib","Dream Catcher","Old Coin","StoneCalendar"],"potions_floor_usage":[6,6,6,11,16,16,18,28,28,31,33,45,45,45,50,50,50,50,50,50,50],"damage_taken":[{"damage":17,"enemies":"Jaw Worm","floor":1,"turns":7},{"damage":19,"enemies":"3 Sentries","floor":6,"turns":10},{"damage":5,"enemies":"Small Slimes","floor":7,"turns":3},{"damage":1,"enemies":"Cultist","floor":8,"turns":3},{"damage":0,"enemies":"3 Louse","floor":10,"turns":3},{"damage":10,"enemies":"Exordium Thugs","floor":11,"turns":5},{"damage":10,"enemies":"Looter","floor":14,"turns":2},{"damage":37,"enemies":"Slime Boss","floor":16,"turns":9},{"damage":2,"enemies":"3 Byrds","floor":18,"turns":2},{"damage":0,"enemies":"Spheric Guardian","floor":21,"turns":2},{"damage":28,"enemies":"Slavers","floor":24,"turns":3},{"damage":13,"enemies":"Gremlin Leader","floor":28,"turns":4},{"damage":7,"enemies":"Cultist and Chosen","floor":30,"turns":4},{"damage":14,"enemies":"Snecko","floor":31,"turns":4},{"damage":18,"enemies":"Collector","floor":33,"turns":5},{"damage":9,"enemies":"Orb Walker","floor":35,"turns":3},{"damage":14,"enemies":"3 Shapes","floor":36,"turns":4},{"damage":6,"enemies":"Transient","floor":39,"turns":5},{"damage":8,"enemies":"Jaw Worm Horde","floor":42,"turns":2},{"damage":22,"enemies":"Mind Bloom Boss Battle","floor":45,"turns":5},{"damage":8,"enemies":"3 Darklings","floor":46,"turns":2},{"damage":71,"enemies":"Awakened One","floor":50,"turns":7}],"seed_played":"-7206641467016631554","potions_obtained":[{"floor":1,"key":"EntropicBrew"},{"floor":10,"key":"Regen Potion"},{"floor":11,"key":"Explosive Potion"},{"floor":13,"key":"Regen Potion"},{"floor":13,"key":"Regen Potion"},{"floor":16,"key":"GhostInAJar"},{"floor":21,"key":"Dexterity Potion"},{"floor":30,"key":"EssenceOfSteel"},{"floor":31,"key":"AttackPotion"},{"floor":33,"key":"SteroidPotion"},{"floor":36,"key":"GhostInAJar"},{"floor":39,"key":"Block Potion"},{"floor":42,"key":"AttackPotion"}],"is_trial":false,"path_per_floor":["M","?","?","?","?","E","M","M","T","M","M","$","?","M","R","B",null,"M","T","?","M","?","R","E","R","T","$","E","R","M","M","R","B",null,"M","M","$","?","M","R","T","M","T","R","?","M","?","$","R","B"],"character_chosen":"THE_SILENT","items_purchased":["Corpse Explosion","Die Die Die","Deadly Poison","Crippling Poison","Juzu Bracelet","Noxious Fumes+1","Blur","EntropicBrew","StoneCalendar","Well Laid Plans+1"],"campfire_rested":4,"item_purchase_floors":[12,12,27,27,27,37,37,48,48,48],"current_hp_per_floor":[53,41,58,70,70,66,61,60,60,60,62,62,62,52,52,58,70,68,68,68,68,70,70,42,42,42,42,29,65,58,44,70,52,70,61,47,47,47,41,70,70,62,62,62,40,32,32,32,68,0],"gold":5,"neow_bonus":"REMOVE_CARD","is_prod":false,"is_daily":false,"chose_seed":false,"campfire_upgraded":4,"win_rate":0.0,"timestamp":1561953983,"path_taken":["M","?","?","?","?","E","M","M","T","M","M","$","?","M","R","BOSS","M","?","?","?","?","R","E","R","T","?","E","R","M","M","R","BOSS","M","M","$","?","M","R","?","M","T","R","?","M","?","$","R","BOSS"],"build_version":"2019-01-23","purchased_purges":0,"victory":false,"max_hp_per_floor":[70,70,70,70,70,70,70,70,70,70,70,70,70,70,70,70,70,70,70,70,70,70,70,70,70,70,70,70,70,70,70,70,70,70,70,70,70,70,70,70,70,70,70,70,70,70,70,70,70,70],"card_choices":[{"not_picked":["Blade Dance","Accuracy"],"picked":"Predator","floor":1},{"not_picked":["Acrobatics","Endless Agony"],"picked":"Bouncing Flask","floor":6},{"not_picked":["Backflip","Deflect"],"picked":"Poisoned Stab","floor":7},{"not_picked":["Infinite Blades","Expertise","PiercingWail"],"picked":"SKIP","floor":8},{"not_picked":["Acrobatics","Caltrops"],"picked":"Eviscerate","floor":10},{"not_picked":["Acrobatics","Deflect"],"picked":"Underhanded Strike","floor":11},{"not_picked":["Acrobatics","Dash"],"picked":"Backflip","floor":14},{"not_picked":["Bullet Time","After Image"],"picked":"Die Die Die","floor":16},{"not_picked":["PiercingWail","Footwork"],"picked":"Eviscerate+1","floor":18},{"not_picked":["PiercingWail","Heel Hook","Prepared"],"picked":"SKIP","floor":21},{"not_picked":["Dash","Dagger Spray"],"picked":"Envenom","floor":24},{"not_picked":["Sucker Punch","PiercingWail"],"picked":"Outmaneuver","floor":28},{"not_picked":["Well Laid Plans+1","Choke"],"picked":"Deadly Poison+1","floor":30},{"not_picked":["Sucker Punch","Predator"],"picked":"Outmaneuver","floor":31},{"not_picked":["Doppelganger","Unload"],"picked":"Burst","floor":33},{"not_picked":["Quick Slash+1","Outmaneuver"],"picked":"Deadly Poison+1","floor":35},{"not_picked":["Eviscerate+1","Riddle With Holes"],"picked":"Underhanded Strike+1","floor":36},{"not_picked":["Flechettes+1","Deflect"],"picked":"Bane+1","floor":39},{"not_picked":["Endless Agony","Reflex","Dagger Spray"],"picked":"SKIP","floor":42},{"not_picked":["Prepared+1","Deflect+1"],"picked":"Calculated Gamble+1","floor":45},{"not_picked":["Predator+1","Masterful Stab+1","Underhanded Strike+1"],"picked":"SKIP","floor":46},{"not_picked":["Panacea","Secret Weapon"],"picked":"Sadistic Nature+1","floor":47}],"player_experience":185250,"relics_obtained":[{"floor":6,"key":"Happy Flower"},{"floor":9,"key":"Centennial Puzzle"},{"floor":19,"key":"Regal Pillow"},{"floor":24,"key":"Snake Skull"},{"floor":26,"key":"Mummified Hand"},{"floor":28,"key":"Frozen Egg 2"},{"floor":41,"key":"Pen Nib"},{"floor":43,"key":"Dream Catcher"},{"floor":45,"key":"Old Coin"}],"event_choices":[{"damage_healed":0,"gold_gain":0,"player_choice":"Success","damage_taken":12,"relics_obtained":["Tiny Chest"],"max_hp_gain":0,"max_hp_loss":0,"event_name":"Scrap Ooze","floor":2,"gold_loss":0},{"damage_healed":17,"gold_gain":0,"player_choice":"Healed","damage_taken":0,"max_hp_gain":0,"max_hp_loss":0,"event_name":"The Cleric","floor":3,"gold_loss":35},{"damage_healed":23,"gold_gain":0,"player_choice":"Banana","damage_taken":0,"max_hp_gain":0,"max_hp_loss":0,"event_name":"Big Fish","floor":4,"gold_loss":0},{"damage_healed":0,"gold_gain":74,"player_choice":"Gained Gold","damage_taken":0,"max_hp_gain":0,"max_hp_loss":0,"event_name":"Golden Wing","floor":5,"gold_loss":0},{"damage_healed":0,"gold_gain":0,"player_choice":"Got Potions","damage_taken":0,"max_hp_gain":0,"max_hp_loss":0,"event_name":"Lab","floor":13,"gold_loss":0},{"damage_healed":0,"gold_gain":0,"player_choice":"Copied","damage_taken":0,"max_hp_gain":0,"max_hp_loss":0,"event_name":"Duplicator","floor":20,"gold_loss":0,"cards_obtained":["Bouncing Flask"]},{"cards_removed":["Eviscerate"],"damage_healed":2,"gold_gain":0,"player_choice":"Offered Uncommon","damage_taken":0,"max_hp_gain":0,"max_hp_loss":0,"event_name":"Bonfire Elementals","floor":22,"gold_loss":0},{"damage_healed":0,"gold_gain":0,"player_choice":"Paid","damage_taken":0,"relics_obtained":["Red Mask"],"max_hp_gain":0,"max_hp_loss":0,"event_name":"Tomb of Lord Red Mask","floor":38,"gold_loss":117},{"damage_healed":0,"gold_gain":0,"player_choice":"Fight","damage_taken":0,"max_hp_gain":0,"max_hp_loss":0,"event_name":"MindBloom","floor":45,"gold_loss":0},{"damage_healed":0,"gold_gain":0,"player_choice":"Memory 1","damage_taken":0,"max_hp_gain":0,"max_hp_loss":0,"event_name":"SensoryStone","floor":47,"gold_loss":0}],"is_beta":false,"boss_relics":[{"not_picked":["Empty Cage","Black Star"],"picked":"HoveringKite"},{"not_picked":["Eternal Feather","Sozu"],"picked":"Philosopher\u0027s Stone"}],"items_purged_floors":[],"is_endless":false,"potions_floor_spawned":[1,10,11,16,21,30,31,33,36,39,42],"killed_by":"Awakened One","ascension_level":0}