{"gold_per_floor":[115,115,129,139,139,165,176,176,176,176,192,23,23,39,39,143,143,123,123],"floor_reached":19,"playtime":3568,"items_purged":[],"score":169,"play_id":"7b510013-6437-41af-8cb6-c92f43d7e65e","local_time":"20190624171237","is_ascension_mode":false,"campfire_choices":[{"floor":8,"key":"REST"},{"floor":10,"key":"REST"},{"floor":15,"key":"REST"}],"neow_cost":"NONE","seed_source_timestamp":550423908633410,"circlet_count":0,"master_deck":["Defend_G","Defend_G","Defend_G","Defend_G","Defend_G","Strike_G","Strike_G","Strike_G","Strike_G","Survivor","Neutralize","Forethought","Outmaneuver","Injury","Neutralize","Flying Knee","Backflip","Storm of Steel","Deadly Poison+1","Poisoned Stab","Footwork","Catalyst","Flying Knee","Bouncing Flask","Catalyst","Doppelganger","Dash"],"relics":["Ring of the Snake","Letter Opener","Sundial","Black Star"],"potions_floor_usage":[14,16,16,18],"damage_taken":[{"damage":0,"enemies":"2 Louse","floor":1,"turns":3},{"damage":0,"enemies":"Cultist","floor":3,"turns":5},{"damage":4,"enemies":"Jaw Worm","floor":4,"turns":4},{"damage":54,"enemies":"3 Sentries","floor":6,"turns":13},{"damage":11,"enemies":"Exordium Wildlife","floor":7,"turns":7},{"damage":24,"enemies":"Gremlin Gang","floor":11,"turns":4},{"damage":2,"enemies":"2 Fungi Beasts","floor":14,"turns":4},{"damage":58,"enemies":"Slime Boss","floor":16,"turns":10},{"damage":16,"enemies":"2 Thieves","floor":18,"turns":4},{"damage":59,"enemies":"Masked Bandits","floor":19,"turns":4}],"seed_played":"-6094786894977756276","potions_obtained":[{"floor":7,"key":"GhostInAJar"},{"floor":11,"key":"Regen Potion"},{"floor":14,"key":"Regen Potion"},{"floor":16,"key":"SpeedPotion"}],"is_trial":false,"path_per_floor":["M","?","M","M","?","E","M","R","T","R","M","$","?","M","R","B",null,"M","?"],"character_chosen":"THE_SILENT","items_purchased":["Catalyst","Flying Knee","Bouncing Flask"],"campfire_rested":3,"item_purchase_floors":[12,12,12],"current_hp_per_floor":[70,70,70,66,66,12,1,22,22,43,19,19,19,26,47,4,70,54,0],"gold":123,"neow_bonus":"RANDOM_COLORLESS","is_prod":false,"is_daily":false,"chose_seed":false,"campfire_upgraded":0,"win_rate":0.0,"timestamp":1561414357,"path_taken":["M","?","?","M","?","E","M","R","T","R","M","$","?","?","R","BOSS","M","?"],"build_version":"2019-01-23","purchased_purges":0,"victory":false,"max_hp_per_floor":[70,70,70,70,70,70,70,70,70,70,70,70,70,70,70,70,70,70,70],"card_choices":[{"not_picked":["Sucker Punch","Underhanded Strike"],"picked":"Outmaneuver","floor":1},{"not_picked":["Slice","Acrobatics"],"picked":"Flying Knee","floor":3},{"not_picked":["Choke","Acrobatics"],"picked":"Backflip","floor":4},{"not_picked":["Leg Sweep","Storm of Steel"],"picked":"Deadly Poison","floor":6},{"not_picked":["Quick Slash","Slice"],"picked":"Poisoned Stab","floor":7},{"not_picked":["Quick Slash","Flechettes"],"picked":"Footwork","floor":11},{"not_picked":["Flying Knee","PiercingWail"],"picked":"Catalyst","floor":14},{"not_picked":["Glass Knife","Malaise"],"picked":"Doppelganger","floor":16},{"not_picked":["Acrobatics","Blade Dance"],"picked":"Dash","floor":18}],"player_experience":167577,"relics_obtained":[{"floor":6,"key":"Letter Opener"},{"floor":9,"key":"Sundial"}],"event_choices":[{"damage_healed":0,"gold_gain":0,"player_choice":"2 cards matched","damage_taken":0,"max_hp_gain":0,"max_hp_loss":0,"event_name":"Match and Keep!","floor":2,"gold_loss":0,"cards_obtained":["Injury","Neutralize"]},{"damage_healed":0,"gold_gain":0,"cards_transformed":["Strike_G"],"player_choice":"Change","damage_taken":0,"max_hp_gain":0,"max_hp_loss":0,"event_name":"Living Wall","floor":5,"gold_loss":0,"cards_obtained":["Storm of Steel"]},{"damage_healed":0,"gold_gain":0,"player_choice":"Forge","damage_taken":0,"max_hp_gain":0,"max_hp_loss":0,"event_name":"Accursed Blacksmith","floor":13,"gold_loss":0,"cards_upgraded":["Deadly Poison"]},{"damage_healed":0,"gold_gain":0,"player_choice":"Fought Bandits","damage_taken":0,"max_hp_gain":0,"max_hp_loss":0,"event_name":"Masked Bandits","floor":19,"gold_loss":0}],"is_beta":false,"boss_relics":[{"not_picked":["Empty Cage","Philosopher\u0027s Stone"],"picked":"Black Star"}],"items_purged_floors":[],"is_endless":false,"potions_floor_spawned":[7,11,14,16],"killed_by":"Masked Bandits","ascension_level":0}