{"gold_per_floor":[16,30,48,48,123,123,137,172,172,172,185,185,216,232,232,357,357,381,195,169,169,184,215,239,239,239,239,239,256,282,296,296,296],"floor_reached":33,"playtime":2689,"items_purged":["Injury"],"score":328,"play_id":"7ffa8303-0f73-46d7-8f52-e3f13ed6bf37","local_time":"20190708202629","is_ascension_mode":true,"campfire_choices":[{"floor":6,"key":"RECALL"},{"floor":10,"key":"REST"},{"floor":15,"key":"REST"},{"floor":25,"key":"REST"},{"floor":27,"key":"REST"},{"floor":32,"key":"REST"}],"neow_cost":"NO_GOLD","seed_source_timestamp":1772540155621841,"circlet_count":0,"master_deck":["Strike_B","Strike_B","Strike_B","Strike_B","Defend_B","Defend_B","Defend_B","Defend_B","Zap","Dualcast","BootSequence","Ball Lightning","Conserve Battery","Redo","Conserve Battery","Chill","Melter","Static Discharge","Blizzard+1","Capacitor","Redo","Sweeping Beam","Defragment","Glacier+1","Static Discharge"],"relics":["FrozenCore","Bloody Idol","Odd Mushroom","Lantern","Question Card","Strawberry","Mummified Hand"],"potions_floor_usage":[13,16,20,23,29,30,31],"damage_taken":[{"damage":6,"enemies":"Jaw Worm","floor":1,"turns":3},{"damage":13,"enemies":"2 Louse","floor":2,"turns":3},{"damage":0,"enemies":"Small Slimes","floor":3,"turns":3},{"damage":4,"enemies":"Exordium Wildlife","floor":7,"turns":3},{"damage":3,"enemies":"The Mushroom Lair","floor":8,"turns":4},{"damage":2,"enemies":"3 Louse","floor":11,"turns":3},{"damage":21,"enemies":"Lagavulin","floor":13,"turns":5},{"damage":7,"enemies":"Blue Slaver","floor":14,"turns":3},{"damage":44,"enemies":"Slime Boss","floor":16,"turns":13},{"damage":19,"enemies":"Spheric Guardian","floor":18,"turns":6},{"damage":18,"enemies":"2 Thieves","floor":20,"turns":5},{"damage":19,"enemies":"Snake Plant","floor":22,"turns":5},{"damage":22,"enemies":"Slavers","floor":23,"turns":8},{"damage":14,"enemies":"Snecko","floor":24,"turns":6},{"damage":13,"enemies":"Centurion and Healer","floor":29,"turns":7},{"damage":18,"enemies":"Book of Stabbing","floor":30,"turns":7},{"damage":15,"enemies":"Snake Plant","floor":31,"turns":6},{"damage":68,"enemies":"Collector","floor":33,"turns":13}],"seed_played":"-1462982950819669746","potions_obtained":[{"floor":3,"key":"FearPotion"},{"floor":8,"key":"SteroidPotion"},{"floor":13,"key":"Weak Potion"},{"floor":14,"key":"SmokeBomb"},{"floor":16,"key":"Energy Potion"},{"floor":22,"key":"Block Potion"},{"floor":24,"key":"Fire Potion"},{"floor":29,"key":"Weak Potion"},{"floor":30,"key":"FearPotion"}],"is_trial":false,"path_per_floor":["M","M","M","?","?","R","M","?","T","R","M","?","E","M","R","B",null,"M","$","M","?","M","E","M","R","T","R","?","M","E","M","R","B"],"character_chosen":"DEFECT","items_purchased":["Melter","Static Discharge"],"campfire_rested":5,"item_purchase_floors":[19,19],"current_hp_per_floor":[83,70,70,70,59,59,55,52,52,78,76,81,60,53,81,37,94,75,75,57,57,38,23,9,39,39,69,69,61,48,38,68,0],"gold":296,"neow_bonus":"TWENTY_PERCENT_HP_BONUS","is_prod":false,"is_daily":false,"chose_seed":false,"campfire_upgraded":0,"win_rate":0,"timestamp":1562635589,"path_taken":["M","M","M","?","?","R","M","?","T","R","?","?","E","M","R","BOSS","M","$","M","?","M","E","M","R","T","R","?","M","E","M","R","BOSS"],"build_version":"2019-07-05","purchased_purges":1,"victory":false,"max_hp_per_floor":[89,89,89,89,89,89,89,89,89,89,89,94,94,94,94,94,94,94,94,94,94,94,101,101,101,101,101,101,101,101,101,101,101],"card_choices":[{"not_picked":["Compile Driver","Darkness"],"picked":"BootSequence","floor":1},{"not_picked":["Reprogram","Steam"],"picked":"Ball Lightning","floor":2},{"not_picked":["Undo","Coolheaded"],"picked":"Conserve Battery","floor":3},{"not_picked":["Gash","Turbo","Streamline"],"picked":"SKIP","floor":7},{"not_picked":["Go for the Eyes","Scrape"],"picked":"Redo","floor":11},{"not_picked":["Stack","Cold Snap","Multi-Cast"],"picked":"SKIP","floor":13},{"not_picked":["Chill","Beam Cell","Doom and Gloom"],"picked":"Conserve Battery","floor":14},{"not_picked":["Steam","Hologram","Undo"],"picked":"Chill","floor":18},{"not_picked":["Conserve Battery","Reprogram","Cold Snap"],"picked":"Blizzard+1","floor":20},{"not_picked":["Leap","Rebound","Conserve Battery+1"],"picked":"Capacitor","floor":22},{"not_picked":["Hologram+1","Coolheaded","Compile Driver"],"picked":"Redo","floor":23},{"not_picked":["Beam Cell+1","Fusion","Stack"],"picked":"Sweeping Beam","floor":24},{"not_picked":["Aggregate+1","Conserve Battery","Streamline"],"picked":"Defragment","floor":29},{"not_picked":["Scrape","Reinforced Body","All For One"],"picked":"Glacier+1","floor":30},{"not_picked":["Beam Cell","Leap","Reprogram"],"picked":"Static Discharge","floor":31}],"player_experience":302517,"relics_obtained":[{"floor":8,"key":"Odd Mushroom"},{"floor":9,"key":"Lantern"},{"floor":13,"key":"Question Card"},{"floor":23,"key":"Strawberry"},{"floor":30,"key":"Mummified Hand"}],"event_choices":[{"damage_healed":0,"gold_gain":0,"player_choice":"Take Wound","damage_taken":0,"relics_obtained":["Golden Idol"],"max_hp_gain":0,"max_hp_loss":0,"event_name":"Golden Idol","floor":4,"gold_loss":0,"cards_obtained":["Injury"]},{"damage_healed":0,"gold_gain":75,"player_choice":"Gather Gold","damage_taken":11,"max_hp_gain":0,"max_hp_loss":0,"event_name":"World of Goop","floor":5,"gold_loss":0},{"damage_healed":0,"gold_gain":0,"player_choice":"Fought Mushrooms","damage_taken":0,"max_hp_gain":0,"max_hp_loss":0,"event_name":"Mushrooms","floor":8,"gold_loss":0},{"damage_healed":0,"gold_gain":0,"player_choice":"Donut","damage_taken":0,"max_hp_gain":5,"max_hp_loss":0,"event_name":"Big Fish","floor":12,"gold_loss":0},{"damage_healed":0,"gold_gain":0,"player_choice":"Ignored","damage_taken":0,"max_hp_gain":0,"max_hp_loss":0,"event_name":"Ghosts","floor":21,"gold_loss":0},{"damage_healed":0,"gold_gain":0,"player_choice":"Gave Idol","damage_taken":0,"relics_obtained":["Bloody Idol"],"max_hp_gain":0,"max_hp_loss":0,"event_name":"Forgotten Altar","floor":28,"relics_lost":["Golden Idol"],"gold_loss":0}],"is_beta":false,"boss_relics":[{"not_picked":["Astrolabe","Ectoplasm"],"picked":"FrozenCore"}],"items_purged_floors":[19],"is_endless":false,"potions_floor_spawned":[3,8,13,14,16,22,24,29,30],"killed_by":"Collector","ascension_level":1}