{"gold_per_floor":[119,119,119,119,140,184,184,224,224,249,8,39,114,114,114,235,235,253,106,0,13,13,13,47,47,100,100,150,183,207,226,226,352,352,372,396,396,409,409,450,513,513,513,556,575,575,598,617,617,617,617,617,62,97,97],"floor_reached":56,"playtime":4099,"items_purged":["theSenshi:SailorCosmosAssists+1"],"score":1361,"play_id":"aba484a0-cd06-4d27-891f-586998db7e96","local_time":"20190708234404","is_ascension_mode":false,"campfire_choices":[{"data":"theSenshi:MoonTiaraMagic","floor":7,"key":"SMITH"},{"data":"theSenshi:MoonPrismPowerMakeUp","floor":15,"key":"SMITH"},{"data":"theSenshi:MoonCosmicPowerMakeUp","floor":23,"key":"SMITH"},{"data":"theSenshi:MoonGorgeousMeditation","floor":27,"key":"SMITH"},{"data":"theSenshi:IWillPunishYou","floor":32,"key":"SMITH"},{"data":"theSenshi:InTheNameOfTheMoon","floor":42,"key":"SMITH"},{"data":"theSenshi:MoonPrincessHalation","floor":46,"key":"SMITH"},{"floor":49,"key":"RECALL"},{"data":"theSenshi:MoonHealingEscalation","floor":52,"key":"SMITH"}],"neow_cost":"NONE","seed_source_timestamp":304252320651713,"circlet_count":0,"master_deck":["theSenshi:SailorKick+1","theSenshi:SailorKick+1","theSenshi:SailorBlock+1","theSenshi:SailorBlock+1","theSenshi:RoseThrow+1","theSenshi:MoonPrismPowerMakeUp+1","theSenshi:MoonTiaraMagic+1","theSenshi:MoonTwilightFlash","theSenshi:MoonHealingEscalation+1","theSenshi:VenusGlamour","theSenshi:MoonGorgeousMeditation+1","theSenshi:MoonPrincessHalation+1","Deep Breath","theSenshi:IWillPunishYou+1","theSenshi:ChibiMoonsLove+1","theSenshi:JupitersPower+1","theSenshi:MoonCrystalPowerMakeUp+1","theSenshi:MoonCosmicPowerMakeUp+1","theSenshi:TuxedoSmokingBomber+1","theSenshi:InTheNameOfTheMoon+1","theSenshi:MoonCrystalPowerMakeUp+1","theSenshi:MoonCosmicPowerMakeUp+1","theSenshi:MoonPrincessHalation+1","theSenshi:YouCanTalk+1","theSenshi:EncouragingSpeech+1","theSenshi:MoonCrisisMakeUp","theSenshi:TuxedoSmokingBomber+1","Chrysalis","theSenshi:MoonKick+1"],"relics":["theSenshi:TransformationBroochRelic","NeowsBlessing","Golden Idol","theSenshi:HolyGrailRelic","Bag of Marbles","Anchor","Dream Catcher","Mango","Astrolabe","theSenshi:RoseRelic","theSenshi:TransformationPenRelic","Cursed Key","Molten Egg 2","Torii","Juzu Bracelet","HandDrill","theSenshi:SailorFukuRelic","Shuriken"],"potions_floor_usage":[16,40,44,54,54,55],"damage_taken":[{"damage":0,"enemies":"Small Slimes","floor":1,"turns":2},{"damage":0,"enemies":"Jaw Worm","floor":5,"turns":1},{"damage":0,"enemies":"Gremlin Nob","floor":6,"turns":1},{"damage":6,"enemies":"Lagavulin","floor":8,"turns":5},{"damage":0,"enemies":"Cultist","floor":10,"turns":3},{"damage":17,"enemies":"3 Sentries","floor":12,"turns":8},{"damage":29,"enemies":"Slime Boss","floor":16,"turns":8},{"damage":39,"enemies":"Spheric Guardian","floor":18,"turns":6},{"damage":0,"enemies":"Shell Parasite","floor":21,"turns":7},{"damage":14,"enemies":"Slavers","floor":24,"turns":10},{"damage":45,"enemies":"Gremlin Leader","floor":29,"turns":7},{"damage":5,"enemies":"Snecko","floor":30,"turns":4},{"damage":0,"enemies":"Centurion and Healer","floor":31,"turns":8},{"damage":0,"enemies":"Automaton","floor":33,"turns":6},{"damage":3,"enemies":"3 Darklings","floor":35,"turns":3},{"damage":0,"enemies":"Orb Walker","floor":36,"turns":2},{"damage":0,"enemies":"Spire Growth","floor":38,"turns":4},{"damage":13,"enemies":"Giant Head","floor":40,"turns":7},{"damage":27,"enemies":"2 Orb Walkers","floor":41,"turns":4},{"damage":0,"enemies":"Nemesis","floor":44,"turns":5},{"damage":0,"enemies":"Transient","floor":45,"turns":5},{"damage":14,"enemies":"Writhing Mass","floor":47,"turns":5},{"damage":0,"enemies":"4 Shapes","floor":48,"turns":3},{"damage":49,"enemies":"Donu and Deca","floor":50,"turns":9},{"damage":41,"enemies":"Shield and Spear","floor":54,"turns":12},{"damage":94,"enemies":"The Heart","floor":55,"turns":10}],"seed_played":"-2219451319430254662","potions_obtained":[{"floor":1,"key":"EssenceOfSteel"},{"floor":8,"key":"Explosive Potion"},{"floor":16,"key":"GamblersBrew"},{"floor":21,"key":"Energy Potion"},{"floor":24,"key":"SkillPotion"},{"floor":40,"key":"EssenceOfSteel"},{"floor":41,"key":"Regen Potion"},{"floor":44,"key":"FearPotion"}],"is_trial":false,"path_per_floor":["M","?","?","?","M","E","R","E","T","M","$","E","?","?","R","B",null,"M","$","?","M","?","R","E","$","T","R","?","E","M","M","R","B",null,"M","M","?","M","?","E","?","R","T","E","M","R","M","M","R","B",null,"R","$","E","B",null],"character_chosen":"THE_SENSHI","items_purchased":["theSenshi:VenusGlamour","theSenshi:MoonGorgeousMeditation","theSenshi:MoonCosmicPowerMakeUp","HandDrill","theSenshi:TuxedoSmokingBomber+1","theSenshi:SailorFukuRelic","Chrysalis"],"campfire_rested":0,"item_purchase_floors":[11,11,19,53,53,53,53],"current_hp_per_floor":[75,57,57,50,50,50,50,44,44,49,49,56,45,45,45,21,89,50,50,50,70,70,70,61,61,61,61,61,41,51,71,71,71,89,89,89,89,89,89,76,62,62,62,76,76,76,82,82,82,38,89,89,89,73,4],"gold":97,"neow_bonus":"THREE_ENEMY_KILL","is_prod":false,"is_daily":false,"chose_seed":false,"campfire_upgraded":8,"win_rate":0.0,"timestamp":1562643844,"path_taken":["M","?","?","?","?","E","R","E","T","M","?","E","?","?","R","BOSS","M","$","?","M","?","R","E","?","T","R","?","E","?","M","R","BOSS","M","M","?","M","?","E","?","R","T","E","M","R","M","M","R","BOSS","R","$","E","BOSS"],"build_version":"2019-07-05","purchased_purges":1,"victory":true,"max_hp_per_floor":[75,75,75,75,75,75,75,75,75,75,75,89,89,89,89,89,89,89,89,89,89,89,89,89,89,89,89,89,89,89,89,89,89,89,89,89,89,89,89,89,89,89,89,89,89,89,89,89,89,89,89,89,89,89,89],"card_choices":[{"not_picked":["theSenshi:MoonCrisisMakeUp","theSenshi:OdangoHead"],"picked":"theSenshi:MoonTiaraMagic","floor":1},{"not_picked":["theSenshi:GatheringStrength","theSenshi:SchoolBag","theSenshi:MoonTiaraMagic"],"picked":"SKIP","floor":5},{"not_picked":["theSenshi:EncouragingSpeech","theSenshi:SchoolBag"],"picked":"theSenshi:MoonTwilightFlash","floor":6},{"not_picked":["theSenshi:MoonCrystalPowerMakeUp","theSenshi:SchoolBag"],"picked":"theSenshi:MoonHealingEscalation","floor":8},{"not_picked":["theSenshi:LunasBite","theSenshi:CrisisMakeUp","theSenshi:SailorMarsAssists"],"picked":"SKIP","floor":10},{"not_picked":["theSenshi:SailorPlanetPower","theSenshi:SailorMercuryAssists","theSenshi:SailorStarFighterAssists"],"picked":"SKIP","floor":12},{"not_picked":["theSenshi:MoonGorgeousMeditation","theSenshi:FatedKiss"],"picked":"theSenshi:IWillPunishYou","floor":16},{"not_picked":["theSenshi:Sidestep","theSenshi:PlutosSolemnity"],"picked":"theSenshi:MoonCrystalPowerMakeUp+1","floor":18},{"not_picked":["theSenshi:EncouragingSpeech","theSenshi:LateForSchool+1","theSenshi:MoonCrystalPowerMakeUp"],"picked":"SKIP","floor":21},{"not_picked":["theSenshi:MoonGorgeousMeditation","theSenshi:LateForSchool","theSenshi:MoonCrisisMakeUp"],"picked":"SKIP","floor":24},{"not_picked":["theSenshi:MoonGorgeousMeditation","theSenshi:GlimpseOfThePast","theSenshi:LunasBite"],"picked":"SKIP","floor":29},{"not_picked":["theSenshi:MoonCrystalPowerMakeUp","theSenshi:SailorPlanetPower+1"],"picked":"theSenshi:TuxedoSmokingBomber+1","floor":30},{"not_picked":["theSenshi:HesSoDreamy","theSenshi:SchoolBag","theSenshi:SaturnsMystery"],"picked":"SKIP","floor":31},{"not_picked":["theSenshi:GlimpseOfThePast","theSenshi:ChibiMoonsLove"],"picked":"theSenshi:InTheNameOfTheMoon","floor":33},{"not_picked":["theSenshi:SailorMarsAssists","theSenshi:SaturnsMystery","theSenshi:MoonPunch+1"],"picked":"SKIP","floor":35},{"not_picked":["theSenshi:SailorMercuryAssists","theSenshi:SailorChibiMoonAssists"],"picked":"theSenshi:MoonCrystalPowerMakeUp+1","floor":36},{"not_picked":["theSenshi:SailorVenusAssists+1","theSenshi:MoonlightKnight+1"],"picked":"theSenshi:MoonCosmicPowerMakeUp+1","floor":38},{"not_picked":["theSenshi:InTheNameOfTheMoon","theSenshi:MoonGorgeousMeditation","theSenshi:MoonTiaraMagic+1"],"picked":"SKIP","floor":40},{"not_picked":["theSenshi:SailorMercuryAssists+1","theSenshi:SailorVenusAssists+1"],"picked":"theSenshi:MoonPrincessHalation+1","floor":41},{"not_picked":["theSenshi:RainbowMoonHeartAche+1","theSenshi:MoonTiaraMagic+1"],"picked":"theSenshi:YouCanTalk+1","floor":44},{"not_picked":["theSenshi:TallSilhouette","theSenshi:SailorStarMakerAssists+1"],"picked":"theSenshi:EncouragingSpeech+1","floor":45},{"not_picked":["theSenshi:LunaSensingAllies+1","theSenshi:MoonlightKnight+1"],"picked":"theSenshi:MoonCrisisMakeUp","floor":47},{"not_picked":["theSenshi:SailorChibiMoonAssists+1","theSenshi:TallSilhouette","theSenshi:LunaWiseMentor+1"],"picked":"SKIP","floor":48},{"not_picked":["theSenshi:OdangoHead+1","theSenshi:SailorPlanetAttack+1"],"picked":"theSenshi:MoonKick+1","floor":54}],"player_experience":226478,"relics_obtained":[{"floor":6,"key":"Bag of Marbles"},{"floor":8,"key":"Anchor"},{"floor":9,"key":"Dream Catcher"},{"floor":12,"key":"Mango"},{"floor":24,"key":"theSenshi:RoseRelic"},{"floor":29,"key":"theSenshi:TransformationPenRelic"},{"floor":40,"key":"Molten Egg 2"},{"floor":41,"key":"Torii"},{"floor":44,"key":"Juzu Bracelet"},{"floor":54,"key":"Shuriken"}],"event_choices":[{"damage_healed":0,"gold_gain":0,"player_choice":"Take Damage","damage_taken":18,"relics_obtained":["Golden Idol"],"max_hp_gain":0,"max_hp_loss":0,"event_name":"Golden Idol","floor":2,"gold_loss":0},{"damage_healed":0,"gold_gain":0,"player_choice":"Grow","damage_taken":0,"max_hp_gain":0,"max_hp_loss":0,"event_name":"Living Wall","floor":3,"gold_loss":0,"cards_upgraded":["theSenshi:RoseThrow"]},{"damage_healed":0,"gold_gain":0,"player_choice":"Success","damage_taken":7,"relics_obtained":["theSenshi:HolyGrailRelic"],"max_hp_gain":0,"max_hp_loss":0,"event_name":"Scrap Ooze","floor":4,"gold_loss":0},{"damage_healed":0,"gold_gain":75,"player_choice":"Gather Gold","damage_taken":11,"max_hp_gain":0,"max_hp_loss":0,"event_name":"World of Goop","floor":13,"gold_loss":0},{"damage_healed":0,"gold_gain":0,"player_choice":"2 cards matched","damage_taken":0,"max_hp_gain":0,"max_hp_loss":0,"event_name":"Match and Keep!","floor":14,"gold_loss":0,"cards_obtained":["theSenshi:MoonPrincessHalation","Deep Breath"]},{"damage_healed":0,"gold_gain":0,"player_choice":"Paid Fearfully","damage_taken":0,"max_hp_gain":0,"max_hp_loss":0,"event_name":"Masked Bandits","floor":20,"gold_loss":106},{"damage_healed":0,"gold_gain":0,"player_choice":"Simplicity","damage_taken":0,"max_hp_gain":0,"max_hp_loss":0,"event_name":"Back to Basics","floor":22,"gold_loss":0,"cards_upgraded":[]},{"damage_healed":0,"gold_gain":100,"player_choice":"Bet on Murderer","damage_taken":0,"max_hp_gain":0,"max_hp_loss":0,"event_name":"The Joust","floor":28,"gold_loss":50},{"damage_healed":0,"gold_gain":0,"player_choice":"Ignored","damage_taken":0,"max_hp_gain":0,"max_hp_loss":0,"event_name":"Tomb of Lord Red Mask","floor":37,"gold_loss":0},{"cards_removed":["theSenshi:SailorBlock"],"damage_healed":0,"gold_gain":0,"player_choice":"Removed Skill","damage_taken":0,"max_hp_gain":0,"max_hp_loss":0,"event_name":"Falling","floor":39,"gold_loss":0},{"damage_healed":0,"gold_gain":0,"player_choice":"Fight","damage_taken":0,"max_hp_gain":0,"max_hp_loss":0,"event_name":"Mysterious Sphere","floor":41,"gold_loss":0}],"is_beta":false,"boss_relics":[{"not_picked":["White Beast Statue","Runic Dome"],"picked":"Astrolabe"},{"not_picked":["Pandora\u0027s Box","Coffee Dripper"],"picked":"Cursed Key"}],"items_purged_floors":[19],"is_endless":false,"potions_floor_spawned":[1,8,16,21,24,30,33,40,41,44,45],"ascension_level":0}