{"gold_per_floor":[111,186,186,205,62,72,72,23,95,130,140,159,334,360,360,465,465,485,485,496,508,525,560,560,5,5,405,30,56,22,39,39,140,140,150,166,166,166],"floor_reached":39,"playtime":2887,"items_purged":["Doubt","Strike_B"],"score":745,"play_id":"722cade8-7b60-48cc-a019-ec25050633a4","local_time":"20190707112036","is_ascension_mode":true,"campfire_choices":[{"data":"Biased Cognition","floor":7,"key":"SMITH"},{"data":"White Noise","floor":15,"key":"SMITH"},{"floor":24,"key":"REST"},{"data":"Steam","floor":32,"key":"SMITH"}],"neow_cost":"NONE","seed_source_timestamp":1588940860415925,"circlet_count":0,"master_deck":["Strike_B","Strike_B","Defend_B","Defend_B","Defend_B","Defend_B","Zap","Dualcast","Biased Cognition+1","Cold Snap","Steam","Ball Lightning","Conserve Battery","Loop","Steam+1","Chaos","Chill","Glacier","White Noise+1","Electrodynamics+1","Defragment+1","Sunder+1","Static Discharge+1","Lockon+1","Go for the Eyes+1","Ball Lightning+1","Core Surge+1","Capacitor+1","Melter+1","Cold Snap+1","Creative AI+1","Force Field+1"],"relics":["Cracked Core","Question Card","Frozen Egg 2","Molten Egg 2","Black Star","Dead Branch","Ice Cream","Prayer Wheel","Juzu Bracelet","Incense Burner","Mercury Hourglass","Old Coin","Meat on the Bone","Lee\u0027s Waffle","Potion Belt","Letter Opener","Busted Crown"],"potions_floor_usage":[14,16,29,38,38,38,38],"damage_taken":[{"damage":8,"enemies":"Jaw Worm","floor":1,"turns":4},{"damage":0,"enemies":"Cultist","floor":4,"turns":3},{"damage":0,"enemies":"Small Slimes","floor":6,"turns":2},{"damage":21,"enemies":"Gremlin Nob","floor":10,"turns":4},{"damage":0,"enemies":"Exordium Wildlife","floor":11,"turns":2},{"damage":0,"enemies":"Looter","floor":12,"turns":3},{"damage":5,"enemies":"Lagavulin","floor":14,"turns":5},{"damage":5,"enemies":"Slime Boss","floor":16,"turns":9},{"damage":4,"enemies":"Spheric Guardian","floor":18,"turns":4},{"damage":0,"enemies":"Shell Parasite","floor":20,"turns":3},{"damage":0,"enemies":"Chosen and Byrds","floor":21,"turns":4},{"damage":31,"enemies":"3 Cultists","floor":22,"turns":5},{"damage":22,"enemies":"Slavers","floor":23,"turns":5},{"damage":19,"enemies":"Colosseum Slavers","floor":27,"turns":3},{"damage":1,"enemies":"Colosseum Nobs","floor":27,"turns":3},{"damage":0,"enemies":"Gremlin Leader","floor":29,"turns":4},{"damage":1,"enemies":"Shelled Parasite and Fungi","floor":31,"turns":4},{"damage":16,"enemies":"Collector","floor":33,"turns":7},{"damage":35,"enemies":"3 Darklings","floor":35,"turns":4},{"damage":14,"enemies":"Orb Walker","floor":36,"turns":3},{"damage":32,"enemies":"Awakened One","floor":38,"turns":8}],"seed_played":"-1324219046151601958","potions_obtained":[{"floor":4,"key":"Swift Potion"},{"floor":10,"key":"Strength Potion"},{"floor":14,"key":"Dexterity Potion"},{"floor":16,"key":"Swift Potion"},{"floor":23,"key":"Block Potion"},{"floor":29,"key":"EssenceOfSteel"},{"floor":31,"key":"GamblersBrew"},{"floor":36,"key":"Ancient Potion"}],"is_trial":false,"path_per_floor":["M","?","?","M","$","M","R","$","T","E","M","M","?","E","R","B",null,"M","?","M","M","M","E","R","$","T","?","$","E","$","M","R","B",null,"M","M","?","B",null],"character_chosen":"DEFECT","items_purchased":["Ball Lightning","Conserve Battery","Loop","PowerPotion","Lockon+1","Juzu Bracelet","Incense Burner","Lee\u0027s Waffle","Ball Lightning+1","PowerPotion","Capacitor+1"],"campfire_rested":1,"item_purchase_floors":[5,5,5,8,25,25,25,28,28,28,30],"current_hp_per_floor":[67,56,49,49,49,49,49,49,49,28,28,28,28,23,23,18,75,71,71,71,71,40,18,40,40,40,20,82,82,82,81,81,65,82,47,45,45,25],"gold":166,"neow_bonus":"ONE_RANDOM_RARE_CARD","is_prod":false,"is_daily":false,"chose_seed":false,"campfire_upgraded":3,"win_rate":0,"timestamp":1562523636,"path_taken":["M","?","?","M","$","M","R","?","T","E","M","?","?","E","R","BOSS","M","?","?","M","M","E","R","$","T","?","$","E","?","M","R","BOSS","M","M","?","BOSS"],"build_version":"2019-07-05","purchased_purges":2,"victory":true,"max_hp_per_floor":[75,75,75,75,75,75,75,75,75,75,75,75,75,75,75,75,75,75,75,75,75,75,75,75,75,75,75,82,82,82,82,82,82,82,82,82,82,82],"card_choices":[{"not_picked":["Skim","Coolheaded"],"picked":"Cold Snap","floor":1},{"not_picked":["Beam Cell","Barrage"],"picked":"Steam","floor":4},{"not_picked":["Conserve Battery","Turbo"],"picked":"Steam","floor":6},{"not_picked":["Reinforced Body","Turbo","Doom and Gloom"],"picked":"Chaos","floor":10},{"not_picked":["Steam Power","Chaos","Streamline"],"picked":"Chill","floor":11},{"not_picked":["Gash","Chill","Reinforced Body"],"picked":"Glacier","floor":12},{"not_picked":["Meteor Strike","Reprogram","Steam"],"picked":"White Noise","floor":14},{"not_picked":["Fission","Seek","Reboot"],"picked":"Electrodynamics+1","floor":16},{"not_picked":["Conserve Battery+1","White Noise+1","Go for the Eyes+1"],"picked":"Defragment+1","floor":18},{"not_picked":["Reinforced Body","Loop+1","Gash+1"],"picked":"Sunder+1","floor":20},{"not_picked":["Barrage+1","Sweeping Beam+1","Rebound+1","Stack"],"picked":"SKIP","floor":21},{"not_picked":["Hologram","Go for the Eyes+1","Cold Snap+1"],"picked":"Static Discharge+1","floor":22},{"not_picked":["Rebound+1","Scrape+1","Streamline+1","Genetic Algorithm"],"picked":"SKIP","floor":23},{"not_picked":["FTL+1","Rebound+1","Sunder+1"],"picked":"Go for the Eyes+1","floor":27},{"not_picked":["Static Discharge+1","Doom and Gloom+1","Chill"],"picked":"Core Surge+1","floor":29},{"not_picked":["Scrape+1","Streamline+1","Rip and Tear+1"],"picked":"Melter+1","floor":31},{"not_picked":["Redo","Rip and Tear+1","Darkness"],"picked":"Cold Snap+1","floor":31},{"not_picked":["Reboot","Buffer+1","Core Surge+1"],"picked":"Creative AI+1","floor":33},{"not_picked":["FTL+1","Turbo"],"picked":"SKIP","floor":35},{"not_picked":["Hello World+1","Scrape+1"],"picked":"SKIP","floor":35},{"not_picked":["Barrage+1"],"picked":"Force Field+1","floor":36},{"not_picked":["Glacier+1","Doom and Gloom+1"],"picked":"SKIP","floor":36}],"player_experience":254565,"relics_obtained":[{"floor":9,"key":"Question Card"},{"floor":10,"key":"Frozen Egg 2"},{"floor":14,"key":"Molten Egg 2"},{"floor":23,"key":"Ice Cream"},{"floor":23,"key":"Prayer Wheel"},{"floor":26,"key":"Mercury Hourglass"},{"floor":27,"key":"Old Coin"},{"floor":27,"key":"Meat on the Bone"},{"floor":29,"key":"Potion Belt"},{"floor":29,"key":"Letter Opener"}],"event_choices":[{"damage_healed":0,"gold_gain":75,"player_choice":"Gather Gold","damage_taken":11,"max_hp_gain":0,"max_hp_loss":0,"event_name":"World of Goop","floor":2,"gold_loss":0},{"cards_removed":["Strike_B"],"damage_healed":0,"gold_gain":0,"player_choice":"Card Removal","damage_taken":7,"max_hp_gain":0,"max_hp_loss":0,"event_name":"Golden Wing","floor":3,"gold_loss":0},{"damage_healed":0,"gold_gain":175,"player_choice":"AGREE","damage_taken":0,"max_hp_gain":0,"max_hp_loss":0,"event_name":"Liars Game","floor":13,"gold_loss":0,"cards_obtained":["Doubt"]},{"damage_healed":0,"gold_gain":0,"player_choice":"Gave Potion","damage_taken":0,"relics_obtained":["Dead Branch"],"max_hp_gain":0,"max_hp_loss":0,"event_name":"WeMeetAgain","floor":19,"gold_loss":0},{"damage_healed":0,"gold_gain":0,"player_choice":"Fight","damage_taken":0,"max_hp_gain":0,"max_hp_loss":0,"event_name":"Colosseum","floor":27,"gold_loss":0},{"damage_healed":0,"gold_gain":0,"player_choice":"Fought Nobs","damage_taken":0,"max_hp_gain":0,"max_hp_loss":0,"event_name":"Colosseum","floor":27,"gold_loss":0},{"damage_healed":0,"gold_gain":0,"player_choice":"Took Portal","damage_taken":0,"max_hp_gain":0,"max_hp_loss":0,"event_name":"SecretPortal","floor":37,"gold_loss":0}],"is_beta":false,"boss_relics":[{"not_picked":["Eternal Feather","Runic Pyramid"],"picked":"Black Star"},{"not_picked":["Sozu","Nuclear Battery"],"picked":"Busted Crown"}],"items_purged_floors":[25,28],"is_endless":false,"potions_floor_spawned":[4,10,14,16,23,27,29,31,36],"ascension_level":3}