{"gold_per_floor":[113,127,127,52,71,71,21,21,21,35,35,65,83,0,0,0],"floor_reached":16,"playtime":1022,"items_purged":["Evolve"],"score":160,"play_id":"59492128-42a9-44f9-a55b-700ddb41c469","local_time":"20181219133316","is_ascension_mode":true,"campfire_choices":[{"data":"Armaments","floor":6,"key":"SMITH"},{"data":"Double Tap","floor":8,"key":"SMITH"},{"data":"Bash","floor":11,"key":"SMITH"},{"data":"Burning Pact","floor":15,"key":"SMITH"}],"neow_cost":"CURSE","seed_source_timestamp":3197330337727111,"circlet_count":0,"master_deck":["AscendersBane","Strike_R","Strike_R","Strike_R","Strike_R","Strike_R","Defend_R","Defend_R","Defend_R","Defend_R","Bash+1","Shame","Armaments+1","Double Tap+1","Dropkick","Headbutt","Burning Pact+1","Shrug It Off","Flash of Steel"],"relics":["Burning Blood","Du-Vu Doll","Letter Opener","Orichalcum"],"potions_floor_usage":[10,12],"damage_taken":[{"damage":2,"enemies":"Jaw Worm","floor":1,"turns":3},{"damage":1,"enemies":"Cultist","floor":2,"turns":3},{"damage":14,"enemies":"2 Louse","floor":5,"turns":3},{"damage":6,"enemies":"Exordium Thugs","floor":10,"turns":2},{"damage":31,"enemies":"3 Sentries","floor":12,"turns":8},{"damage":4,"enemies":"2 Fungi Beasts","floor":13,"turns":3},{"damage":49,"enemies":"Slime Boss","floor":16,"turns":9}],"seed_played":"-3900187243290836370","potions_obtained":[{"floor":2,"key":"Strength Potion"},{"floor":5,"key":"AttackPotion"},{"floor":13,"key":"EssenceOfSteel"}],"is_trial":false,"path_per_floor":["M","M","?","$","M","R","$","R","T","M","R","E","M","$","R","B"],"character_chosen":"IRONCLAD","items_purchased":["Headbutt","Flash of Steel"],"campfire_rested":0,"item_purchase_floors":[7,14],"current_hp_per_floor":[76,80,80,80,72,72,72,72,72,72,72,47,49,49,49,0],"gold":0,"neow_bonus":"ONE_RARE_RELIC","is_prod":false,"is_daily":false,"chose_seed":false,"campfire_upgraded":4,"win_rate":0,"timestamp":1545255196,"path_taken":["M","M","?","$","?","R","?","R","T","M","R","E","M","$","R","BOSS"],"build_version":"2018-12-13","purchased_purges":1,"victory":false,"max_hp_per_floor":[80,80,80,80,80,80,80,80,80,80,80,80,80,80,80,80],"card_choices":[{"not_picked":["Rampage","Clash"],"picked":"Evolve","floor":1},{"not_picked":["Pommel Strike","Shrug It Off"],"picked":"Armaments","floor":2},{"not_picked":["Shockwave","Rage"],"picked":"Dropkick","floor":5},{"not_picked":["Sever Soul","Iron Wave","Headbutt"],"picked":"SKIP","floor":10},{"not_picked":["Headbutt","Flex"],"picked":"Burning Pact","floor":12},{"not_picked":["Flex","Corruption"],"picked":"Shrug It Off","floor":13}],"player_experience":482501,"relics_obtained":[{"floor":9,"key":"Letter Opener"},{"floor":12,"key":"Orichalcum"}],"event_choices":[{"damage_healed":0,"gold_gain":0,"player_choice":"1 cards matched","damage_taken":0,"max_hp_gain":0,"max_hp_loss":0,"event_name":"Match and Keep!","floor":3,"gold_loss":0,"cards_obtained":["Double Tap"]}],"is_beta":false,"boss_relics":[],"items_purged_floors":[4],"is_endless":false,"potions_floor_spawned":[2,5,13],"killed_by":"Slime Boss","ascension_level":12}