{"gold_per_floor":[111,129,143,163,183,208,208,159,185,360,203,203],"floor_reached":12,"playtime":608,"items_purged":["Doubt"],"score":80,"play_id":"b6da3243-c4bd-4fd5-8031-a2a471f13ec0","local_time":"20190709004820","is_ascension_mode":false,"campfire_choices":[],"neow_cost":"NONE","seed_source_timestamp":1790332945182611,"circlet_count":0,"master_deck":["Strike_B","Strike_B","Strike_B","Strike_B","Defend_B","Defend_B","Defend_B","Defend_B","Zap","Dualcast","Leap","Leap","Capacitor","Loop","Rebound","Rebound","Sweeping Beam","BootSequence"],"relics":["Cracked Core","NeowsBlessing","Dream Catcher"],"potions_floor_usage":[6],"damage_taken":[{"damage":0,"enemies":"Small Slimes","floor":1,"turns":1},{"damage":0,"enemies":"Jaw Worm","floor":2,"turns":1},{"damage":0,"enemies":"Cultist","floor":3,"turns":1},{"damage":22,"enemies":"Lots of Slimes","floor":4,"turns":6},{"damage":9,"enemies":"Blue Slaver","floor":5,"turns":5},{"damage":26,"enemies":"Gremlin Nob","floor":6,"turns":5},{"damage":22,"enemies":"Lagavulin Event","floor":12,"turns":5}],"seed_played":"-7599622339678349916","potions_obtained":[{"floor":4,"key":"Block Potion"},{"floor":5,"key":"Energy Potion"}],"is_trial":false,"path_per_floor":["M","M","M","M","M","E","?","$","T","?","$","?"],"character_chosen":"DEFECT","items_purchased":["Sweeping Beam","BootSequence"],"campfire_rested":0,"item_purchase_floors":[8,11],"current_hp_per_floor":[75,75,75,53,44,18,18,18,18,18,18,0],"gold":203,"neow_bonus":"THREE_ENEMY_KILL","is_prod":false,"is_daily":false,"chose_seed":false,"campfire_upgraded":0,"win_rate":0,"timestamp":1562651300,"path_taken":["M","M","M","M","M","E","?","$","T","?","$","?"],"build_version":"2019-07-05","purchased_purges":1,"victory":false,"max_hp_per_floor":[75,75,75,75,75,75,75,75,75,75,75,75],"card_choices":[{"not_picked":["Streamline","Coolheaded"],"picked":"Leap","floor":1},{"not_picked":["Reinforced Body","Compile Driver"],"picked":"Leap","floor":2},{"not_picked":["Amplify","Stack"],"picked":"Capacitor","floor":3},{"not_picked":["Coolheaded","Rebound"],"picked":"Loop","floor":4},{"not_picked":["Loop","Turbo"],"picked":"Rebound","floor":5},{"not_picked":["Rainbow","Reprogram"],"picked":"Rebound","floor":6}],"player_experience":309385,"relics_obtained":[{"floor":6,"key":"Dream Catcher"}],"event_choices":[{"damage_healed":0,"gold_gain":0,"player_choice":"Ignored","damage_taken":0,"max_hp_gain":0,"max_hp_loss":0,"event_name":"Golden Wing","floor":7,"gold_loss":0},{"damage_healed":0,"gold_gain":175,"player_choice":"AGREE","damage_taken":0,"max_hp_gain":0,"max_hp_loss":0,"event_name":"Liars Game","floor":10,"gold_loss":0,"cards_obtained":["Doubt"]},{"damage_healed":0,"gold_gain":0,"player_choice":"Searched \u00271\u0027 times","damage_taken":0,"max_hp_gain":0,"max_hp_loss":0,"event_name":"Dead Adventurer","floor":12,"gold_loss":0}],"is_beta":false,"boss_relics":[],"items_purged_floors":[11],"is_endless":false,"potions_floor_spawned":[2,4,5],"killed_by":"Lagavulin Event","ascension_level":0}