{"gold_per_floor":[113,113,113,113,113,156,172,196,222,222,222,30,54,72,72,72],"floor_reached":16,"playtime":1754,"items_purged":[],"score":100,"play_id":"05450c87-ecde-4887-8c5d-b583d3071454","local_time":"20190623232210","is_ascension_mode":false,"campfire_choices":[{"floor":15,"key":"REST"}],"neow_cost":"NONE","seed_source_timestamp":488007932600930,"circlet_count":0,"master_deck":["Defend_G","Defend_G","Defend_G","Defend_G","Defend_G","Strike_G","Strike_G","Strike_G","Strike_G","Strike_G+1","Survivor+1","Neutralize+1","Prepared","Deadly Poison","Flying Knee","Flying Knee","Infinite Blades","Bane","Infinite Blades"],"relics":["Ring of the Snake","Golden Idol","Whetstone","Blood Vial","Tiny Chest"],"potions_floor_usage":[14,14,16],"damage_taken":[{"damage":8,"enemies":"Jaw Worm","floor":1,"turns":5},{"damage":44,"enemies":"3 Sentries","floor":6,"turns":19},{"damage":0,"enemies":"Small Slimes","floor":7,"turns":3},{"damage":0,"enemies":"Cultist","floor":8,"turns":3},{"damage":27,"enemies":"Exordium Thugs","floor":13,"turns":6},{"damage":1,"enemies":"Large Slime","floor":14,"turns":3},{"damage":33,"enemies":"The Guardian","floor":16,"turns":9}],"seed_played":"3398650799249344788","potions_obtained":[{"floor":6,"key":"SkillPotion"},{"floor":7,"key":"SkillPotion"},{"floor":14,"key":"GamblersBrew"}],"is_trial":false,"path_per_floor":["M","?","?","?","?","E","M","M","T","$","?","$","M","M","R","B"],"character_chosen":"THE_SILENT","items_purchased":["Tiny Chest","Infinite Blades"],"campfire_rested":1,"item_purchase_floors":[12,12],"current_hp_per_floor":[69,74,74,74,74,30,30,30,30,30,30,30,5,6,30,0],"gold":72,"neow_bonus":"TEN_PERCENT_HP_BONUS","is_prod":false,"is_daily":false,"chose_seed":false,"campfire_upgraded":0,"win_rate":0.0,"timestamp":1561350130,"path_taken":["M","?","?","?","?","E","M","?","T","?","?","$","M","M","R","BOSS"],"build_version":"2019-01-23","purchased_purges":0,"victory":false,"max_hp_per_floor":[77,82,82,82,82,82,82,82,82,82,82,82,82,82,82,82],"card_choices":[{"not_picked":["Underhanded Strike","Bouncing Flask"],"picked":"Prepared","floor":1},{"not_picked":["Prepared","Slice"],"picked":"Deadly Poison","floor":6},{"not_picked":["Escape Plan","Sucker Punch"],"picked":"Flying Knee","floor":7},{"not_picked":["Endless Agony","Bouncing Flask"],"picked":"Flying Knee","floor":8},{"not_picked":["PiercingWail","Well Laid Plans"],"picked":"Bane","floor":13},{"not_picked":["Reflex","Underhanded Strike"],"picked":"Infinite Blades","floor":14}],"player_experience":157920,"relics_obtained":[{"floor":6,"key":"Whetstone"},{"floor":9,"key":"Blood Vial"}],"event_choices":[{"damage_healed":0,"gold_gain":0,"player_choice":"Donut","damage_taken":0,"max_hp_gain":5,"max_hp_loss":0,"event_name":"Big Fish","floor":2,"gold_loss":0},{"damage_healed":0,"gold_gain":0,"player_choice":"Grow","damage_taken":0,"max_hp_gain":0,"max_hp_loss":0,"event_name":"Living Wall","floor":3,"gold_loss":0,"cards_upgraded":["Survivor"]},{"damage_healed":0,"gold_gain":0,"player_choice":"Take Wound","damage_taken":0,"relics_obtained":["Golden Idol"],"max_hp_gain":0,"max_hp_loss":0,"event_name":"Golden Idol","floor":4,"gold_loss":0,"cards_obtained":["Injury"]},{"cards_removed":["Injury"],"damage_healed":0,"gold_gain":0,"player_choice":"Removed Curses","damage_taken":0,"max_hp_gain":0,"max_hp_loss":0,"event_name":"Fountain of Cleansing","floor":5,"gold_loss":0},{"damage_healed":0,"gold_gain":0,"player_choice":"Ignored","damage_taken":0,"max_hp_gain":0,"max_hp_loss":0,"event_name":"Golden Wing","floor":11,"gold_loss":0}],"is_beta":false,"boss_relics":[],"items_purged_floors":[],"is_endless":false,"potions_floor_spawned":[6,7,14],"killed_by":"The Guardian","ascension_level":0}