{"gold_per_floor":[111,71,85,85,97,97,125,125,125,137,165,203,227,239],"floor_reached":14,"playtime":1451,"items_purged":[],"score":175,"play_id":"bfe88a87-37f5-43f1-ad67-19c6ffdd9a77","local_time":"20190704210014","is_ascension_mode":true,"campfire_choices":[{"data":"Zap","floor":6,"key":"SMITH"},{"data":"Dualcast","floor":8,"key":"SMITH"},{"data":"Gash","floor":10,"key":"SMITH"}],"neow_cost":"NONE","seed_source_timestamp":612699577425076,"circlet_count":0,"master_deck":["AscendersBane","Strike_B","Strike_B","Strike_B","Defend_B","Defend_B","Defend_B","Defend_B","Zap+1","Dualcast+1","Gash+1","Conserve Battery","Melter","Glacier","Ball Lightning+1","FTL+1","Barrage+1","Self Repair"],"relics":["Cracked Core","Molten Egg 2","MawBank","Centennial Puzzle"],"potions_floor_usage":[7,14,14],"damage_taken":[{"damage":2,"enemies":"Jaw Worm","floor":1,"turns":4},{"damage":1,"enemies":"Cultist","floor":3,"turns":4},{"damage":0,"enemies":"2 Louse","floor":5,"turns":3},{"damage":28,"enemies":"Lagavulin","floor":7,"turns":7},{"damage":13,"enemies":"Gremlin Gang","floor":11,"turns":4},{"damage":15,"enemies":"3 Sentries","floor":12,"turns":6},{"damage":8,"enemies":"Blue Slaver","floor":13,"turns":3},{"damage":10,"enemies":"Lagavulin","floor":14,"turns":4}],"seed_played":"-5301259881163227310","potions_obtained":[{"floor":2,"key":"PowerPotion"},{"floor":2,"key":"AttackPotion"},{"floor":13,"key":"AttackPotion"}],"is_trial":false,"path_per_floor":["M","?","M","?","M","R","E","R","T","R","M","E","M","E"],"character_chosen":"DEFECT","items_purchased":[],"campfire_rested":0,"item_purchase_floors":[],"current_hp_per_floor":[69,69,68,68,68,68,40,40,40,40,27,12,4,0],"gold":239,"neow_bonus":"TEN_PERCENT_HP_BONUS","is_prod":false,"is_daily":false,"chose_seed":false,"campfire_upgraded":3,"win_rate":0,"timestamp":1562299214,"path_taken":["M","?","?","?","M","R","E","R","T","R","?","E","M","E"],"build_version":"2019-07-01","purchased_purges":0,"victory":false,"max_hp_per_floor":[78,78,78,78,78,78,78,78,78,78,78,78,78,78],"card_choices":[{"not_picked":["Hologram","Chaos"],"picked":"Gash","floor":1},{"not_picked":["Barrage","Hologram"],"picked":"Conserve Battery","floor":3},{"not_picked":["Coolheaded","Redo"],"picked":"Glacier","floor":5},{"not_picked":["Double Energy","Genetic Algorithm"],"picked":"Ball Lightning","floor":7},{"not_picked":["Doom and Gloom+1","Double Energy"],"picked":"FTL+1","floor":11},{"not_picked":["Steam","Force Field"],"picked":"Barrage+1","floor":12},{"not_picked":["Compile Driver+1","Cold Snap+1"],"picked":"Self Repair","floor":13}],"player_experience":1412748,"relics_obtained":[{"floor":7,"key":"Molten Egg 2"},{"floor":9,"key":"MawBank"},{"floor":12,"key":"Centennial Puzzle"}],"event_choices":[{"damage_healed":0,"gold_gain":0,"player_choice":"Bought 3 Potions","damage_taken":0,"max_hp_gain":0,"max_hp_loss":0,"event_name":"The Woman in Blue","floor":2,"gold_loss":0},{"damage_healed":0,"gold_gain":0,"cards_transformed":["Strike_B"],"player_choice":"Transformed","damage_taken":0,"max_hp_gain":0,"max_hp_loss":0,"event_name":"Transmorgrifier","floor":4,"gold_loss":0,"cards_obtained":["Melter"]}],"is_beta":false,"boss_relics":[],"items_purged_floors":[],"is_endless":false,"potions_floor_spawned":[3,5,13],"killed_by":"Lagavulin","ascension_level":15}