{"gold_per_floor":[114,125,144,159,159,159,192,192,192,209,209,243,18,28,28,127,127,146,86,103,122,135,135,135,135,159,16,35,35,35,46,46,151,151,163,183,183,195,213,213,224,224,224,243,243,274,291,291,291,291],"floor_reached":51,"playtime":3134,"items_purged":["Strike_R"],"score":732,"play_id":"d78e8914-de58-47df-94cd-e33a761ddcec","local_time":"20190522001117","is_ascension_mode":true,"campfire_choices":[{"data":"Whirlwind","floor":6,"key":"SMITH"},{"data":"Bash","floor":8,"key":"SMITH"},{"data":"Barricade","floor":15,"key":"SMITH"},{"data":"Entrench","floor":23,"key":"SMITH"},{"floor":29,"key":"REST"},{"floor":32,"key":"REST"},{"data":"Demon Form","floor":40,"key":"SMITH"},{"data":"Metallicize","floor":42,"key":"SMITH"},{"floor":49,"key":"RECALL"}],"neow_cost":"NONE","seed_source_timestamp":279301988307302,"circlet_count":0,"master_deck":["Strike_R+1","Strike_R+1","Defend_R+1","Defend_R+1","Defend_R+1","Defend_R+1","Bash+1","Disarm+1","Whirlwind+1","Metallicize+1","Barricade+1","Rage+1","Demon Form+1","Entrench+1","Flame Barrier+1","Feed+1","Metallicize+1","Clumsy","Ghostly Armor+1","Battle Trance+1","Juggernaut+1","Metallicize+1"],"relics":["Burning Blood","Sundial","Prayer Wheel","Champion Belt","Turnip","Red Skull","Cursed Key","Nilry\u0027s Codex","MutagenicStrength","Dream Catcher","Anchor","Velvet Choker","Vajra","Mark of the Bloom"],"potions_floor_usage":[7,7,10,16,44,50,50],"damage_taken":[{"damage":13,"enemies":"Jaw Worm","floor":1,"turns":4},{"damage":0,"enemies":"Small Slimes","floor":2,"turns":3},{"damage":3,"enemies":"Cultist","floor":3,"turns":5},{"damage":13,"enemies":"Gremlin Gang","floor":4,"turns":3},{"damage":14,"enemies":"Gremlin Nob","floor":7,"turns":5},{"damage":10,"enemies":"Large Slime","floor":10,"turns":3},{"damage":18,"enemies":"Lagavulin","floor":12,"turns":8},{"damage":3,"enemies":"Looter","floor":14,"turns":4},{"damage":23,"enemies":"The Guardian","floor":16,"turns":7},{"damage":2,"enemies":"Chosen","floor":18,"turns":6},{"damage":38,"enemies":"2 Thieves","floor":19,"turns":4},{"damage":18,"enemies":"Snecko","floor":20,"turns":6},{"damage":4,"enemies":"Chosen and Byrds","floor":21,"turns":6},{"damage":2,"enemies":"Centurion and Healer","floor":22,"turns":5},{"damage":21,"enemies":"Snake Plant","floor":28,"turns":5},{"damage":24,"enemies":"Shelled Parasite and Fungi","floor":31,"turns":7},{"damage":1,"enemies":"Automaton","floor":33,"turns":12},{"damage":19,"enemies":"Orb Walker","floor":35,"turns":5},{"damage":14,"enemies":"3 Darklings","floor":36,"turns":4},{"damage":0,"enemies":"Maw","floor":38,"turns":8},{"damage":8,"enemies":"Spire Growth","floor":39,"turns":5},{"damage":22,"enemies":"Writhing Mass","floor":41,"turns":7},{"damage":14,"enemies":"Maw","floor":44,"turns":7},{"damage":11,"enemies":"Nemesis","floor":46,"turns":9},{"damage":0,"enemies":"Spire Growth","floor":47,"turns":5},{"damage":35,"enemies":"Awakened One","floor":50,"turns":12}],"seed_played":"3260885535663895276","potions_obtained":[{"floor":1,"key":"Block Potion"},{"floor":3,"key":"Explosive Potion"},{"floor":4,"key":"Strength Potion"},{"floor":10,"key":"PowerPotion"},{"floor":16,"key":"Ancient Potion"},{"floor":22,"key":"Poison Potion"},{"floor":28,"key":"LiquidBronze"},{"floor":41,"key":"Swift Potion"},{"floor":44,"key":"Swift Potion"},{"floor":47,"key":"SteroidPotion"}],"is_trial":false,"path_per_floor":["M","M","M","M","?","R","E","R","T","M","?","E","$","M","R","B",null,"M","M","M","M","M","R","?","?","T","$","M","R","?","M","R","B",null,"M","M","?","M","M","R","M","R","T","M","?","E","M","?","R","B",null],"character_chosen":"IRONCLAD","items_purchased":["Red Skull","Anchor"],"campfire_rested":2,"item_purchase_floors":[13,27],"current_hp_per_floor":[73,79,80,73,57,57,49,49,49,45,42,30,30,33,33,16,80,80,48,36,38,42,42,26,26,26,26,11,35,35,20,44,49,83,70,62,62,71,69,69,53,53,53,45,45,40,46,46,46,11],"gold":291,"neow_bonus":"REMOVE_CARD","is_prod":false,"is_daily":false,"chose_seed":false,"campfire_upgraded":6,"win_rate":0,"timestamp":1558509077,"path_taken":["M","M","M","M","?","R","E","R","T","M","?","E","?","M","R","BOSS","M","?","M","M","?","R","?","?","T","?","M","R","?","M","R","BOSS","M","M","?","M","M","R","M","R","T","M","?","E","M","?","R","BOSS"],"build_version":"2019-01-23","purchased_purges":1,"victory":true,"max_hp_per_floor":[80,80,80,80,80,80,80,80,80,80,80,80,80,80,80,80,80,80,80,80,80,80,80,80,80,80,80,80,80,80,83,83,83,83,83,83,83,86,86,86,86,86,86,86,86,86,86,86,86,86],"card_choices":[{"not_picked":["Blood for Blood","Evolve"],"picked":"Disarm","floor":1},{"not_picked":["Pummel","Pommel Strike","Reckless Charge"],"picked":"SKIP","floor":2},{"not_picked":["Bloodletting","True Grit"],"picked":"Whirlwind","floor":3},{"not_picked":["True Grit","Thunderclap","Body Slam"],"picked":"SKIP","floor":4},{"not_picked":["Intimidate","Sword Boomerang","Perfected Strike"],"picked":"SKIP","floor":7},{"not_picked":["Armaments","Exhume"],"picked":"Metallicize","floor":10},{"not_picked":["Heavy Blade","Flex","Carnage"],"picked":"SKIP","floor":10},{"not_picked":["Twin Strike","Cleave"],"picked":"Barricade","floor":12},{"not_picked":["Body Slam","Twin Strike"],"picked":"Rage","floor":14},{"not_picked":["Clash","Anger","True Grit"],"picked":"SKIP","floor":14},{"not_picked":["Bludgeon","Brutality"],"picked":"Demon Form","floor":16},{"not_picked":["Iron Wave+1","Clash"],"picked":"Entrench","floor":18},{"not_picked":["Perfected Strike","Wild Strike+1","Blood for Blood+1"],"picked":"SKIP","floor":18},{"not_picked":["Body Slam","Havoc","True Grit+1"],"picked":"SKIP","floor":19},{"not_picked":["Wild Strike","Havoc","Clash"],"picked":"SKIP","floor":19},{"not_picked":["Wild Strike+1","Pommel Strike"],"picked":"Flame Barrier+1","floor":20},{"not_picked":["Sword Boomerang","Burning Pact"],"picked":"Feed","floor":20},{"not_picked":["Sword Boomerang","Pommel Strike","Second Wind+1"],"picked":"SKIP","floor":21},{"not_picked":["Uppercut","Anger","Whirlwind"],"picked":"SKIP","floor":21},{"not_picked":["Cleave","Thunderclap+1"],"picked":"Metallicize","floor":22},{"not_picked":["Hemokinesis","Body Slam+1","Searing Blow"],"picked":"SKIP","floor":22},{"not_picked":["Shrug It Off","Pommel Strike+1","True Grit"],"picked":"SKIP","floor":28},{"not_picked":["Blood for Blood+1","Wild Strike","Rage"],"picked":"SKIP","floor":28},{"not_picked":["Anger+1","Reckless Charge"],"picked":"Ghostly Armor+1","floor":29},{"not_picked":["Sword Boomerang","Clash+1"],"picked":"Battle Trance","floor":31},{"not_picked":["Flex","True Grit+1","Perfected Strike+1"],"picked":"SKIP","floor":31},{"not_picked":["Demon Form","Offering"],"picked":"Juggernaut","floor":33},{"not_picked":["Body Slam","Power Through","Bloodletting"],"picked":"SKIP","floor":35},{"not_picked":["Spot Weakness","Perfected Strike+1","Anger"],"picked":"SKIP","floor":35},{"not_picked":["Cleave+1","True Grit","Heavy Blade+1"],"picked":"SKIP","floor":36},{"not_picked":["Iron Wave","Twin Strike","Carnage+1"],"picked":"SKIP","floor":36},{"not_picked":["Clash","Hemokinesis+1","Flame Barrier+1"],"picked":"SKIP","floor":38},{"not_picked":["Twin Strike","Headbutt+1","Juggernaut"],"picked":"SKIP","floor":38},{"not_picked":["Wild Strike","Thunderclap","Anger+1"],"picked":"SKIP","floor":39},{"not_picked":["Pommel Strike+1","Iron Wave","True Grit+1"],"picked":"SKIP","floor":39},{"not_picked":["Warcry+1","Clothesline","Second Wind"],"picked":"SKIP","floor":41},{"not_picked":["Clothesline","Uppercut+1","Sword Boomerang"],"picked":"SKIP","floor":41},{"not_picked":["Dropkick","Bloodletting+1"],"picked":"Metallicize","floor":44},{"not_picked":["Body Slam","Anger","Iron Wave"],"picked":"SKIP","floor":44},{"not_picked":["Evolve+1","Offering","Power Through+1"],"picked":"SKIP","floor":46},{"not_picked":["Burning Pact+1","Dual Wield+1","True Grit"],"picked":"SKIP","floor":47},{"not_picked":["Thunderclap","Flex","Iron Wave+1"],"picked":"SKIP","floor":47}],"player_experience":192009,"relics_obtained":[{"floor":7,"key":"Sundial"},{"floor":9,"key":"Prayer Wheel"},{"floor":12,"key":"Turnip"},{"floor":24,"key":"Nilry\u0027s Codex"},{"floor":26,"key":"Dream Catcher"},{"floor":46,"key":"Vajra"}],"event_choices":[{"damage_healed":0,"gold_gain":0,"player_choice":"Entered Light","damage_taken":16,"max_hp_gain":0,"max_hp_loss":0,"event_name":"Shining Light","floor":5,"gold_loss":0,"cards_upgraded":["Strike_R","Disarm"]},{"damage_healed":0,"gold_gain":0,"player_choice":"Success","damage_taken":3,"relics_obtained":["Champion Belt"],"max_hp_gain":0,"max_hp_loss":0,"event_name":"Scrap Ooze","floor":11,"gold_loss":0},{"damage_healed":0,"gold_gain":0,"player_choice":"Obtained Book","damage_taken":16,"max_hp_gain":0,"max_hp_loss":0,"event_name":"Cursed Tome","floor":24,"gold_loss":0},{"damage_healed":0,"gold_gain":0,"player_choice":"Inject Mutagens","damage_taken":0,"relics_obtained":["MutagenicStrength"],"max_hp_gain":0,"max_hp_loss":0,"event_name":"Drug Dealer","floor":25,"gold_loss":0},{"damage_healed":0,"gold_gain":0,"player_choice":"Ignored","damage_taken":0,"max_hp_gain":0,"max_hp_loss":0,"event_name":"The Mausoleum","floor":30,"gold_loss":0},{"damage_healed":0,"gold_gain":0,"player_choice":"Ignored","damage_taken":0,"max_hp_gain":0,"max_hp_loss":0,"event_name":"Tomb of Lord Red Mask","floor":37,"gold_loss":0},{"cards_removed":["Strike_R"],"damage_healed":0,"gold_gain":0,"player_choice":"Removed Attack","damage_taken":0,"max_hp_gain":0,"max_hp_loss":0,"event_name":"Falling","floor":45,"gold_loss":0},{"damage_healed":0,"gold_gain":0,"player_choice":"Upgrade","damage_taken":0,"relics_obtained":["Mark of the Bloom"],"max_hp_gain":0,"max_hp_loss":0,"event_name":"MindBloom","floor":48,"gold_loss":0,"cards_upgraded":["Strike_R","Strike_R","Defend_R","Defend_R","Defend_R","Defend_R","Rage","Feed","Metallicize","Battle Trance","Juggernaut","Metallicize"]}],"is_beta":false,"boss_relics":[{"not_picked":["Pandora\u0027s Box","Black Blood"],"picked":"Cursed Key"},{"not_picked":["Black Star","Mark of Pain"],"picked":"Velvet Choker"}],"items_purged_floors":[13],"is_endless":false,"potions_floor_spawned":[1,3,4,10,16,22,28,33,35,36,41,44,47],"ascension_level":2}