{"gold_per_floor":[117,42,52,72,87,87,112,112,112,112,112,123,123,398,398,497,497,509,520,520],"floor_reached":20,"playtime":1095,"items_purged":["Defend_R"],"score":174,"play_id":"99f279d7-0f00-4899-aab6-5904f700012f","local_time":"20190304211853","is_ascension_mode":false,"campfire_choices":[{"data":"Rampage","floor":6,"key":"SMITH"},{"data":"Demon Form","floor":8,"key":"SMITH"},{"floor":11,"key":"REST"},{"data":"Flex","floor":15,"key":"SMITH"}],"neow_cost":"NONE","seed_source_timestamp":709585582232100,"circlet_count":0,"master_deck":["Strike_R","Strike_R","Strike_R","Strike_R","Strike_R+1","Defend_R","Defend_R","Defend_R","Bash","Inflame","Flex+1","Dual Wield+1","Rampage+1","Demon Form+1","Regret"],"relics":["Black Blood","NeowsBlessing","Shuriken","Matryoshka"],"potions_floor_usage":[16,19,20],"damage_taken":[{"damage":0,"enemies":"Jaw Worm","floor":1,"turns":1},{"damage":0,"enemies":"2 Louse","floor":3,"turns":1},{"damage":0,"enemies":"Cultist","floor":4,"turns":1},{"damage":1,"enemies":"Large Slime","floor":5,"turns":7},{"damage":21,"enemies":"Lagavulin","floor":7,"turns":5},{"damage":11,"enemies":"2 Fungi Beasts","floor":12,"turns":4},{"damage":52,"enemies":"Slime Boss","floor":16,"turns":7},{"damage":63,"enemies":"3 Byrds","floor":18,"turns":7},{"damage":21,"enemies":"Chosen","floor":19,"turns":5},{"damage":23,"enemies":"Snecko","floor":20,"turns":3}],"seed_played":"8301943442924806362","potions_obtained":[{"floor":4,"key":"Strength Potion"},{"floor":12,"key":"Swift Potion"},{"floor":16,"key":"FearPotion"},{"floor":18,"key":"EssenceOfSteel"}],"is_trial":false,"path_per_floor":["M","$","M","M","M","R","E","R","T","?","R","M","?","?","R","B",null,"M","M","M"],"character_chosen":"IRONCLAD","items_purchased":[],"campfire_rested":1,"item_purchase_floors":[],"current_hp_per_floor":[80,80,80,80,80,80,65,65,65,49,73,68,73,73,73,27,85,32,21,0],"gold":520,"neow_bonus":"THREE_ENEMY_KILL","is_prod":false,"is_daily":false,"chose_seed":false,"campfire_upgraded":3,"win_rate":0,"timestamp":1551759533,"path_taken":["M","$","M","M","M","R","E","R","T","?","R","M","?","?","R","BOSS","M","M","?"],"build_version":"2019-01-23","purchased_purges":1,"victory":false,"max_hp_per_floor":[80,80,80,80,80,80,80,80,80,80,80,80,85,85,85,85,85,85,85,85],"card_choices":[{"not_picked":["Flex","Feel No Pain"],"picked":"Inflame","floor":1},{"not_picked":["Twin Strike","Pommel Strike"],"picked":"Flex","floor":3},{"not_picked":["Rage","Wild Strike"],"picked":"Dual Wield","floor":4},{"not_picked":["Body Slam","Sword Boomerang"],"picked":"Rampage","floor":5},{"not_picked":["Seeing Red","Combust"],"picked":"Demon Form","floor":7},{"not_picked":["Iron Wave","Anger","Cleave"],"picked":"SKIP","floor":12},{"not_picked":["Power Through","True Grit","Headbutt"],"picked":"SKIP","floor":18},{"not_picked":["Iron Wave","Headbutt","Spot Weakness"],"picked":"SKIP","floor":19}],"player_experience":188756,"relics_obtained":[{"floor":7,"key":"Shuriken"},{"floor":9,"key":"Matryoshka"}],"event_choices":[{"damage_healed":0,"gold_gain":0,"player_choice":"Entered Light","damage_taken":16,"max_hp_gain":0,"max_hp_loss":0,"event_name":"Shining Light","floor":10,"gold_loss":0,"cards_upgraded":["Dual Wield","Strike_R"]},{"damage_healed":0,"gold_gain":0,"player_choice":"Donut","damage_taken":0,"max_hp_gain":5,"max_hp_loss":0,"event_name":"Big Fish","floor":13,"gold_loss":0},{"damage_healed":0,"gold_gain":275,"player_choice":"Desecrate","damage_taken":0,"max_hp_gain":0,"max_hp_loss":0,"event_name":"Golden Shrine","floor":14,"gold_loss":0,"cards_obtained":["Regret"]}],"is_beta":false,"boss_relics":[{"not_picked":["Snecko Eye","Sozu"],"picked":"Black Blood"}],"items_purged_floors":[2],"is_endless":false,"potions_floor_spawned":[4,12,16,18],"killed_by":"Snecko","ascension_level":0}