{"gold_per_floor":[111,85,160,160,177,208,228,260,260,435,435,435,501,557,557,656,656,676,695,695],"floor_reached":20,"playtime":2088,"items_purged":[],"score":205,"play_id":"17cd8c72-d556-4486-9b27-244b46ff69b2","local_time":"20190623204833","is_ascension_mode":false,"campfire_choices":[{"data":"Deflect","floor":11,"key":"SMITH"},{"floor":15,"key":"REST"}],"neow_cost":"NONE","seed_source_timestamp":478455686489023,"circlet_count":0,"master_deck":["Defend_G","Defend_G","Defend_G","Defend_G","Defend_G","Strike_G","Strike_G","Strike_G","Strike_G","Survivor","Neutralize","Blur","Deadly Poison","Choke","Deadly Poison","Deflect+1","Outmaneuver","Night Terror","Doubt","Poisoned Stab","Night Terror","Acrobatics+1","Backflip"],"relics":["Ring of the Snake","NeowsBlessing","Boot","Paper Crane","Blue Candle","Ninja Scroll","WristBlade"],"potions_floor_usage":[8,8,19,19],"damage_taken":[{"damage":0,"enemies":"Cultist","floor":1,"turns":1},{"damage":0,"enemies":"Jaw Worm","floor":5,"turns":1},{"damage":0,"enemies":"3 Sentries","floor":6,"turns":2},{"damage":3,"enemies":"Small Slimes","floor":7,"turns":5},{"damage":24,"enemies":"Gremlin Nob","floor":8,"turns":4},{"damage":43,"enemies":"Gremlin Nob","floor":14,"turns":4},{"damage":22,"enemies":"Hexaghost","floor":16,"turns":11},{"damage":31,"enemies":"Spheric Guardian","floor":18,"turns":4},{"damage":27,"enemies":"Chosen","floor":19,"turns":6},{"damage":16,"enemies":"Snake Plant","floor":20,"turns":3}],"seed_played":"-7907551004280331019","potions_obtained":[{"floor":1,"key":"Explosive Potion"},{"floor":6,"key":"Weak Potion"},{"floor":14,"key":"Strength Potion"},{"floor":18,"key":"Energy Potion"}],"is_trial":false,"path_per_floor":["M","$","?","?","M","E","M","E","T","?","R","?","?","?","R","B",null,"M","M","M"],"character_chosen":"THE_SILENT","items_purchased":["Deadly Poison"],"campfire_rested":1,"item_purchase_floors":[2],"current_hp_per_floor":[70,70,59,59,59,59,56,32,32,32,32,55,55,12,33,11,70,39,12,0],"gold":695,"neow_bonus":"THREE_ENEMY_KILL","is_prod":false,"is_daily":false,"chose_seed":false,"campfire_upgraded":1,"win_rate":0.0,"timestamp":1561340913,"path_taken":["M","$","?","?","M","E","M","E","T","?","R","?","?","?","R","BOSS","M","M","M"],"build_version":"2019-01-23","purchased_purges":0,"victory":false,"max_hp_per_floor":[70,70,70,70,70,70,70,70,70,70,70,70,70,70,70,70,70,70,70,70],"card_choices":[{"not_picked":["Well Laid Plans","Blade Dance"],"picked":"Blur","floor":1},{"not_picked":["Escape Plan","Well Laid Plans"],"picked":"Deadly Poison","floor":5},{"not_picked":["Outmaneuver","Adrenaline"],"picked":"Deflect","floor":6},{"not_picked":["Blade Dance","Deflect"],"picked":"Outmaneuver","floor":7},{"not_picked":["Underhanded Strike","PiercingWail"],"picked":"Night Terror","floor":8},{"not_picked":["Choke","Quick Slash"],"picked":"Poisoned Stab","floor":14},{"not_picked":["Venomology","Tools of the Trade"],"picked":"Night Terror","floor":16},{"not_picked":["Terror","Noxious Fumes"],"picked":"Acrobatics+1","floor":18},{"not_picked":["Blade Dance","Calculated Gamble"],"picked":"Backflip","floor":19}],"player_experience":150207,"relics_obtained":[{"floor":6,"key":"Boot"},{"floor":8,"key":"Paper Crane"},{"floor":9,"key":"Blue Candle"},{"floor":14,"key":"Ninja Scroll"}],"event_choices":[{"damage_healed":0,"gold_gain":75,"player_choice":"Gather Gold","damage_taken":11,"max_hp_gain":0,"max_hp_loss":0,"event_name":"World of Goop","floor":3,"gold_loss":0},{"damage_healed":0,"gold_gain":0,"cards_transformed":["Strike_G"],"player_choice":"Change","damage_taken":0,"max_hp_gain":0,"max_hp_loss":0,"event_name":"Living Wall","floor":4,"gold_loss":0,"cards_obtained":["Choke"]},{"damage_healed":0,"gold_gain":175,"player_choice":"AGREE","damage_taken":0,"max_hp_gain":0,"max_hp_loss":0,"event_name":"Liars Game","floor":10,"gold_loss":0,"cards_obtained":["Doubt"]},{"damage_healed":23,"gold_gain":0,"player_choice":"Banana","damage_taken":0,"max_hp_gain":0,"max_hp_loss":0,"event_name":"Big Fish","floor":12,"gold_loss":0},{"damage_healed":0,"gold_gain":66,"player_choice":"Gained Gold","damage_taken":0,"max_hp_gain":0,"max_hp_loss":0,"event_name":"Golden Wing","floor":13,"gold_loss":0},{"damage_healed":0,"gold_gain":0,"player_choice":"Searched \u00272\u0027 times","damage_taken":0,"max_hp_gain":0,"max_hp_loss":0,"event_name":"Dead Adventurer","floor":14,"gold_loss":0}],"is_beta":false,"boss_relics":[{"not_picked":["Cursed Key","Ring of the Serpent"],"picked":"WristBlade"}],"items_purged_floors":[],"is_endless":false,"potions_floor_spawned":[1,6,14,18],"killed_by":"Snake Plant","ascension_level":0}