{"gold_per_floor":[116,41,41,53,128,157,157,177,177,177,202,215,228,228,228,333,333,345,194,194,94,107,132,132,231,231,231,331,331,342,374,374,478,478,490,490,36,136,0,26,26,53,53,153,153,188,204,257,257,257,257,257,5,33,33],"floor_reached":55,"playtime":3317,"items_purged":["Strike_B","Strike_B"],"score":977,"play_id":"822dfacd-8347-4734-a59c-3f83bd680595","local_time":"20190708215301","is_ascension_mode":true,"campfire_choices":[{"data":"Self Repair","floor":7.0,"key":"SMITH"},{"data":"Defragment","floor":15.0,"key":"SMITH"},{"data":"Blizzard","floor":24,"key":"SMITH"},{"data":"Glacier","floor":27,"key":"SMITH"},{"data":"Electrodynamics","floor":29,"key":"SMITH"},{"floor":32,"key":"REST"},{"data":"Madness","floor":41,"key":"SMITH"},{"floor":49,"key":"RECALL"},{"data":"Reinforced Body","floor":52,"key":"SMITH"}],"neow_cost":"NONE","seed_source_timestamp":0,"circlet_count":0,"master_deck":["Strike_B","Defend_B","Defend_B+1","Defend_B","Defend_B","Zap+1","Dualcast+1","Conserve Battery","Self Repair+1","Defragment+1","Cold Snap","Electrodynamics+1","Glacier+1","Sunder","Blizzard+1","Reinforced Body+1","Cold Snap+1","Madness+1","Force Field+1","Glacier+1","Cold Snap+1"],"special_seed":0,"relics":["Cracked Core","NeowsBlessing","Ginger","Pocketwatch","Bag of Marbles","Pantograph","Bottled Tornado","Orrery","Juzu Bracelet","Cables","Mango","Dodecahedron","Singing Bowl","Nuclear Battery","Calipers","Omamori","Girya","Red Mask","War Paint","Oddly Smooth Stone","Blue Candle","Gambling Chip","DataDisk","Lantern"],"potions_floor_usage":[28,28,40,42,42,48,48,55,55,55],"damage_taken":[{"damage":0.0,"enemies":"Jaw Worm","floor":1.0,"turns":1.0},{"damage":0.0,"enemies":"Cultist","floor":4.0,"turns":1.0},{"damage":0.0,"enemies":"3 Sentries","floor":6.0,"turns":1.0},{"damage":1.0,"enemies":"2 Louse","floor":8.0,"turns":2.0},{"damage":32.0,"enemies":"Gremlin Nob","floor":11.0,"turns":4.0},{"damage":5.0,"enemies":"Large Slime","floor":12.0,"turns":6.0},{"damage":6.0,"enemies":"Looter","floor":13.0,"turns":4.0},{"damage":6.0,"enemies":"The Guardian","floor":16.0,"turns":12.0},{"damage":0.0,"enemies":"Shell Parasite","floor":18.0,"turns":9.0},{"damage":0.0,"enemies":"Spheric Guardian","floor":22.0,"turns":4.0},{"damage":20,"enemies":"Gremlin Leader","floor":23,"turns":8},{"damage":30,"enemies":"Colosseum Slavers","floor":28,"turns":3},{"damage":10,"enemies":"Colosseum Nobs","floor":28,"turns":4},{"damage":24,"enemies":"Snake Plant","floor":30,"turns":3},{"damage":30,"enemies":"Slavers","floor":31,"turns":4},{"damage":71,"enemies":"Champ","floor":33,"turns":16},{"damage":2,"enemies":"3 Shapes","floor":35,"turns":5},{"damage":0,"enemies":"Mind Bloom Boss Battle","floor":38,"turns":9},{"damage":2,"enemies":"Reptomancer","floor":40,"turns":7},{"damage":11,"enemies":"Giant Head","floor":42,"turns":12},{"damage":12,"enemies":"Reptomancer","floor":46,"turns":11},{"damage":0,"enemies":"Orb Walker","floor":47,"turns":3},{"damage":15,"enemies":"2 Orb Walkers","floor":48,"turns":5},{"damage":2,"enemies":"Donu and Deca","floor":50,"turns":14},{"damage":0,"enemies":"Shield and Spear","floor":54,"turns":10},{"damage":104,"enemies":"The Heart","floor":55,"turns":15}],"seed_played":"4041501636730057023","potions_obtained":[{"floor":4.0,"key":"PowerPotion"},{"floor":16.0,"key":"Regen Potion"},{"floor":22.0,"key":"Strength Potion"},{"floor":30,"key":"FearPotion"},{"floor":31,"key":"PowerPotion"},{"floor":38,"key":"AttackPotion"},{"floor":42,"key":"Dexterity Potion"},{"floor":46,"key":"PowerPotion"},{"floor":47,"key":"EssenceOfSteel"}],"is_trial":false,"path_per_floor":["M","$","?","M","?","E","R","M","T","?","E","M","M","T","R","B",null,"M","$","?","$","M","E","R","?","T","R","?","R","M","E","R","B",null,"M","?","$","?","?","E","R","E","T","?","?","E","M","?","R","B",null,"R","$","E","B"],"character_chosen":"DEFECT","items_purchased":["Self Repair","Blizzard","Calipers","Omamori","DataDisk","Energy Potion","Block Potion"],"campfire_rested":1,"item_purchase_floors":[2,19,37,37,53,53,53],"current_hp_per_floor":[75,75,75,75,64,71,71,75,75,57,35,40,44,44,44,73,75,75,75,75,75,75,65,65,65,65,65,64,64,50,32,59,25,93,95,95,95,97,97,97,97,98,98,98,94,94,96,93,93,98,98,98,98,98,0],"gold":33,"neow_bonus":"THREE_ENEMY_KILL","is_prod":false,"is_daily":false,"chose_seed":false,"campfire_upgraded":7,"win_rate":0,"timestamp":1562637181,"path_taken":["M","$","?","?","?","E","R","M","T","?","E","M","M","?","R","BOSS","M","$","?","?","?","E","R","?","T","R","?","R","M","E","R","BOSS","M","?","$","?","?","E","R","E","T","?","?","E","M","?","R","BOSS","R","$","E","BOSS"],"build_version":"2019-07-05","purchased_purges":2,"victory":false,"max_hp_per_floor":[75,75,75,75,75,75,75,75,75,75,75,75,75,75,75,75,75,75,75,75,75,75,75,75,75,75,75,89,89,89,91,91,93,93,95,95,95,97,97,97,97,99,99,99,94,96,96,98,98,98,98,98,98,98,98],"card_choices":[{"not_picked":["Redo","Beam Cell"],"picked":"Conserve Battery","floor":1.0},{"not_picked":["Heatsinks","Rebound","Hologram"],"picked":"SKIP","floor":4.0},{"not_picked":["Lockon","Redo","Hologram"],"picked":"SKIP","floor":6.0},{"not_picked":["Hello World","Rebound","Streamline"],"picked":"SKIP","floor":8.0},{"not_picked":["Gash","Capacitor","Steam"],"picked":"SKIP","floor":11.0},{"not_picked":["Rip and Tear","Barrage"],"picked":"Defragment","floor":12.0},{"not_picked":["Steam","Self Repair"],"picked":"Cold Snap","floor":13.0},{"not_picked":["Echo Form","Creative AI"],"picked":"Electrodynamics","floor":16.0},{"not_picked":["Coolheaded","Rebound"],"picked":"Glacier","floor":17.0},{"not_picked":["Steam","Chaos"],"picked":"Sunder","floor":17.0},{"not_picked":["Rebound","Sweeping Beam","Scrape+1"],"picked":"SKIP","floor":18.0},{"not_picked":["Barrage","Coolheaded","Redo+1"],"picked":"SKIP","floor":22.0},{"not_picked":["Barrage+1","Chaos+1"],"picked":"Reinforced Body","floor":23},{"not_picked":["Leap","Undo"],"picked":"Cold Snap+1","floor":28},{"not_picked":["Tempest","Go for the Eyes","Aggregate"],"picked":"SKIP","floor":30},{"not_picked":["Undo","Compile Driver+1","Stack"],"picked":"Singing Bowl","floor":31},{"not_picked":["Multi-Cast","Seek","Hyperbeam"],"picked":"Singing Bowl","floor":33},{"not_picked":["Steam+1","Melter","Leap+1"],"picked":"Singing Bowl","floor":35},{"not_picked":["Swift Strike","Chrysalis"],"picked":"Madness","floor":36},{"not_picked":["Steam","Barrage","Leap+1"],"picked":"Singing Bowl","floor":38},{"not_picked":["Meteor Strike","Go for the Eyes"],"picked":"Force Field+1","floor":40},{"not_picked":["Meteor Strike","Undo+1","FTL+1"],"picked":"Singing Bowl","floor":42},{"not_picked":["Gash","Steam","Undo+1"],"picked":"Singing Bowl","floor":46},{"not_picked":["Leap+1","Fission"],"picked":"Glacier+1","floor":47},{"not_picked":["Recycle+1","Fusion+1","Steam Power+1"],"picked":"Singing Bowl","floor":48},{"not_picked":["Beam Cell","Ball Lightning+1"],"picked":"Cold Snap+1","floor":54}],"player_experience":221375,"relics_obtained":[{"floor":6.0,"key":"Ginger"},{"floor":9.0,"key":"Pocketwatch"},{"floor":11.0,"key":"Pantograph"},{"floor":14.0,"key":"Bottled Tornado"},{"floor":23,"key":"Juzu Bracelet"},{"floor":26,"key":"Cables"},{"floor":28,"key":"Mango"},{"floor":28,"key":"Dodecahedron"},{"floor":31,"key":"Singing Bowl"},{"floor":38,"key":"Girya"},{"floor":40,"key":"War Paint"},{"floor":42,"key":"Oddly Smooth Stone"},{"floor":46,"key":"Blue Candle"},{"floor":48,"key":"Gambling Chip"},{"floor":54,"key":"Lantern"}],"event_choices":[{"damage_healed":0.0,"max_hp_gain":0.0,"max_hp_loss":0.0,"gold_gain":0.0,"event_name":"Upgrade Shrine","player_choice":"Upgraded","floor":3.0,"gold_loss":0.0,"damage_taken":0.0,"cards_upgraded":["Zap"]},{"damage_healed":0.0,"max_hp_gain":0.0,"max_hp_loss":0.0,"gold_gain":75.0,"event_name":"World of Goop","player_choice":"Gather Gold","floor":5.0,"gold_loss":0.0,"damage_taken":11.0},{"damage_healed":0.0,"max_hp_gain":0.0,"max_hp_loss":0.0,"gold_gain":0.0,"event_name":"Scrap Ooze","player_choice":"Success","floor":10.0,"gold_loss":0.0,"damage_taken":18.0,"relics_obtained":["Bag of Marbles"]},{"cards_removed":["Strike_B"],"damage_healed":0.0,"max_hp_gain":0.0,"max_hp_loss":0.0,"gold_gain":0.0,"event_name":"Back to Basics","player_choice":"Elegance","floor":20.0,"gold_loss":0.0,"damage_taken":0.0},{"damage_healed":0,"gold_gain":99,"player_choice":"Stole From Cult","damage_taken":0,"max_hp_gain":0,"max_hp_loss":0,"event_name":"Nest","floor":25,"gold_loss":0},{"damage_healed":0,"gold_gain":0,"player_choice":"Fight","damage_taken":0,"max_hp_gain":0,"max_hp_loss":0,"event_name":"Colosseum","floor":28,"gold_loss":0},{"damage_healed":0,"gold_gain":0,"player_choice":"Fought Nobs","damage_taken":0,"max_hp_gain":0,"max_hp_loss":0,"event_name":"Colosseum","floor":28,"gold_loss":0},{"damage_healed":0,"gold_gain":0,"player_choice":"Memory 1","damage_taken":0,"max_hp_gain":0,"max_hp_loss":0,"event_name":"SensoryStone","floor":36,"gold_loss":0},{"damage_healed":0,"gold_gain":0,"player_choice":"Fight","damage_taken":0,"max_hp_gain":0,"max_hp_loss":0,"event_name":"MindBloom","floor":38,"gold_loss":0},{"damage_healed":0,"gold_gain":0,"player_choice":"Paid","damage_taken":0,"relics_obtained":["Red Mask"],"max_hp_gain":0,"max_hp_loss":0,"event_name":"Tomb of Lord Red Mask","floor":39,"gold_loss":136},{"damage_healed":0,"gold_gain":100,"player_choice":"Pray","damage_taken":0,"max_hp_gain":0,"max_hp_loss":0,"event_name":"Golden Shrine","floor":44,"gold_loss":0},{"damage_healed":0,"gold_gain":0,"player_choice":"Max HP","damage_taken":0,"max_hp_gain":0,"max_hp_loss":5,"event_name":"Winding Halls","floor":45,"gold_loss":0},{"damage_healed":0,"gold_gain":0,"player_choice":"Fight","damage_taken":0,"max_hp_gain":0,"max_hp_loss":0,"event_name":"Mysterious Sphere","floor":48,"gold_loss":0}],"is_beta":false,"boss_relics":[{"not_picked":["Calling Bell","Pandora\u0027s Box"],"picked":"Orrery"},{"not_picked":["Empty Cage","Astrolabe"],"picked":"Nuclear Battery"}],"items_purged_floors":[19,21],"is_endless":false,"potions_floor_spawned":[4,16,22,30,31,38,42,46,47],"killed_by":"The Heart","ascension_level":2}