{"gold_per_floor":[116,116,131,131,91,91,106,118,143,162,190,215,215,215,215,317,317,329,329,329,339,357,357,374,384,384,384,299,299],"floor_reached":29,"playtime":3135,"items_purged":[],"score":225,"play_id":"f9392809-3bec-445c-9ecc-fd3b78ff0904","local_time":"20190703120901","is_ascension_mode":false,"campfire_choices":[{"data":"Neutralize","floor":6,"key":"SMITH"},{"floor":13,"key":"REST"},{"floor":15,"key":"REST"},{"floor":23,"key":"REST"},{"floor":27,"key":"REST"}],"neow_cost":"NONE","seed_source_timestamp":1310245008828721,"circlet_count":0,"master_deck":["Strike_G","Strike_G","Strike_G","Strike_G","Defend_G","Defend_G","Defend_G","Defend_G","Defend_G","Survivor","Neutralize+1","Backflip","Calculated Gamble","Quick Slash","Noxious Fumes","Bouncing Flask","Quick Slash","Backstab","Poisoned Stab","Die Die Die","Deadly Poison+1","Catalyst","Catalyst"],"relics":["Ring of the Snake","NeowsBlessing","Omamori","Juzu Bracelet","Odd Mushroom","Runic Pyramid","Orichalcum","Girya"],"potions_floor_usage":[11,11,22,24,24,24],"damage_taken":[{"damage":0,"enemies":"Jaw Worm","floor":1,"turns":1},{"damage":0,"enemies":"2 Louse","floor":3,"turns":1},{"damage":0,"enemies":"Cultist","floor":7,"turns":1},{"damage":3,"enemies":"Looter","floor":8,"turns":4},{"damage":0,"enemies":"Large Slime","floor":10,"turns":5},{"damage":31,"enemies":"3 Sentries","floor":11,"turns":6},{"damage":20,"enemies":"The Mushroom Lair","floor":12,"turns":4},{"damage":60,"enemies":"Hexaghost","floor":16,"turns":10},{"damage":22,"enemies":"Shell Parasite","floor":18,"turns":6},{"damage":5,"enemies":"Spheric Guardian","floor":21,"turns":3},{"damage":17,"enemies":"Cultist and Chosen","floor":22,"turns":7},{"damage":31,"enemies":"3 Cultists","floor":24,"turns":7},{"damage":10,"enemies":"Chosen and Byrds","floor":25,"turns":6},{"damage":27,"enemies":"Slavers","floor":29,"turns":2}],"seed_played":"-8989527306924791083","potions_obtained":[{"floor":5,"key":"Fire Potion"},{"floor":5,"key":"Regen Potion"},{"floor":5,"key":"AttackPotion"},{"floor":7,"key":"EntropicBrew"},{"floor":16,"key":"Dexterity Potion"},{"floor":20,"key":"SneckoOil"},{"floor":20,"key":"Energy Potion"},{"floor":22,"key":"Energy Potion"}],"is_trial":false,"path_per_floor":["M","?","M","?","?","R","M","M","T","M","E","?","R","$","R","B",null,"M","?","?","M","M","R","M","M","T","R","?","E"],"character_chosen":"THE_SILENT","items_purchased":[],"campfire_rested":4,"item_purchase_floors":[],"current_hp_per_floor":[70,70,70,70,70,70,70,67,67,67,49,29,50,50,70,10,70,48,48,48,43,26,47,16,6,6,27,27,0],"gold":299,"neow_bonus":"THREE_ENEMY_KILL","is_prod":false,"is_daily":false,"chose_seed":false,"campfire_upgraded":1,"win_rate":0.0,"timestamp":1562173741,"path_taken":["M","?","M","?","?","R","M","M","T","?","E","?","R","$","R","BOSS","M","?","?","M","M","R","M","M","T","R","?","E"],"build_version":"2019-07-01","purchased_purges":0,"victory":false,"max_hp_per_floor":[70,70,70,70,70,70,70,70,70,70,70,70,70,70,70,70,70,70,70,70,70,70,70,70,70,70,70,70,70],"card_choices":[{"not_picked":["Deflect","Blade Dance"],"picked":"Backflip","floor":1},{"not_picked":["Expertise","Infinite Blades"],"picked":"Calculated Gamble","floor":3},{"not_picked":["Prepared","Escape Plan"],"picked":"Noxious Fumes","floor":7},{"not_picked":["Backflip","Well Laid Plans"],"picked":"Bouncing Flask","floor":8},{"not_picked":["Terror","Distraction"],"picked":"Quick Slash","floor":10},{"not_picked":["Cloak And Dagger","Doppelganger"],"picked":"Backstab","floor":11},{"not_picked":["Acrobatics","Footwork"],"picked":"Poisoned Stab","floor":12},{"not_picked":["Malaise","Storm of Steel"],"picked":"Die Die Die","floor":16},{"not_picked":["Deflect","Quick Slash"],"picked":"Deadly Poison+1","floor":18},{"not_picked":["Accuracy","PiercingWail","Dodge and Roll"],"picked":"SKIP","floor":21},{"not_picked":["Acrobatics+1","PiercingWail+1","Reflex+1"],"picked":"SKIP","floor":22},{"not_picked":["Caltrops","Skewer","Deflect"],"picked":"SKIP","floor":24},{"not_picked":["Quick Slash+1","Bane+1"],"picked":"Catalyst","floor":25}],"player_experience":214548,"relics_obtained":[{"floor":9,"key":"Omamori"},{"floor":11,"key":"Juzu Bracelet"},{"floor":12,"key":"Odd Mushroom"},{"floor":26,"key":"Orichalcum"}],"event_choices":[{"damage_healed":0,"gold_gain":0,"player_choice":"Ignored","damage_taken":0,"max_hp_gain":0,"max_hp_loss":0,"event_name":"Shining Light","floor":2,"gold_loss":0},{"damage_healed":0,"gold_gain":0,"cards_transformed":["Strike_G"],"player_choice":"Change","damage_taken":0,"max_hp_gain":0,"max_hp_loss":0,"event_name":"Living Wall","floor":4,"gold_loss":0,"cards_obtained":["Quick Slash"]},{"damage_healed":0,"gold_gain":0,"player_choice":"Bought 3 Potions","damage_taken":0,"max_hp_gain":0,"max_hp_loss":0,"event_name":"The Woman in Blue","floor":5,"gold_loss":0},{"damage_healed":0,"gold_gain":0,"player_choice":"Fought Mushrooms","damage_taken":0,"max_hp_gain":0,"max_hp_loss":0,"event_name":"Mushrooms","floor":12,"gold_loss":0},{"damage_healed":0,"gold_gain":0,"player_choice":"Read","damage_taken":0,"max_hp_gain":0,"max_hp_loss":0,"event_name":"The Library","floor":19,"gold_loss":0,"cards_obtained":["Catalyst"]},{"damage_healed":0,"gold_gain":0,"player_choice":"Got Potions","damage_taken":0,"max_hp_gain":0,"max_hp_loss":0,"event_name":"Lab","floor":20,"gold_loss":0},{"damage_healed":0,"gold_gain":0,"player_choice":"Obtained Relic","damage_taken":0,"relics_obtained":["Girya"],"max_hp_gain":0,"max_hp_loss":0,"event_name":"Addict","floor":28,"gold_loss":85}],"is_beta":false,"boss_relics":[{"not_picked":["Black Star","Busted Crown"],"picked":"Runic Pyramid"}],"items_purged_floors":[],"is_endless":false,"potions_floor_spawned":[7,8,10,16,22],"killed_by":"Slavers","ascension_level":0}