{"gold_per_floor":[11,11,11,89,102,138,138,162,185,185,185,203,203,112,112,235,235,235,160,160,70,70,70,70,70,70,70,70,70,70,70,70,70,70,70,70,19,19],"floor_reached":38,"playtime":2108,"items_purged":["Defend_R"],"score":449,"play_id":"1f73aa7c-f1bf-4825-ad4f-45c847d0e510","local_time":"20190706222337","is_ascension_mode":false,"campfire_choices":[{"floor":7,"key":"REST"},{"data":"Armaments","floor":13,"key":"SMITH"},{"data":"Inflame","floor":15,"key":"SMITH"},{"data":"Bludgeon","floor":23,"key":"SMITH"},{"data":"Hemokinesis","floor":25,"key":"SMITH"},{"data":"Heavy Blade","floor":27,"key":"SMITH"},{"floor":32,"key":"REST"}],"neow_cost":"NO_GOLD","seed_source_timestamp":1190523485252700,"circlet_count":0,"master_deck":["Strike_R","Strike_R+1","Strike_R","Strike_R","Strike_R","Bash","Dual Wield+1","Flex+1","Carnage+1","Anger+1","Warcry","Cleave","Armaments+1","Inflame+1","Heavy Blade+1","Bludgeon+1","Dropkick","RitualDagger","Headbutt+1","Hemokinesis+1","Demon Form","Thunderclap","Sword Boomerang","Fiend Fire","Iron Wave+1","Inflame+1"],"relics":["Burning Blood","Golden Idol","Pear","War Paint","Bronze Scales","Ectoplasm","WingedGreaves"],"potions_floor_usage":[38,38],"damage_taken":[{"damage":6,"enemies":"2 Louse","floor":1,"turns":3},{"damage":6,"enemies":"Jaw Worm","floor":5,"turns":2},{"damage":22,"enemies":"Gremlin Nob","floor":6,"turns":4},{"damage":0,"enemies":"Small Slimes","floor":8,"turns":3},{"damage":5,"enemies":"3 Louse","floor":12,"turns":3},{"damage":0,"enemies":"Slime Boss","floor":16,"turns":6},{"damage":5,"enemies":"Spheric Guardian","floor":18,"turns":3},{"damage":13,"enemies":"3 Byrds","floor":22,"turns":4},{"damage":16,"enemies":"Snake Plant","floor":24,"turns":2},{"damage":32,"enemies":"Centurion and Healer","floor":28,"turns":3},{"damage":2,"enemies":"Snecko","floor":29,"turns":2},{"damage":6,"enemies":"3 Cultists","floor":30,"turns":3},{"damage":36,"enemies":"Automaton","floor":33,"turns":6},{"damage":57,"enemies":"3 Darklings","floor":35,"turns":4},{"damage":39,"enemies":"3 Shapes","floor":36,"turns":3},{"damage":22,"enemies":"Jaw Worm Horde","floor":38,"turns":2}],"seed_played":"-596624810180663002","potions_obtained":[{"floor":6,"key":"Swift Potion"},{"floor":8,"key":"Explosive Potion"},{"floor":12,"key":"GamblersBrew"},{"floor":33,"key":"Block Potion"}],"is_trial":false,"path_per_floor":["M","?","?","T","M","E","R","M","T","?","?","M","R","$","R","B",null,"M","$","?","?","M","R","M","R","T","R","M","M","M","$","R","B",null,"M","M","$","M"],"character_chosen":"IRONCLAD","items_purchased":["Inflame","Heavy Blade","Weak Potion"],"campfire_rested":2,"item_purchase_floors":[14,14,37],"current_hp_per_floor":[80,60,60,70,70,54,81,87,87,92,73,74,74,74,74,80,95,95,95,89,89,82,82,72,72,72,72,46,50,50,50,78,48,95,44,11,11,0],"gold":19,"neow_bonus":"TRANSFORM_TWO_CARDS","is_prod":false,"is_daily":false,"chose_seed":false,"campfire_upgraded":5,"win_rate":0.0,"timestamp":1562419417,"path_taken":["M","?","?","?","M","E","R","M","T","?","?","M","R","$","R","BOSS","M","$","?","?","M","R","?","R","T","R","M","?","M","?","R","BOSS","M","M","?","M"],"build_version":"2019-07-05","purchased_purges":1,"victory":false,"max_hp_per_floor":[80,80,80,90,90,90,90,90,90,95,95,95,95,95,95,95,95,95,95,95,95,95,95,95,95,95,95,95,95,95,95,95,95,95,95,95,95,95],"card_choices":[{"not_picked":["Ghostly Armor","Pummel"],"picked":"Flex","floor":1},{"not_picked":["Twin Strike","Flex"],"picked":"Anger","floor":5},{"not_picked":["Pommel Strike","Sword Boomerang"],"picked":"Warcry","floor":6},{"not_picked":["Searing Blow","Carnage"],"picked":"Cleave","floor":8},{"not_picked":["Clash","Clothesline"],"picked":"Armaments","floor":12},{"not_picked":["Fiend Fire","Brutality"],"picked":"Bludgeon","floor":16},{"not_picked":["True Grit","Clash"],"picked":"Dropkick","floor":18},{"not_picked":["Disarm","Iron Wave"],"picked":"Headbutt+1","floor":22},{"not_picked":["Ghostly Armor+1","Armaments"],"picked":"Hemokinesis","floor":24},{"not_picked":["Flame Barrier+1","Pommel Strike+1"],"picked":"Demon Form","floor":28},{"not_picked":["Armaments","Clash+1"],"picked":"Thunderclap","floor":29},{"not_picked":["True Grit","Thunderclap"],"picked":"Sword Boomerang","floor":30},{"not_picked":["Barricade","Berserk"],"picked":"Fiend Fire","floor":33},{"not_picked":["Clash+1","True Grit"],"picked":"Iron Wave+1","floor":35},{"not_picked":["Rage","Shockwave"],"picked":"Inflame+1","floor":36}],"player_experience":18350,"relics_obtained":[{"floor":4,"key":"Pear"},{"floor":6,"key":"War Paint"},{"floor":9,"key":"Bronze Scales"},{"floor":26,"key":"WingedGreaves"}],"event_choices":[{"damage_healed":0,"gold_gain":0,"player_choice":"Take Damage","damage_taken":20,"relics_obtained":["Golden Idol"],"max_hp_gain":0,"max_hp_loss":0,"event_name":"Golden Idol","floor":2,"gold_loss":0},{"damage_healed":0,"gold_gain":0,"cards_transformed":["Defend_R"],"player_choice":"Change","damage_taken":0,"max_hp_gain":0,"max_hp_loss":0,"event_name":"Living Wall","floor":3,"gold_loss":0,"cards_obtained":["Carnage"]},{"damage_healed":0,"gold_gain":0,"player_choice":"Donut","damage_taken":0,"max_hp_gain":5,"max_hp_loss":0,"event_name":"Big Fish","floor":10,"gold_loss":0},{"damage_healed":0,"gold_gain":0,"player_choice":"Entered Light","damage_taken":19,"max_hp_gain":0,"max_hp_loss":0,"event_name":"Shining Light","floor":11,"gold_loss":0,"cards_upgraded":["Carnage","Strike_R"]},{"damage_healed":0,"gold_gain":0,"player_choice":"Joined the Cult","damage_taken":6,"max_hp_gain":0,"max_hp_loss":0,"event_name":"Nest","floor":20,"gold_loss":0,"cards_obtained":["RitualDagger"]},{"cards_removed":["Feel No Pain"],"damage_healed":0,"gold_gain":0,"player_choice":"Upgrade and Remove","damage_taken":0,"max_hp_gain":0,"max_hp_loss":0,"event_name":"Designer","floor":21,"gold_loss":90,"cards_upgraded":["Anger"]}],"is_beta":false,"boss_relics":[{"not_picked":["Busted Crown","Calling Bell"],"picked":"Ectoplasm"},{"not_picked":["Runic Dome","Coffee Dripper","Cursed Key"]}],"items_purged_floors":[19],"is_endless":false,"potions_floor_spawned":[6,8,12,18,24,30,33],"killed_by":"Jaw Worm Horde","ascension_level":0}