{"gold_per_floor":[119,134,134,146,146,146,173,188,188,188],"floor_reached":10,"playtime":5093,"items_purged":[],"score":75,"play_id":"8f484002-8915-4bbf-be5e-06609eb80aa2","local_time":"20190708192634","is_ascension_mode":true,"campfire_choices":[{"data":"Distraction","floor":6,"key":"SMITH"}],"neow_cost":"NONE","seed_source_timestamp":1766543146365117,"circlet_count":0,"master_deck":["Strike_G","Strike_G+1","Strike_G","Strike_G","Defend_G","Defend_G","Defend_G","Defend_G+1","Defend_G","Survivor+1","Neutralize","Choke","Distraction+1","Blur","Cloak And Dagger+1","Deflect"],"relics":["Ring of the Snake","Ancient Tea Set","War Paint"],"potions_floor_usage":[7,7,10],"damage_taken":[{"damage":0,"enemies":"Jaw Worm","floor":1,"turns":6},{"damage":4,"enemies":"2 Louse","floor":2,"turns":2},{"damage":0,"enemies":"Cultist","floor":4,"turns":3},{"damage":22,"enemies":"Lagavulin","floor":7,"turns":8},{"damage":3,"enemies":"3 Louse","floor":8,"turns":4},{"damage":61,"enemies":"Gremlin Nob","floor":10,"turns":5}],"seed_played":"-7366279409713997461","potions_obtained":[{"floor":1,"key":"Poison Potion"},{"floor":2,"key":"Explosive Potion"},{"floor":7,"key":"EssenceOfSteel"}],"is_trial":false,"path_per_floor":["M","M","?","M","?","R","E","M","T","E"],"character_chosen":"THE_SILENT","items_purchased":[],"campfire_rested":0,"item_purchase_floors":[],"current_hp_per_floor":[77,73,58,58,58,58,36,33,33,0],"gold":188,"neow_bonus":"TEN_PERCENT_HP_BONUS","is_prod":false,"is_daily":false,"chose_seed":false,"campfire_upgraded":1,"win_rate":0,"timestamp":1562631994,"path_taken":["M","M","?","M","?","R","E","M","T","E"],"build_version":"2019-07-05","purchased_purges":0,"victory":false,"max_hp_per_floor":[77,77,77,77,77,77,77,77,77,77],"card_choices":[{"not_picked":["Dodge and Roll","PiercingWail"],"picked":"Choke","floor":1},{"not_picked":["Skewer","Tactician","Cloak And Dagger"],"picked":"SKIP","floor":2},{"not_picked":["Masterful Stab","Sucker Punch"],"picked":"Distraction","floor":4},{"not_picked":["Night Terror","Accuracy"],"picked":"Cloak And Dagger","floor":7},{"not_picked":["Dagger Spray","Eviscerate"],"picked":"Deflect","floor":8}],"player_experience":297424,"relics_obtained":[{"floor":7,"key":"Ancient Tea Set"},{"floor":9,"key":"War Paint"}],"event_choices":[{"damage_healed":0,"gold_gain":0,"player_choice":"Entered Light","damage_taken":15,"max_hp_gain":0,"max_hp_loss":0,"event_name":"Shining Light","floor":3,"gold_loss":0,"cards_upgraded":["Survivor","Strike_G"]},{"damage_healed":0,"gold_gain":0,"cards_transformed":["Strike_G"],"player_choice":"Change","damage_taken":0,"max_hp_gain":0,"max_hp_loss":0,"event_name":"Living Wall","floor":5,"gold_loss":0,"cards_obtained":["Blur"]}],"is_beta":false,"boss_relics":[],"items_purged_floors":[],"is_endless":false,"potions_floor_spawned":[1,2,7],"killed_by":"Gremlin Nob","ascension_level":2}