{"gold_per_floor":[113,113,113,113,123,123,137,137,164,192,192,210,66,93,93,194,194,211,211,211,111,111,111,145,162,188,188,63,63,76,96,96,195,195,210,20,20,32,32,63,63,76,76,76,96,96,96,125,125,125],"floor_reached":51,"playtime":2258,"items_purged":["Strike_B","Writhe","Strike_B","Strike_B"],"score":729,"play_id":"5ca67c81-99ea-45c9-8539-fdcb0852c7bd","local_time":"20180722144723","is_ascension_mode":false,"campfire_choices":[{"data":"Static Discharge","floor":6,"key":"SMITH"},{"data":"Zap","floor":8,"key":"SMITH"},{"data":"Ball Lightning","floor":11,"key":"SMITH"},{"data":"Electrodynamics","floor":15,"key":"SMITH"},{"data":"Loop","floor":23,"key":"SMITH"},{"data":"Redo","floor":27,"key":"SMITH"},{"data":"Dualcast","floor":29,"key":"SMITH"},{"floor":32,"key":"REST"},{"floor":41,"key":"REST"},{"floor":44,"key":"REST"},{"floor":46,"key":"REST"},{"data":"Echo Form","floor":49,"key":"SMITH"}],"neow_cost":"NONE","seed_source_timestamp":914354547523653,"circlet_count":0,"master_deck":["Strike_B+1","Defend_B+1","Defend_B+1","Zap+1","Dualcast+1","Undo","Deep Breath+1","Static Discharge+1","Ball Lightning+1","Redo+1","Loop+1","Electrodynamics+1","Thunder Strike+1","Ball Lightning","Echo Form+1","Multi-Cast+1","Tempest+1","Madness+1","Madness+1"],"relics":["Cracked Core","War Paint","Strawberry","Toxic Egg 2","Velvet Choker","Bag of Preparation","Dodecahedron","Dream Catcher","Busted Crown","Bag of Marbles","Frozen Egg 2","Potion Belt","Ornamental Fan"],"potions_floor_usage":[40,45,50,50],"damage_taken":[{"damage":0,"enemies":"Cultist","floor":1,"turns":3},{"damage":0,"enemies":"Small Slimes","floor":5,"turns":3},{"damage":1,"enemies":"Jaw Worm","floor":7,"turns":4},{"damage":11,"enemies":"3 Sentries","floor":10,"turns":5},{"damage":0,"enemies":"Red Slaver","floor":12,"turns":4},{"damage":10,"enemies":"Lagavulin","floor":14,"turns":4},{"damage":13,"enemies":"Hexaghost","floor":16,"turns":6},{"damage":8,"enemies":"Chosen","floor":18,"turns":4},{"damage":17,"enemies":"Book of Stabbing","floor":24,"turns":3},{"damage":8,"enemies":"3 Byrds","floor":25,"turns":2},{"damage":0,"enemies":"3 Cultists","floor":30,"turns":2},{"damage":14,"enemies":"Slaver and Parasite","floor":31,"turns":2},{"damage":5,"enemies":"Collector","floor":33,"turns":5},{"damage":0,"enemies":"3 Shapes","floor":35,"turns":2},{"damage":2,"enemies":"3 Darklings","floor":38,"turns":2},{"damage":43,"enemies":"2 Orb Walkers","floor":40,"turns":3},{"damage":9,"enemies":"Sphere and 2 Shapes","floor":42,"turns":2},{"damage":24,"enemies":"Transient","floor":45,"turns":5},{"damage":5,"enemies":"Nemesis","floor":48,"turns":3},{"damage":47,"enemies":"Time Eater","floor":50,"turns":6}],"seed_played":"-2006763104875916043","potions_obtained":[{"floor":3,"key":"SmokeBomb"},{"floor":3,"key":"FocusPotion"},{"floor":3,"key":"Dexterity Potion"},{"floor":5,"key":"Explosive Potion"},{"floor":10,"key":"Fire Potion"},{"floor":45,"key":"Swift Potion"},{"floor":48,"key":"FearPotion"}],"is_trial":false,"path_per_floor":["M","?","?","?","M","R","M","R","T","E","R","M","$","E","R","B",null,"M","?","?","$","?","R","E","M","T","R","$","R","M","M","R","B",null,"M","$","?","M","?","E","R","M","T","R","M","R","T","E","R","B"],"character_chosen":"DEFECT","items_purchased":["Loop","Tempest+1"],"campfire_rested":4,"item_purchase_floors":[13,36],"current_hp_per_floor":[75,60,60,60,60,60,59,59,59,55,55,55,55,45,45,32,82,74,74,74,74,74,74,57,49,49,49,49,49,49,35,59,54,82,82,82,72,70,70,27,51,42,42,66,42,66,66,61,61,14],"gold":125,"neow_bonus":"TRANSFORM_CARD","is_prod":false,"is_daily":false,"chose_seed":false,"campfire_upgraded":8,"win_rate":0.0,"timestamp":1532296043,"path_taken":["M","?","?","?","M","R","M","R","T","E","R","M","?","E","R","BOSS","M","?","?","$","?","R","E","M","T","R","$","R","M","M","R","BOSS","M","$","?","M","?","E","R","M","T","R","M","R","?","E","R","BOSS"],"build_version":"2018-07-19v2","purchased_purges":4,"victory":true,"max_hp_per_floor":[75,75,75,75,75,75,75,75,75,82,82,82,82,82,82,82,82,82,82,82,82,82,82,82,82,82,82,82,82,82,82,82,82,82,82,82,82,82,82,82,82,82,82,82,82,82,82,82,82,82],"card_choices":[{"not_picked":["Hologram","Blizzard","Beam Cell"],"picked":"SKIP","floor":1},{"not_picked":["Rip and Tear","Hello World"],"picked":"Static Discharge","floor":5},{"not_picked":["Gash","Beam Cell","Sweeping Beam"],"picked":"SKIP","floor":7},{"not_picked":["Double Energy","Chill"],"picked":"Ball Lightning","floor":10},{"not_picked":["Undo","Streamline"],"picked":"Redo","floor":12},{"not_picked":["Auto Shields","Rebound"],"picked":"Electrodynamics","floor":14},{"not_picked":["Machine Learning","Amplify+1"],"picked":"Thunder Strike","floor":16},{"not_picked":["Hello World","Rebound"],"picked":"Ball Lightning","floor":18},{"not_picked":["Gash+1","Auto Shields+1","Barrage"],"picked":"SKIP","floor":24},{"not_picked":["Redo+1","Skim+1","Go for the Eyes"],"picked":"SKIP","floor":25},{"not_picked":["Reprogram+1","Cold Snap+1","Fusion+1"],"picked":"SKIP","floor":30},{"not_picked":["Auto Shields+1","Stack+1","Sweeping Beam"],"picked":"SKIP","floor":31},{"not_picked":["Beam Cell","Cold Snap"],"picked":"Echo Form","floor":32},{"not_picked":["Machine Learning","Electrodynamics"],"picked":"Multi-Cast+1","floor":33},{"not_picked":["Doom and Gloom"],"picked":"SKIP","floor":35},{"not_picked":["Conserve Battery+1"],"picked":"SKIP","floor":38},{"not_picked":["Conserve Battery+1"],"picked":"SKIP","floor":40},{"not_picked":["Fusion+1"],"picked":"SKIP","floor":42},{"not_picked":["Sweeping Beam"],"picked":"SKIP","floor":45},{"not_picked":["Loop+1"],"picked":"SKIP","floor":48}],"player_experience":33762,"relics_obtained":[{"floor":9,"key":"War Paint"},{"floor":10,"key":"Strawberry"},{"floor":14,"key":"Toxic Egg 2"},{"floor":24,"key":"Dodecahedron"},{"floor":26,"key":"Dream Catcher"},{"floor":40,"key":"Bag of Marbles"},{"floor":43,"key":"Frozen Egg 2"},{"floor":47,"key":"Potion Belt"},{"floor":48,"key":"Ornamental Fan"}],"event_choices":[{"event_name":"Shining Light","player_choice":"Entered Light","floor":2,"damage_taken":0},{"event_name":"The Lab","player_choice":"Got Potions","floor":3,"damage_taken":0},{"event_name":"Match and Keep!","player_choice":"1 cards matched","floor":4,"damage_taken":0},{"event_name":"Match and Keep!","player_choice":"1 cards matched","floor":4,"damage_taken":0},{"event_name":"The Mausoleum","player_choice":"Yes","floor":19,"damage_taken":0},{"event_name":"Upgrade Shrine","player_choice":"Upgraded","floor":20,"damage_taken":0},{"event_name":"Ghosts","player_choice":"Ignored","floor":22,"damage_taken":0},{"event_name":"Winding Halls","player_choice":"Embrace Madness","floor":37,"damage_taken":0},{"event_name":"Falling","player_choice":"Removed Skill","floor":39,"damage_taken":0}],"is_beta":false,"boss_relics":[{"not_picked":["Tiny House","Snecko Eye"],"picked":"Velvet Choker"},{"not_picked":["FrozenCore","Eternal Feather"],"picked":"Busted Crown"}],"items_purged_floors":[13,21,28,36],"is_endless":false,"potions_floor_spawned":[5,7,10,14,31,33,38,45,48],"ascension_level":0}