{"gold_per_floor":[116,135,154,154,154,154,183,163,163,181,194,194,208,222,222,326,326,346,328,36,48,48,76,76,90,135,135,149,166,177,102,102,205,255,271,290,301,317,14,14,27,42,68,68,18,30,30],"floor_reached":47,"playtime":6508,"items_purged":["Iron Wave"],"score":507,"play_id":"deca1021-0a11-4758-8c24-9c45ae074741","local_time":"20190710234658","is_ascension_mode":false,"campfire_choices":[{"data":"Feed","floor":6,"key":"SMITH"},{"data":"Pommel Strike","floor":12,"key":"SMITH"},{"floor":15,"key":"REST"},{"floor":27,"key":"REST"},{"floor":32,"key":"REST"},{"data":"Barricade","floor":40,"key":"SMITH"}],"neow_cost":"NONE","seed_source_timestamp":1953558533986312,"circlet_count":0,"master_deck":["Strike_R","Strike_R","Strike_R","Strike_R","Defend_R","Defend_R","Defend_R","Defend_R","Bash","Feed+1","Pommel Strike+1","Anger+1","Seeing Red+1","Armaments+1","Entrench+1","Headbutt","Barricade+1","Pommel Strike","Flame Barrier+1","PanicButton+1","Shrug It Off+1","Impervious+1","Madness+1","Good Instincts+1","Madness+1","Rage+1","Bloodletting+1","Rage+1","Flex+1","Double Tap+1","Cleave","Parasite","Pommel Strike"],"relics":["Black Blood","Toxic Egg 2","Regal Pillow","Shuriken","Strange Spoon","Bottled Flame","Tiny House","Bird Faced Urn","Smiling Mask"],"potions_floor_usage":[10,11,16,21,23,25,30,33,37,37,38,47],"damage_taken":[{"damage":6,"enemies":"Cultist","floor":1,"turns":3},{"damage":0,"enemies":"Small Slimes","floor":2,"turns":3},{"damage":12,"enemies":"2 Louse","floor":3,"turns":2},{"damage":48,"enemies":"3 Sentries","floor":7,"turns":8},{"damage":5,"enemies":"Looter","floor":10,"turns":2},{"damage":11,"enemies":"Lots of Slimes","floor":11,"turns":5},{"damage":13,"enemies":"Large Slime","floor":13,"turns":5},{"damage":15,"enemies":"Looter","floor":14,"turns":3},{"damage":29,"enemies":"Slime Boss","floor":16,"turns":7},{"damage":19,"enemies":"Spheric Guardian","floor":18,"turns":4},{"damage":37,"enemies":"2 Thieves","floor":19,"turns":4},{"damage":16,"enemies":"Snecko","floor":21,"turns":6},{"damage":42,"enemies":"Book of Stabbing","floor":23,"turns":8},{"damage":33,"enemies":"Cultist and Chosen","floor":25,"turns":10},{"damage":22,"enemies":"Centurion and Healer","floor":28,"turns":15},{"damage":13,"enemies":"Shelled Parasite and Fungi","floor":29,"turns":8},{"damage":19,"enemies":"Cultist and Chosen","floor":30,"turns":13},{"damage":73,"enemies":"Collector","floor":33,"turns":14},{"damage":53,"enemies":"3 Darklings","floor":35,"turns":8},{"damage":21,"enemies":"Orb Walker","floor":36,"turns":4},{"damage":29,"enemies":"Spire Growth","floor":37,"turns":11},{"damage":16,"enemies":"Writhing Mass","floor":38,"turns":14},{"damage":60,"enemies":"Sphere and 2 Shapes","floor":41,"turns":8},{"damage":3,"enemies":"3 Darklings","floor":42,"turns":10},{"damage":7,"enemies":"4 Shapes","floor":46,"turns":7},{"damage":68,"enemies":"Giant Head","floor":47,"turns":8}],"seed_played":"-8549634966486693558","potions_obtained":[{"floor":1,"key":"SmokeBomb"},{"floor":7,"key":"Energy Potion"},{"floor":8,"key":"Poison Potion"},{"floor":10,"key":"Swift Potion"},{"floor":16,"key":"FearPotion"},{"floor":19,"key":"Explosive Potion"},{"floor":23,"key":"Poison Potion"},{"floor":28,"key":"FairyPotion"},{"floor":29,"key":"SkillPotion"},{"floor":30,"key":"LiquidBronze"},{"floor":34,"key":"SkillPotion"},{"floor":36,"key":"Weak Potion"},{"floor":37,"key":"SkillPotion"},{"floor":41,"key":"SkillPotion"}],"is_trial":false,"path_per_floor":["M","M","M","?","?","R","E","?","T","M","M","R","M","M","R","B",null,"M","M","$","M","?","E","?","M","T","R","M","M","M","?","R","B",null,"M","M","M","M","$","R","M","M","T","?","$","M","E"],"character_chosen":"IRONCLAD","items_purchased":["PanicButton+1","Strange Spoon","Bird Faced Urn"],"campfire_rested":3,"item_purchase_floors":[20,20,39],"current_hp_per_floor":[83,86,83,88,81,81,39,39,39,44,43,43,40,31,77,58,110,105,78,78,72,110,82,38,15,15,65,57,58,49,49,101,38,131,88,77,58,52,52,52,23,32,32,32,32,41,0],"gold":30,"neow_bonus":"ONE_RANDOM_RARE_CARD","is_prod":false,"is_daily":false,"chose_seed":false,"campfire_upgraded":3,"win_rate":0,"timestamp":1562820418,"path_taken":["M","M","M","?","?","R","E","?","T","M","M","R","?","M","R","BOSS","M","M","$","M","?","E","?","M","T","R","M","M","?","?","R","BOSS","M","M","M","M","$","R","M","M","T","?","$","M","E"],"build_version":"2019-07-05","purchased_purges":1,"victory":false,"max_hp_per_floor":[83,86,89,94,94,94,94,94,94,98,102,102,106,106,106,110,110,114,114,114,114,114,118,118,118,118,118,122,126,126,126,126,126,131,131,131,131,131,131,131,131,131,131,131,131,135,135],"card_choices":[{"not_picked":["Perfected Strike","Wild Strike"],"picked":"Pommel Strike","floor":1},{"not_picked":["True Grit","Intimidate","Wild Strike"],"picked":"SKIP","floor":2},{"not_picked":["Clothesline","Warcry"],"picked":"Anger","floor":3},{"not_picked":["Immolate","Shockwave+1"],"picked":"Seeing Red+1","floor":7},{"not_picked":["Dual Wield+1","Perfected Strike"],"picked":"Armaments+1","floor":10},{"not_picked":["Inflame","Heavy Blade"],"picked":"Entrench+1","floor":11},{"not_picked":["Iron Wave","Blood for Blood"],"picked":"Cleave","floor":13},{"not_picked":["Spot Weakness+1","Pummel"],"picked":"Headbutt","floor":14},{"not_picked":["Brutality","Impervious+1"],"picked":"Barricade","floor":16},{"not_picked":["Intimidate+1","Armaments+1"],"picked":"Pommel Strike","floor":18},{"not_picked":["Thunderclap","Anger"],"picked":"Flame Barrier+1","floor":19},{"not_picked":["Cleave","Searing Blow+1"],"picked":"Shrug It Off+1","floor":21},{"not_picked":["Uppercut","Sword Boomerang"],"picked":"Impervious+1","floor":23},{"not_picked":["Twin Strike","Heavy Blade"],"picked":"Rage+1","floor":25},{"not_picked":["Feel No Pain","Clothesline"],"picked":"Bloodletting+1","floor":28},{"not_picked":["Iron Wave","Reckless Charge"],"picked":"Rage+1","floor":29},{"not_picked":["Havoc+1","Disarm+1"],"picked":"Flex+1","floor":30},{"not_picked":["Bludgeon","Reaper"],"picked":"Double Tap+1","floor":33},{"not_picked":["Clothesline+1","Anger+1"],"picked":"Cleave","floor":35},{"not_picked":["Heavy Blade+1","Corruption","Warcry+1"],"picked":"SKIP","floor":36},{"not_picked":["Shrug It Off+1","Carnage+1"],"picked":"Iron Wave","floor":37},{"not_picked":["Fire Breathing","Berserk","True Grit+1"],"picked":"SKIP","floor":38},{"not_picked":["Iron Wave","Havoc+1","Intimidate+1"],"picked":"SKIP","floor":41},{"not_picked":["Dropkick+1","Wild Strike","Uppercut+1"],"picked":"SKIP","floor":42},{"not_picked":["Clash+1","Perfected Strike+1"],"picked":"Pommel Strike","floor":46}],"player_experience":345897,"relics_obtained":[{"floor":7,"key":"Regal Pillow"},{"floor":9,"key":"Shuriken"},{"floor":23,"key":"Bottled Flame"},{"floor":43,"key":"Smiling Mask"}],"event_choices":[{"damage_healed":0,"gold_gain":0,"player_choice":"Donut","damage_taken":0,"max_hp_gain":5,"max_hp_loss":0,"event_name":"Big Fish","floor":4,"gold_loss":0},{"damage_healed":0,"gold_gain":0,"player_choice":"Success","damage_taken":7,"relics_obtained":["Toxic Egg 2"],"max_hp_gain":0,"max_hp_loss":0,"event_name":"Scrap Ooze","floor":5,"gold_loss":0},{"damage_healed":0,"gold_gain":0,"player_choice":"Bought 1 Potion","damage_taken":0,"max_hp_gain":0,"max_hp_loss":0,"event_name":"The Woman in Blue","floor":8,"gold_loss":0},{"damage_healed":38,"gold_gain":0,"player_choice":"Heal","damage_taken":0,"max_hp_gain":0,"max_hp_loss":0,"event_name":"The Library","floor":22,"gold_loss":0},{"damage_healed":0,"gold_gain":0,"player_choice":"CARD CARD CARD ","damage_taken":44,"max_hp_gain":0,"max_hp_loss":0,"event_name":"Knowing Skull","floor":24,"potions_obtained":[],"gold_loss":0,"cards_obtained":["Madness","Good Instincts","Madness"]},{"cards_removed":["Strike_R"],"damage_healed":0,"gold_gain":0,"player_choice":"Gave Gold","damage_taken":0,"max_hp_gain":0,"max_hp_loss":0,"event_name":"Beggar","floor":31,"gold_loss":75},{"cards_removed":["Cleave"],"damage_healed":0,"gold_gain":0,"player_choice":"Removed Attack","damage_taken":0,"max_hp_gain":0,"max_hp_loss":0,"event_name":"Falling","floor":44,"gold_loss":0}],"is_beta":false,"boss_relics":[{"not_picked":["Astrolabe","Ectoplasm"],"picked":"Black Blood"},{"not_picked":["Mark of Pain","Pandora\u0027s Box"],"picked":"Tiny House"}],"items_purged_floors":[45],"is_endless":false,"potions_floor_spawned":[1,7,10,16,19,23,28,29,30,36,37,41],"killed_by":"Giant Head","ascension_level":0}