{"gold_per_floor":[119,138,157,157,171,171,200,200,200,225,237,237,271,290,290,365,365,385,363,379,396,23,51,51,68,118,118,136,164,182,182,182,255,255,265,278,278,293,313,345,345,374,374,374,374,385,403,432,432,432],"floor_reached":51,"playtime":7718,"items_purged":["Strike_R"],"score":1620,"play_id":"dfcbafd3-44eb-4b6e-bc9d-a6916610a11a","local_time":"20190330120523","is_ascension_mode":true,"campfire_choices":[{"data":"Bash","floor":6.0,"key":"SMITH"},{"data":"Thunderclap","floor":12.0,"key":"SMITH"},{"data":"Battle Trance","floor":15.0,"key":"SMITH"},{"data":"Feel No Pain","floor":24.0,"key":"SMITH"},{"data":"Demon Form","floor":27.0,"key":"SMITH"},{"floor":32.0,"key":"REST"},{"data":"Whirlwind","floor":44,"key":"SMITH"},{"data":"Cleave","floor":49,"key":"SMITH"}],"neow_cost":"TEN_PERCENT_HP_LOSS","seed_source_timestamp":0,"circlet_count":0,"master_deck":["AscendersBane","Strike_R+1","Strike_R+1","Defend_R","Defend_R","Defend_R","Defend_R","Bash+1","Carnage+1","Dropkick","Battle Trance+1","Cleave+1","Feel No Pain+1","Disarm+1","Ghostly Armor+1","Disarm+1","Whirlwind+1","Demon Form+1","Warcry+1","Corruption+1","Havoc+1","Shockwave+1","Pommel Strike+1","Disarm+1","Headbutt","Offering+1","Pommel Strike+1","Disarm+1","Battle Trance+1"],"special_seed":0,"relics":["Burning Blood","Odd Mushroom","Happy Flower","Toxic Egg 2","Red Skull","Black Star","Strange Spoon","Question Card","PreservedInsect","Whetstone","Gremlin Horn","Smiling Mask","MutagenicStrength","Snecko Eye","Ancient Tea Set","Bird Faced Urn","Magic Flower","Art of War","Mummified Hand","Oddly Smooth Stone","Frozen Egg 2"],"potions_floor_usage":[42,46,46,50],"damage_taken":[{"damage":1.0,"enemies":"2 Louse","floor":1.0,"turns":3.0},{"damage":7.0,"enemies":"Small Slimes","floor":2.0,"turns":3.0},{"damage":0.0,"enemies":"Cultist","floor":3.0,"turns":2.0},{"damage":20.0,"enemies":"Lots of Slimes","floor":5.0,"turns":3.0},{"damage":6.0,"enemies":"The Mushroom Lair","floor":7.0,"turns":3.0},{"damage":21.0,"enemies":"3 Sentries","floor":10.0,"turns":6.0},{"damage":6.0,"enemies":"Looter","floor":11.0,"turns":2.0},{"damage":0.0,"enemies":"Gremlin Nob","floor":13.0,"turns":3.0},{"damage":2.0,"enemies":"Blue Slaver","floor":14.0,"turns":2.0},{"damage":26.0,"enemies":"Slime Boss","floor":16.0,"turns":6.0},{"damage":8.0,"enemies":"3 Byrds","floor":18.0,"turns":5.0},{"damage":24.0,"enemies":"2 Thieves","floor":19.0,"turns":4.0},{"damage":14.0,"enemies":"Snecko","floor":20.0,"turns":4.0},{"damage":12.0,"enemies":"Centurion and Healer","floor":21.0,"turns":5.0},{"damage":4.0,"enemies":"Gremlin Leader","floor":23.0,"turns":4.0},{"damage":4.0,"enemies":"Sentry and Sphere","floor":25.0,"turns":6.0},{"damage":0.0,"enemies":"Chosen and Byrds","floor":28.0,"turns":6.0},{"damage":13.0,"enemies":"Slavers","floor":29.0,"turns":6.0},{"damage":12.0,"enemies":"Centurion and Healer","floor":30.0,"turns":6.0},{"damage":1.0,"enemies":"Champ","floor":33.0,"turns":11.0},{"damage":6.0,"enemies":"Orb Walker","floor":35.0,"turns":3.0},{"damage":45.0,"enemies":"3 Shapes","floor":36.0,"turns":4.0},{"damage":6.0,"enemies":"Maw","floor":38.0,"turns":6.0},{"damage":9.0,"enemies":"Writhing Mass","floor":39.0,"turns":6.0},{"damage":6,"enemies":"Nemesis","floor":40,"turns":5},{"damage":6,"enemies":"Reptomancer","floor":42,"turns":4},{"damage":16,"enemies":"Jaw Worm Horde","floor":46,"turns":2},{"damage":6,"enemies":"Sphere and 2 Shapes","floor":47,"turns":1},{"damage":13,"enemies":"Nemesis","floor":48,"turns":5},{"damage":18,"enemies":"Awakened One","floor":50,"turns":10}],"seed_played":"-5550117607448999011","potions_obtained":[{"floor":2.0,"key":"Ancient Potion"},{"floor":3.0,"key":"Fire Potion"},{"floor":10.0,"key":"Strength Potion"},{"floor":14.0,"key":"PowerPotion"},{"floor":16.0,"key":"GamblersBrew"},{"floor":18.0,"key":"SpeedPotion"},{"floor":19.0,"key":"Block Potion"},{"floor":28.0,"key":"Block Potion"},{"floor":30.0,"key":"EssenceOfSteel"},{"floor":38.0,"key":"Block Potion"},{"floor":39.0,"key":"GamblersBrew"},{"floor":42,"key":"SkillPotion"},{"floor":47,"key":"SteroidPotion"}],"is_trial":false,"path_per_floor":["M","M","M","?","M","R","?","?","T","E","M","R","E","M","R","B",null,"M","M","M","M","$","E","R","M","T","R","M","E","M","?","R","B",null,"M","M","?","M","M","E","?","E","T","R","?","M","M","E","R","B",null],"character_chosen":"IRONCLAD","items_purchased":["Strange Spoon","Shockwave+1"],"campfire_rested":1,"item_purchase_floors":[22,22],"current_hp_per_floor":[68,67,68,73,59,59,59,59,59,44,44,44,50,54,54,34,63,61,43,35,29,29,31,31,33,33,33,39,32,26,26,47,52,68,68,29,29,29,26,26,60,60,60,60,57,56,57,53,53,51],"gold":432,"neow_bonus":"TRANSFORM_TWO_CARDS","is_prod":false,"is_daily":false,"chose_seed":false,"campfire_upgraded":7,"win_rate":0,"timestamp":1553972723,"path_taken":["M","M","M","?","M","R","?","?","T","E","?","R","E","M","R","BOSS","M","M","?","M","$","E","R","M","T","R","M","E","M","?","R","BOSS","M","M","?","M","M","E","?","E","T","R","?","M","?","E","R","BOSS"],"build_version":"2019-01-23","purchased_purges":1,"victory":true,"max_hp_per_floor":[68,68,68,73,73,73,73,73,73,73,73,73,73,73,73,73,73,73,73,73,73,73,73,73,73,73,73,73,73,73,73,73,73,73,73,73,73,73,73,73,60,60,60,60,57,57,57,57,57,57],"card_choices":[{"not_picked":["Thunderclap","Heavy Blade"],"picked":"Battle Trance","floor":1.0},{"not_picked":["Sentinel","Heavy Blade"],"picked":"Thunderclap","floor":2.0},{"not_picked":["Barricade","Pommel Strike"],"picked":"Cleave","floor":3.0},{"not_picked":["Perfected Strike","Second Wind","Carnage"],"picked":"SKIP","floor":5.0},{"not_picked":["Pommel Strike","Hemokinesis"],"picked":"Feel No Pain","floor":7.0},{"not_picked":["Infernal Blade","Anger"],"picked":"Disarm","floor":10.0},{"not_picked":["Dark Embrace","Feel No Pain"],"picked":"Ghostly Armor+1","floor":11.0},{"not_picked":["Clash","Seeing Red+1"],"picked":"Disarm+1","floor":13.0},{"not_picked":["Cleave","Armaments+1"],"picked":"Whirlwind","floor":14.0},{"not_picked":["Dark Embrace","Reaper"],"picked":"Demon Form","floor":16.0},{"not_picked":["Body Slam","Combust"],"picked":"Warcry+1","floor":18.0},{"not_picked":["Dual Wield+1","Carnage"],"picked":"Corruption+1","floor":19.0},{"not_picked":["Heavy Blade","Iron Wave","Fire Breathing"],"picked":"SKIP","floor":20.0},{"not_picked":["Rage+1","Spot Weakness+1"],"picked":"Havoc+1","floor":21.0},{"not_picked":["Spot Weakness+1","Seeing Red+1","Dropkick"],"picked":"SKIP","floor":23.0},{"not_picked":["Infernal Blade+1","Evolve","True Grit+1"],"picked":"Pommel Strike+1","floor":25.0},{"not_picked":["Dual Wield+1","Thunderclap","Dropkick"],"picked":"Disarm+1","floor":28.0},{"not_picked":["Cleave","Feel No Pain","Power Through+1"],"picked":"Headbutt","floor":29.0},{"not_picked":["Shrug It Off+1","Clash","Bloodletting+1","Armaments+1"],"picked":"SKIP","floor":30.0},{"not_picked":["Shrug It Off+1","Clash","Bloodletting+1","Armaments+1"],"picked":"SKIP","floor":30.0},{"not_picked":["Juggernaut","Berserk","Bludgeon"],"picked":"Offering+1","floor":33.0},{"not_picked":["Metallicize","Thunderclap","True Grit+1","Twin Strike"],"picked":"SKIP","floor":35.0},{"not_picked":["Entrench+1","Inflame","True Grit+1"],"picked":"Pommel Strike+1","floor":36.0},{"not_picked":["Combust+1","Uppercut","Blood for Blood+1"],"picked":"Disarm+1","floor":38.0},{"not_picked":["Clash+1","Perfected Strike","Seeing Red+1","Sword Boomerang"],"picked":"SKIP","floor":39.0},{"not_picked":["Double Tap+1","Inflame","Cleave+1"],"picked":"Battle Trance+1","floor":40},{"not_picked":["Body Slam","Sever Soul","Intimidate+1","Anger"],"picked":"SKIP","floor":42},{"not_picked":["Shrug It Off+1","Clothesline","True Grit+1","Flex+1"],"picked":"SKIP","floor":46},{"not_picked":["Carnage+1","Pommel Strike","Flex+1","Anger"],"picked":"SKIP","floor":47},{"not_picked":["Pummel","Wild Strike","Bloodletting+1","Reckless Charge"],"picked":"SKIP","floor":48}],"player_experience":782516,"relics_obtained":[{"floor":7.0,"key":"Odd Mushroom"},{"floor":9.0,"key":"Happy Flower"},{"floor":10.0,"key":"Toxic Egg 2"},{"floor":13.0,"key":"Red Skull"},{"floor":23.0,"key":"Question Card"},{"floor":23.0,"key":"PreservedInsect"},{"floor":26.0,"key":"Whetstone"},{"floor":29.0,"key":"Gremlin Horn"},{"floor":29.0,"key":"Smiling Mask"},{"floor":40,"key":"Ancient Tea Set"},{"floor":40,"key":"Bird Faced Urn"},{"floor":42,"key":"Magic Flower"},{"floor":42,"key":"Art of War"},{"floor":43,"key":"Mummified Hand"},{"floor":48,"key":"Oddly Smooth Stone"},{"floor":48,"key":"Frozen Egg 2"}],"event_choices":[{"damage_healed":0.0,"max_hp_gain":5.0,"max_hp_loss":0.0,"gold_gain":0.0,"event_name":"Big Fish","player_choice":"Donut","floor":4.0,"gold_loss":0.0,"damage_taken":0.0},{"damage_healed":0.0,"max_hp_gain":0.0,"max_hp_loss":0.0,"gold_gain":0.0,"event_name":"Mushrooms","player_choice":"Fought Mushrooms","floor":7.0,"gold_loss":0.0,"damage_taken":0.0},{"damage_healed":0.0,"max_hp_gain":0.0,"max_hp_loss":0.0,"gold_gain":0.0,"event_name":"Accursed Blacksmith","player_choice":"Forge","floor":8.0,"gold_loss":0.0,"damage_taken":0.0,"cards_upgraded":["Carnage"]},{"damage_healed":0.0,"max_hp_gain":0.0,"max_hp_loss":0.0,"gold_gain":0.0,"event_name":"Drug Dealer","player_choice":"Inject Mutagens","floor":31.0,"gold_loss":0.0,"damage_taken":0.0,"relics_obtained":["MutagenicStrength"]},{"cards_removed":["Thunderclap"],"damage_healed":0.0,"max_hp_gain":0.0,"max_hp_loss":0.0,"gold_gain":0.0,"event_name":"Falling","player_choice":"Removed Attack","floor":37.0,"gold_loss":0.0,"damage_taken":0.0},{"damage_healed":60,"gold_gain":0,"player_choice":"Heal","damage_taken":0,"max_hp_gain":0,"max_hp_loss":13,"event_name":"The Moai Head","floor":41,"gold_loss":0},{"damage_healed":0,"gold_gain":0,"player_choice":"Max HP","damage_taken":0,"max_hp_gain":0,"max_hp_loss":3,"event_name":"Winding Halls","floor":45,"gold_loss":0}],"is_beta":false,"boss_relics":[{"not_picked":["Empty Cage","Tiny House"],"picked":"Black Star"},{"not_picked":["White Beast Statue","Astrolabe"],"picked":"Snecko Eye"}],"items_purged_floors":[22],"is_endless":false,"potions_floor_spawned":[2,3,10,13,14,16,18,19,20,28,30,38,39,42,47],"ascension_level":19}