{"gold_per_floor":[116,41,55,75,95,123,123,148,229,229,129,129,129,160,160,264,264,275,292,292,306,306],"floor_reached":22,"playtime":1872,"items_purged":["Strike_R","Strike_R"],"score":249,"play_id":"71c17409-5e6b-4540-803d-9f2a1c7999c4","local_time":"20181225142859","is_ascension_mode":true,"campfire_choices":[{"floor":10.0,"key":"REST"},{"data":"True Grit","floor":12.0,"key":"SMITH"},{"floor":15.0,"key":"REST"}],"neow_cost":"NONE","seed_source_timestamp":0,"circlet_count":0,"master_deck":["Strike_R+1","Defend_R+1","Defend_R","Defend_R+1","Bash","Dropkick","True Grit+1","Battle Trance","Sword Boomerang","Thunderclap","Disarm","Warcry"],"special_seed":0,"relics":["Burning Blood","War Paint","Prayer Wheel","Pear","Bag of Marbles","Empty Cage"],"potions_floor_usage":[21,22],"damage_taken":[{"damage":5.0,"enemies":"Small Slimes","floor":1.0,"turns":3.0},{"damage":7.0,"enemies":"2 Louse","floor":3.0,"turns":3.0},{"damage":5.0,"enemies":"Cultist","floor":4.0,"turns":4.0},{"damage":3.0,"enemies":"3 Louse","floor":5.0,"turns":5.0},{"damage":34.0,"enemies":"Lagavulin","floor":6.0,"turns":9.0},{"damage":29.0,"enemies":"3 Sentries","floor":8.0,"turns":11.0},{"damage":28.0,"enemies":"Lagavulin","floor":14.0,"turns":6.0},{"damage":44.0,"enemies":"The Guardian","floor":16.0,"turns":15.0},{"damage":55.0,"enemies":"Spheric Guardian","floor":18.0,"turns":9.0},{"damage":25.0,"enemies":"2 Thieves","floor":19.0,"turns":5.0},{"damage":20,"enemies":"Centurion and Healer","floor":21,"turns":9},{"damage":17,"enemies":"Snecko","floor":22,"turns":3}],"seed_played":"-6717227396936219672","potions_obtained":[{"floor":1.0,"key":"Dexterity Potion"},{"floor":6.0,"key":"Fruit Juice"},{"floor":8.0,"key":"Swift Potion"},{"floor":14.0,"key":"Dexterity Potion"},{"floor":19.0,"key":"Weak Potion"}],"is_trial":false,"path_per_floor":["M","$","M","M","M","E","?","E","T","R","$","R","?","E","R","B",null,"M","M","$","M","M"],"character_chosen":"IRONCLAD","items_purchased":[],"campfire_rested":2,"item_purchase_floors":[],"current_hp_per_floor":[80,80,79,80,80,57,40,17,27,55,55,55,55,33,61,23,95,46,27,27,13,0],"gold":306,"neow_bonus":"TRANSFORM_CARD","is_prod":false,"is_daily":false,"chose_seed":false,"campfire_upgraded":1,"win_rate":0,"timestamp":1545776939,"path_taken":["M","$","M","M","M","E","?","E","T","R","$","R","?","E","R","BOSS","M","M","$","M","M"],"build_version":"2018-12-20","purchased_purges":2,"victory":false,"max_hp_per_floor":[80,80,80,80,80,85,85,85,95,95,95,95,95,95,95,95,95,95,95,95,95,95],"card_choices":[{"not_picked":["Burning Pact","Clash"],"picked":"True Grit","floor":1.0},{"not_picked":["Sword Boomerang","Heavy Blade","Pommel Strike"],"picked":"SKIP","floor":3.0},{"not_picked":["Wild Strike","Flex","Armaments"],"picked":"SKIP","floor":4.0},{"not_picked":["Perfected Strike","Double Tap","Corruption"],"picked":"SKIP","floor":5.0},{"not_picked":["Warcry","Feel No Pain"],"picked":"Battle Trance","floor":6.0},{"not_picked":["Carnage","Fiend Fire","Exhume"],"picked":"SKIP","floor":8.0},{"not_picked":["Wild Strike","Flex"],"picked":"Sword Boomerang","floor":14.0},{"not_picked":["Heavy Blade+1","Anger"],"picked":"Thunderclap","floor":18.0},{"not_picked":["Perfected Strike+1","Clash","Thunderclap+1"],"picked":"SKIP","floor":18.0},{"not_picked":["Dark Embrace","Thunderclap","Carnage+1"],"picked":"SKIP","floor":19.0},{"not_picked":["Pommel Strike","Armaments","Perfected Strike"],"picked":"SKIP","floor":19.0},{"not_picked":["Twin Strike","Rupture+1"],"picked":"Disarm","floor":21},{"not_picked":["Heavy Blade","Armaments"],"picked":"Warcry","floor":21}],"player_experience":181035,"relics_obtained":[{"floor":6.0,"key":"War Paint"},{"floor":8.0,"key":"Prayer Wheel"},{"floor":9.0,"key":"Pear"},{"floor":14.0,"key":"Bag of Marbles"}],"event_choices":[{"damage_healed":0.0,"max_hp_gain":0.0,"max_hp_loss":0.0,"gold_gain":0.0,"event_name":"Shining Light","player_choice":"Entered Light","floor":7.0,"gold_loss":0.0,"damage_taken":17.0,"cards_upgraded":["Strike_R","Strike_R"]},{"damage_healed":0.0,"max_hp_gain":0.0,"max_hp_loss":0.0,"gold_gain":0.0,"cards_transformed":["Defend_R"],"event_name":"Transmorgrifier","player_choice":"Transformed","floor":13.0,"gold_loss":0.0,"damage_taken":0.0,"cards_obtained":["Exhume"]}],"is_beta":false,"boss_relics":[{"not_picked":["Fusion Hammer","Runic Dome"],"picked":"Empty Cage"}],"items_purged_floors":[2,11],"is_endless":false,"potions_floor_spawned":[1,6,8,14,19],"killed_by":"Snecko","ascension_level":2}