{"gold_per_floor":[210,67,17,29,29,69,94,94,94,94,133,103,103,128,128,248,248,261,276,137,137,153,227,246,246,246,277,277,301,301,216,216,345,345,369,390,292,206,156,192,192,230,256,276,291,291,306,339,339,339],"floor_reached":51,"playtime":3906,"items_purged":["Strike_R","Strike_R","Barricade","Strike_R"],"score":884,"play_id":"0a034bb2-fd51-49ad-aa8e-55968390bb22","local_time":"20181225223354","is_ascension_mode":true,"campfire_choices":[{"data":"Disarm","floor":8.0,"key":"SMITH"},{"data":"Bash","floor":10.0,"key":"SMITH"},{"data":"Whirlwind","floor":13.0,"key":"SMITH"},{"floor":15.0,"key":"REST"},{"data":"Battle Trance","floor":25.0,"key":"SMITH"},{"data":"Body Slam","floor":28.0,"key":"SMITH"},{"data":"Iron Wave","floor":30.0,"key":"SMITH"},{"data":"Iron Wave","floor":32.0,"key":"SMITH"},{"data":"Limit Break","floor":41.0,"key":"SMITH"},{"data":"Inflame","floor":46,"key":"SMITH"},{"floor":49,"key":"REST"}],"neow_cost":"NONE","seed_source_timestamp":0,"circlet_count":0,"master_deck":["Strike_R","Defend_R","Defend_R","Defend_R","Defend_R","Bash+1","Iron Wave+1","Metallicize+1","Shrug It Off","Whirlwind+1","Disarm+1","Limit Break+1","Iron Wave+1","Shrug It Off","Battle Trance+1","Body Slam+1","Inflame+1"],"special_seed":0,"relics":["Burning Blood","Golden Idol","Letter Opener","Singing Bowl","Centennial Puzzle","Philosopher\u0027s Stone","Tiny Chest","FossilizedHelix","Bag of Preparation","Smiling Mask","Velvet Choker","Oddly Smooth Stone","Blood Vial","Happy Flower","Strawberry"],"potions_floor_usage":[42,42,47,50,50],"damage_taken":[{"damage":6.0,"enemies":"Cultist","floor":1.0,"turns":3.0},{"damage":5.0,"enemies":"Small Slimes","floor":4.0,"turns":4.0},{"damage":22.0,"enemies":"Gremlin Nob","floor":6.0,"turns":6.0},{"damage":7.0,"enemies":"Jaw Worm","floor":7.0,"turns":4.0},{"damage":20.0,"enemies":"3 Sentries","floor":11.0,"turns":5.0},{"damage":3.0,"enemies":"2 Fungi Beasts","floor":14.0,"turns":2.0},{"damage":11.0,"enemies":"Hexaghost","floor":16.0,"turns":7.0},{"damage":11.0,"enemies":"3 Byrds","floor":18.0,"turns":4.0},{"damage":9.0,"enemies":"Chosen","floor":19.0,"turns":6.0},{"damage":21.0,"enemies":"Centurion and Healer","floor":22.0,"turns":8.0},{"damage":4.0,"enemies":"Book of Stabbing","floor":23.0,"turns":9.0},{"damage":8.0,"enemies":"Snake Plant","floor":24.0,"turns":5.0},{"damage":14.0,"enemies":"Gremlin Leader","floor":27.0,"turns":6.0},{"damage":18.0,"enemies":"Chosen and Byrds","floor":29.0,"turns":5.0},{"damage":44.0,"enemies":"Collector","floor":33.0,"turns":8.0},{"damage":0.0,"enemies":"3 Shapes","floor":35.0,"turns":3.0},{"damage":20.0,"enemies":"3 Darklings","floor":36.0,"turns":7.0},{"damage":5.0,"enemies":"Giant Head","floor":40.0,"turns":8.0},{"damage":0,"enemies":"Reptomancer","floor":42,"turns":4},{"damage":0,"enemies":"Maw","floor":44,"turns":6},{"damage":0,"enemies":"4 Shapes","floor":45,"turns":6},{"damage":26,"enemies":"Sphere and 2 Shapes","floor":47,"turns":4},{"damage":17,"enemies":"Nemesis","floor":48,"turns":7},{"damage":32,"enemies":"Awakened One","floor":50,"turns":9}],"seed_played":"9091920711331771337","potions_obtained":[{"floor":4.0,"key":"Block Potion"},{"floor":6.0,"key":"LiquidBronze"},{"floor":7.0,"key":"SteroidPotion"},{"floor":12.0,"key":"Strength Potion"},{"floor":12.0,"key":"Fruit Juice"},{"floor":14.0,"key":"Strength Potion"},{"floor":19.0,"key":"AttackPotion"},{"floor":23.0,"key":"Weak Potion"},{"floor":24.0,"key":"Strength Potion"},{"floor":27.0,"key":"Strength Potion"},{"floor":33.0,"key":"GamblersBrew"},{"floor":40.0,"key":"Energy Potion"},{"floor":44,"key":"LiquidBronze"},{"floor":45,"key":"Strength Potion"},{"floor":48,"key":"EssenceOfSteel"}],"is_trial":false,"path_per_floor":["M","$","?","M","?","E","M","R","T","R","E","?","R","M","R","B",null,"M","M","$","?","M","E","M","R","T","E","R","M","R","?","R","B",null,"M","M","$","?","$","E","R","E","T","M","M","R","M","E","R","B",null],"character_chosen":"IRONCLAD","items_purchased":["Metallicize","Battle Trance","Strength Potion"],"campfire_rested":2,"item_purchase_floors":[2,20,37],"current_hp_per_floor":[80,80,80,80,60,44,43,43,43,43,29,34,34,37,62,59,87,82,81,81,81,68,72,72,72,72,64,64,54,54,54,54,16,97,99,85,85,85,85,88,88,98,105,112,114,114,96,89,118,92],"gold":339,"neow_bonus":"HUNDRED_GOLD","is_prod":false,"is_daily":false,"chose_seed":false,"campfire_upgraded":9,"win_rate":0,"timestamp":1545806034,"path_taken":["M","$","?","M","?","E","M","R","T","R","E","?","R","M","R","BOSS","M","M","$","?","M","E","?","R","T","E","R","M","R","?","R","BOSS","M","M","$","?","$","E","R","E","T","M","M","R","?","E","R","BOSS"],"build_version":"2018-12-20","purchased_purges":4,"victory":true,"max_hp_per_floor":[80,80,80,80,80,80,80,80,80,80,80,85,85,85,85,87,87,87,89,89,89,91,93,95,95,95,95,95,97,97,97,97,97,97,99,99,99,99,99,101,101,103,110,112,114,114,116,118,118,118],"card_choices":[{"not_picked":["Thunderclap","Pummel"],"picked":"Iron Wave","floor":1.0},{"not_picked":["Iron Wave","Combust"],"picked":"Shrug It Off","floor":4.0},{"not_picked":["Perfected Strike","Feel No Pain"],"picked":"Whirlwind","floor":6.0},{"not_picked":["Shrug It Off","Anger"],"picked":"Disarm","floor":7.0},{"not_picked":["Sever Soul","Heavy Blade"],"picked":"Limit Break","floor":11.0},{"not_picked":["Seeing Red","Dropkick"],"picked":"Iron Wave","floor":14.0},{"not_picked":["Fiend Fire","Barricade","Double Tap"],"picked":"Singing Bowl","floor":16.0},{"not_picked":["Clash","Rage"],"picked":"Shrug It Off","floor":18.0},{"not_picked":["Twin Strike","Warcry","Pommel Strike"],"picked":"Singing Bowl","floor":19.0},{"not_picked":["Pummel+1","Armaments","Reckless Charge"],"picked":"Singing Bowl","floor":22.0},{"not_picked":["Anger+1","Sentinel+1","Sword Boomerang"],"picked":"Singing Bowl","floor":23.0},{"not_picked":["Perfected Strike","Sentinel","Cleave"],"picked":"SKIP","floor":24.0},{"not_picked":["Perfected Strike","Sentinel","Cleave"],"picked":"Singing Bowl","floor":24.0},{"not_picked":["Shrug It Off","Havoc"],"picked":"Body Slam","floor":27.0},{"not_picked":["Reckless Charge","Warcry","Battle Trance"],"picked":"Singing Bowl","floor":29.0},{"not_picked":["Brutality","Double Tap"],"picked":"Barricade","floor":33.0},{"not_picked":["Combust+1","Thunderclap","Armaments+1"],"picked":"Singing Bowl","floor":35.0},{"not_picked":["Evolve+1","Shockwave+1"],"picked":"Inflame","floor":36.0},{"not_picked":["Inflame","Burning Pact+1","Warcry"],"picked":"Singing Bowl","floor":40.0},{"not_picked":["Bloodletting","Armaments+1","Thunderclap"],"picked":"Singing Bowl","floor":42},{"not_picked":["Perfected Strike","Reckless Charge","Sever Soul+1"],"picked":"Singing Bowl","floor":44},{"not_picked":["Perfected Strike","Second Wind","Entrench+1"],"picked":"Singing Bowl","floor":45},{"not_picked":["True Grit+1","Body Slam","Hemokinesis"],"picked":"Singing Bowl","floor":47},{"not_picked":["Evolve","Metallicize","Uppercut+1"],"picked":"Singing Bowl","floor":48}],"player_experience":182907,"relics_obtained":[{"floor":6.0,"key":"Letter Opener"},{"floor":9.0,"key":"Singing Bowl"},{"floor":11.0,"key":"Centennial Puzzle"},{"floor":23.0,"key":"Tiny Chest"},{"floor":26.0,"key":"FossilizedHelix"},{"floor":27.0,"key":"Bag of Preparation"},{"floor":40.0,"key":"Blood Vial"},{"floor":42,"key":"Happy Flower"},{"floor":43,"key":"Strawberry"}],"event_choices":[{"cards_removed":["Strike_R"],"damage_healed":0.0,"max_hp_gain":0.0,"max_hp_loss":0.0,"gold_gain":0.0,"event_name":"The Cleric","player_choice":"Card Removal","floor":3.0,"gold_loss":50.0,"damage_taken":0.0},{"damage_healed":0.0,"max_hp_gain":0.0,"max_hp_loss":0.0,"gold_gain":0.0,"event_name":"Golden Idol","player_choice":"Take Damage","floor":5.0,"gold_loss":0.0,"damage_taken":20.0,"relics_obtained":["Golden Idol"]},{"damage_healed":0.0,"max_hp_gain":0.0,"max_hp_loss":0.0,"gold_gain":0.0,"event_name":"The Woman in Blue","player_choice":"Bought 2 Potions","floor":12.0,"gold_loss":0.0,"damage_taken":0.0},{"damage_healed":0.0,"max_hp_gain":0.0,"max_hp_loss":0.0,"gold_gain":0.0,"event_name":"Accursed Blacksmith","player_choice":"Forge","floor":21.0,"gold_loss":0.0,"damage_taken":0.0,"cards_upgraded":["Metallicize"]},{"damage_healed":0.0,"max_hp_gain":0.0,"max_hp_loss":0.0,"gold_gain":0.0,"event_name":"Addict","player_choice":"Obtained Relic","floor":31.0,"gold_loss":85.0,"damage_taken":0.0,"relics_obtained":["Smiling Mask"]},{"damage_healed":0.0,"max_hp_gain":0.0,"max_hp_loss":0.0,"gold_gain":0.0,"event_name":"WeMeetAgain","player_choice":"Paid Gold","floor":38.0,"gold_loss":86.0,"damage_taken":0.0,"relics_obtained":["Oddly Smooth Stone"]}],"is_beta":false,"boss_relics":[{"not_picked":["White Beast Statue","Runic Cube"],"picked":"Philosopher\u0027s Stone"},{"not_picked":["Snecko Eye","Runic Pyramid"],"picked":"Velvet Choker"}],"items_purged_floors":[2,20,37,39],"is_endless":false,"potions_floor_spawned":[4,6,7,14,19,23,24,27,33,40,44,45,48],"ascension_level":2}