{"gold_per_floor":[144,144,17,62,134,224,224,224,224,269,314,404,449,19,19,319,319,364,364,314,359,404,404,449,449,449,18,63,26,71,116,116,416,416,461,12,57,81,81,81,126,126,151,196,241,286,331,376,376,376],"floor_reached":51,"playtime":1586,"items_purged":[],"score":1040,"play_id":"c64233f5-9ebb-4e9d-9b28-3094fd9888e0","local_time":"20190712162555","daily_mods":["Draft","Hoarder","Midas"],"is_ascension_mode":false,"campfire_choices":[{"floor":7.0,"key":"REST"},{"floor":15.0,"key":"REST"},{"floor":23.0,"key":"REST"},{"floor":25.0,"key":"REST"},{"floor":32,"key":"REST"},{"floor":40,"key":"REST"},{"floor":42,"key":"REST"},{"floor":49,"key":"REST"}],"neow_cost":"","seed_source_timestamp":165290989063500,"circlet_count":0,"master_deck":["Clash","Clash","Clash","Pummel","Pummel","Pummel","Thunderclap","Thunderclap+1","Thunderclap","Clothesline","Clothesline","Clothesline","Anger","Anger","Anger","Inflame","Inflame","Inflame+1","Shrug It Off","Shrug It Off","Shrug It Off","Cleave","Cleave","Cleave","Anger","Anger","Anger","Spot Weakness","Spot Weakness","Spot Weakness","Thunderclap","Thunderclap","Thunderclap","Inflame","Inflame","Inflame","True Grit","True Grit","True Grit","Clash","Clash","Clash","Clash","Clash","Clash","Headbutt","Headbutt","Headbutt","Spot Weakness","Spot Weakness","Spot Weakness","Anger","Anger","Anger","Anger","Anger","Anger","Anger","Anger","Anger","Feed","Feed","Feed","Anger","Anger","Anger","Metallicize","Metallicize","Metallicize","Reaper","Reaper","Reaper","Anger+1","Anger+1","Anger+1","Anger","Anger","Anger","Thunderclap","Thunderclap","Thunderclap","Rampage","Rampage","Rampage","Fire Breathing","Fire Breathing","Fire Breathing","Anger","Anger","Anger","Infernal Blade","Infernal Blade","Infernal Blade","Fire Breathing","Fire Breathing","Fire Breathing","Heavy Blade","Heavy Blade","Heavy Blade","Double Tap","Double Tap","Double Tap","Inflame","Inflame","Inflame","Cleave","Cleave","Cleave","PanicButton","PanicButton","PanicButton","Flex","Flex","Flex","Whirlwind+1","Whirlwind+1","Whirlwind+1","Uppercut+1","Uppercut+1","Uppercut+1","Seeing Red+1","Seeing Red+1","Seeing Red+1","Flex","Flex","Flex","Heavy Blade+1","Heavy Blade+1","Heavy Blade+1","Parasite","Parasite","Parasite","Infernal Blade","Infernal Blade","Infernal Blade","Pummel+1","Pummel+1","Pummel+1"],"special_seed":18089,"relics":["Burning Blood","Torii","Champion Belt","Boot","Oddly Smooth Stone","Question Card","Philosopher\u0027s Stone","Magic Flower","Brimstone","Vajra","Mark of Pain","Ice Cream","Pocketwatch","Centennial Puzzle"],"potions_floor_usage":[50],"damage_taken":[{"damage":0.0,"enemies":"Cultist","floor":1.0,"turns":2.0},{"damage":0.0,"enemies":"Small Slimes","floor":4.0,"turns":3.0},{"damage":18.0,"enemies":"Lagavulin","floor":6.0,"turns":3.0},{"damage":11.0,"enemies":"Jaw Worm","floor":10.0,"turns":2.0},{"damage":0.0,"enemies":"Blue Slaver","floor":11.0,"turns":1.0},{"damage":18.0,"enemies":"3 Sentries","floor":12.0,"turns":3.0},{"damage":0.0,"enemies":"Large Slime","floor":13.0,"turns":3.0},{"damage":14.0,"enemies":"Hexaghost","floor":16.0,"turns":5.0},{"damage":0.0,"enemies":"Chosen","floor":18.0,"turns":3.0},{"damage":2.0,"enemies":"Shell Parasite","floor":21.0,"turns":2.0},{"damage":24.0,"enemies":"Snake Plant","floor":22.0,"turns":3.0},{"damage":2.0,"enemies":"Chosen and Byrds","floor":24.0,"turns":3.0},{"damage":14,"enemies":"Cultist and Chosen","floor":28,"turns":3},{"damage":27,"enemies":"Snake Plant","floor":30,"turns":2},{"damage":8,"enemies":"Centurion and Healer","floor":31,"turns":3},{"damage":23,"enemies":"Collector","floor":33,"turns":4},{"damage":20,"enemies":"3 Shapes","floor":35,"turns":3},{"damage":18,"enemies":"3 Darklings","floor":37,"turns":2},{"damage":31,"enemies":"2 Orb Walkers","floor":38,"turns":4},{"damage":39,"enemies":"Maw","floor":41,"turns":5},{"damage":12,"enemies":"4 Shapes","floor":44,"turns":1},{"damage":10,"enemies":"3 Darklings","floor":45,"turns":2},{"damage":16,"enemies":"Sphere and 2 Shapes","floor":46,"turns":2},{"damage":21,"enemies":"Writhing Mass","floor":47,"turns":3},{"damage":22,"enemies":"3 Darklings","floor":48,"turns":3},{"damage":83,"enemies":"Awakened One","floor":50,"turns":7}],"seed_played":"-4884104574296109442","potions_obtained":[{"floor":4.0,"key":"FairyPotion"},{"floor":11.0,"key":"Strength Potion"},{"floor":16.0,"key":"Strength Potion"},{"floor":31,"key":"BloodPotion"}],"is_trial":false,"path_per_floor":["M","?","$","M","?","E","R","T","T","M","M","E","M","$","R","B",null,"M","?","?","M","M","R","M","R","T","$","M","$","M","M","R","B",null,"M","$","M","?","?","R","M","R","T","M","M","M","M","M","R","B",null],"character_chosen":"IRONCLAD","items_purchased":["Spot Weakness","Anger","Metallicize","Question Card","FairyPotion","Brimstone","Vajra","Fire Breathing","Infernal Blade","Cleave","Ice Cream","PanicButton"],"campfire_rested":8,"item_purchase_floors":[3,3,14,14,14,27,27,27,29,36,36,36],"current_hp_per_floor":[80,80,80,80,80,68,80,80,80,75,80,68,74,74,80,72,80,80,80,80,80,68,80,80,80,80,80,75,75,62,63,80,80,80,78,78,69,52,52,76,46,70,70,67,83,76,69,56,81,39],"gold":376,"neow_bonus":"","is_prod":false,"is_daily":true,"chose_seed":false,"campfire_upgraded":0,"win_rate":0,"timestamp":1562973955,"path_taken":["M","?","$","M","?","E","R","?","T","?","M","E","M","$","R","BOSS","M","?","?","?","M","R","M","R","T","$","M","?","M","M","R","BOSS","M","$","M","?","?","R","M","R","T","M","M","M","?","?","R","BOSS"],"build_version":"2019-07-10","purchased_purges":0,"victory":true,"max_hp_per_floor":[80,80,80,80,80,80,80,80,80,80,80,80,80,80,80,80,80,80,80,80,80,80,80,80,80,80,80,80,80,80,80,80,80,80,80,80,80,83,83,83,83,83,83,83,83,83,86,86,86,86],"card_choices":[{"not_picked":["Clothesline","Feel No Pain"],"picked":"Clash","floor":0.0},{"not_picked":["Headbutt","Armaments"],"picked":"Pummel","floor":0.0},{"not_picked":["Cleave","Carnage"],"picked":"Thunderclap","floor":0.0},{"not_picked":["Thunderclap","Evolve"],"picked":"Clothesline","floor":0.0},{"not_picked":["Warcry","Havoc"],"picked":"Anger","floor":0.0},{"not_picked":["Pommel Strike","Iron Wave"],"picked":"Inflame","floor":0.0},{"not_picked":["Havoc","Evolve"],"picked":"Shrug It Off","floor":0.0},{"not_picked":["Uppercut","Warcry"],"picked":"Cleave","floor":0.0},{"not_picked":["Body Slam","Cleave"],"picked":"Anger","floor":0.0},{"not_picked":["Cleave","True Grit"],"picked":"Spot Weakness","floor":0.0},{"not_picked":["Fire Breathing","Combust"],"picked":"Thunderclap","floor":0.0},{"not_picked":["Headbutt","Clothesline"],"picked":"Inflame","floor":0.0},{"not_picked":["Havoc","Armaments"],"picked":"True Grit","floor":0.0},{"not_picked":["Shrug It Off","Pommel Strike"],"picked":"Clash","floor":0.0},{"not_picked":["Cleave","Pommel Strike"],"picked":"Clash","floor":0.0},{"not_picked":["Warcry","Whirlwind"],"picked":"Headbutt","floor":1.0},{"not_picked":["Perfected Strike","Evolve"],"picked":"Anger","floor":4.0},{"not_picked":["Thunderclap","Dropkick","Metallicize"],"picked":"SKIP","floor":6.0},{"not_picked":["Fire Breathing","Armaments"],"picked":"Anger","floor":10.0},{"not_picked":["Armaments","Body Slam"],"picked":"Feed","floor":11.0},{"not_picked":["Sever Soul","Clash"],"picked":"Anger","floor":12.0},{"not_picked":["Burning Pact","Sentinel","Entrench"],"picked":"SKIP","floor":13.0},{"not_picked":["Impervious","Demon Form","Bludgeon"],"picked":"Reaper","floor":16.0},{"not_picked":["Armaments","Shrug It Off","Pommel Strike"],"picked":"Anger+1","floor":18.0},{"not_picked":["Combust+1","Clothesline+1","Armaments"],"picked":"Anger","floor":21.0},{"not_picked":["Havoc","Iron Wave","Pommel Strike"],"picked":"Thunderclap","floor":22.0},{"not_picked":["Body Slam","Clothesline+1","Feed"],"picked":"Rampage","floor":24.0},{"not_picked":["Clothesline","Warcry","Headbutt"],"picked":"Anger","floor":28},{"not_picked":["Wild Strike","Havoc","Rampage"],"picked":"Fire Breathing","floor":30},{"not_picked":["Impervious","Infernal Blade","Searing Blow"],"picked":"Heavy Blade","floor":31},{"not_picked":["Fiend Fire","Impervious","Demon Form"],"picked":"Double Tap","floor":33},{"not_picked":["Shrug It Off","Twin Strike+1","Sever Soul+1"],"picked":"Inflame","floor":35},{"not_picked":["Havoc","Searing Blow+1","Shrug It Off+1"],"picked":"Flex","floor":37},{"not_picked":["Ghostly Armor","Thunderclap","Evolve"],"picked":"Whirlwind+1","floor":38},{"not_picked":["Intimidate","Searing Blow","Armaments"],"picked":"Uppercut+1","floor":41},{"not_picked":["Heavy Blade","Warcry","Shrug It Off+1"],"picked":"Seeing Red+1","floor":44},{"not_picked":["Body Slam+1","Iron Wave+1","Heavy Blade"],"picked":"Flex","floor":45},{"not_picked":["Dark Embrace","Armaments","Twin Strike"],"picked":"Heavy Blade+1","floor":46},{"not_picked":["Clothesline+1","Sword Boomerang","Rampage+1"],"picked":"Infernal Blade","floor":47},{"not_picked":["Cleave+1","Entrench+1","Sword Boomerang+1"],"picked":"Pummel+1","floor":48}],"player_experience":90789,"relics_obtained":[{"floor":6.0,"key":"Torii"},{"floor":8.0,"key":"Champion Belt"},{"floor":9.0,"key":"Boot"},{"floor":12.0,"key":"Oddly Smooth Stone"},{"floor":26.0,"key":"Magic Flower"},{"floor":38,"key":"Pocketwatch"},{"floor":43,"key":"Centennial Puzzle"}],"event_choices":[{"damage_healed":0.0,"max_hp_gain":0.0,"max_hp_loss":0.0,"gold_gain":0.0,"event_name":"Living Wall","player_choice":"Grow","floor":2.0,"gold_loss":0.0,"damage_taken":0.0,"cards_upgraded":["Inflame"]},{"damage_healed":0.0,"max_hp_gain":0.0,"max_hp_loss":0.0,"gold_gain":72.0,"event_name":"Golden Wing","player_choice":"Gained Gold","floor":5.0,"gold_loss":0.0,"damage_taken":0.0},{"damage_healed":0.0,"max_hp_gain":0.0,"max_hp_loss":0.0,"gold_gain":0.0,"event_name":"Back to Basics","player_choice":"Simplicity","floor":19.0,"gold_loss":0.0,"damage_taken":0.0,"cards_upgraded":[]},{"damage_healed":0.0,"max_hp_gain":0.0,"max_hp_loss":0.0,"gold_gain":0.0,"event_name":"The Joust","player_choice":"Bet on Murderer","floor":20.0,"gold_loss":50.0,"damage_taken":0.0},{"damage_healed":0,"gold_gain":0,"player_choice":"Fight","damage_taken":0,"max_hp_gain":0,"max_hp_loss":0,"event_name":"Mysterious Sphere","floor":38,"gold_loss":0},{"damage_healed":0,"gold_gain":0,"player_choice":"Upgraded","damage_taken":0,"max_hp_gain":0,"max_hp_loss":0,"event_name":"Upgrade Shrine","floor":39,"gold_loss":0,"cards_upgraded":["Thunderclap"]}],"is_beta":true,"boss_relics":[{"not_picked":["Black Star","Lizard Tail"],"picked":"Philosopher\u0027s Stone"},{"not_picked":["Velvet Choker","Astrolabe"],"picked":"Mark of Pain"}],"items_purged_floors":[],"is_endless":false,"potions_floor_spawned":[4,11,16,24,28,31,35,38,41,46],"ascension_level":0}