{"gold_per_floor":[115,134,146,162,173,203,220,220,294,294,294,314,329,329,329,433,433,452,439,75,87,87],"floor_reached":22,"playtime":1393,"items_purged":[],"score":221,"play_id":"f7b860aa-d0e2-4a92-8749-0274cc9854c5","local_time":"20190704164528","is_ascension_mode":true,"campfire_choices":[{"data":"Pummel","floor":8,"key":"SMITH"},{"data":"Carnage","floor":10,"key":"SMITH"},{"floor":15,"key":"REST"}],"neow_cost":"NONE","seed_source_timestamp":1350737651765530,"circlet_count":0,"master_deck":["Strike_R","Strike_R","Strike_R","Strike_R","Defend_R","Defend_R","Defend_R","Defend_R","Bash","Evolve","Heavy Blade","Headbutt","Pummel+1","Shrug It Off","Entrench","Carnage+1","Inflame","Reaper","Seeing Red","Inflame","Dark Embrace","Havoc","True Grit","Feel No Pain","Pummel","Shrug It Off","Double Tap"],"relics":["Burning Blood","Oddly Smooth Stone","Kunai","Centennial Puzzle","Orrery","Sling"],"potions_floor_usage":[16,16,21,22],"damage_taken":[{"damage":6,"enemies":"Small Slimes","floor":1,"turns":4},{"damage":6,"enemies":"Cultist","floor":2,"turns":3},{"damage":7,"enemies":"Jaw Worm","floor":3,"turns":2},{"damage":2,"enemies":"Exordium Wildlife","floor":4,"turns":3},{"damage":17,"enemies":"Blue Slaver","floor":5,"turns":6},{"damage":54,"enemies":"Lagavulin","floor":6,"turns":8},{"damage":9,"enemies":"2 Fungi Beasts","floor":7,"turns":5},{"damage":1,"enemies":"Exordium Wildlife","floor":12,"turns":3},{"damage":15,"enemies":"Exordium Thugs","floor":13,"turns":4},{"damage":34,"enemies":"Hexaghost","floor":16,"turns":12},{"damage":43,"enemies":"3 Byrds","floor":18,"turns":7},{"damage":16,"enemies":"2 Thieves","floor":19,"turns":4},{"damage":44,"enemies":"Cultist and Chosen","floor":21,"turns":12},{"damage":29,"enemies":"3 Cultists","floor":22,"turns":4}],"seed_played":"-7160870727389091112","potions_obtained":[{"floor":3,"key":"LiquidBronze"},{"floor":4,"key":"Energy Potion"},{"floor":7,"key":"SkillPotion"},{"floor":16,"key":"Poison Potion"},{"floor":19,"key":"GamblersBrew"},{"floor":21,"key":"Fire Potion"}],"is_trial":false,"path_per_floor":["M","M","M","M","M","E","M","R","T","R","?","M","M","?","R","B",null,"M","M","$","M","M"],"character_chosen":"IRONCLAD","items_purchased":["Feel No Pain","Sling","Pummel","Shrug It Off"],"campfire_rested":1,"item_purchase_floors":[20,20,20,20],"current_hp_per_floor":[80,80,79,80,69,21,18,18,18,18,18,23,14,14,38,10,80,58,52,52,22,0],"gold":87,"neow_bonus":"TRANSFORM_CARD","is_prod":false,"is_daily":false,"chose_seed":false,"campfire_upgraded":2,"win_rate":0,"timestamp":1562283928,"path_taken":["M","M","M","M","M","E","M","R","T","R","?","M","M","?","R","BOSS","M","M","$","?","M"],"build_version":"2019-07-01","purchased_purges":0,"victory":false,"max_hp_per_floor":[80,80,80,80,80,80,80,80,80,80,80,80,80,80,80,80,80,80,80,80,80,80],"card_choices":[{"not_picked":["Evolve","Anger"],"picked":"Heavy Blade","floor":1},{"not_picked":["Heavy Blade","Sever Soul"],"picked":"Headbutt","floor":2},{"not_picked":["Flex","Clothesline"],"picked":"Pummel","floor":3},{"not_picked":["Armaments","Searing Blow"],"picked":"Shrug It Off","floor":4},{"not_picked":["Body Slam","Thunderclap"],"picked":"Entrench","floor":5},{"not_picked":["Warcry","Sword Boomerang"],"picked":"Carnage","floor":6},{"not_picked":["Flex","Wild Strike","Blood for Blood"],"picked":"SKIP","floor":7},{"not_picked":["True Grit","Whirlwind"],"picked":"Inflame","floor":12},{"not_picked":["Anger","Sword Boomerang","Rage"],"picked":"SKIP","floor":13},{"not_picked":["Immolate","Feed"],"picked":"Reaper","floor":16},{"not_picked":["Combust","Reckless Charge"],"picked":"Seeing Red","floor":17},{"not_picked":["Wild Strike","Seeing Red"],"picked":"Inflame","floor":17},{"not_picked":["Disarm","Body Slam"],"picked":"Dark Embrace","floor":17},{"not_picked":["Perfected Strike","Wild Strike"],"picked":"Havoc","floor":17},{"not_picked":["Heavy Blade","Perfected Strike+1"],"picked":"True Grit","floor":18},{"not_picked":["Anger","Reckless Charge+1","Sword Boomerang"],"picked":"SKIP","floor":19},{"not_picked":["Anger","Wild Strike+1"],"picked":"Double Tap","floor":21}],"player_experience":235204,"relics_obtained":[{"floor":6,"key":"Oddly Smooth Stone"},{"floor":9,"key":"Kunai"}],"event_choices":[{"damage_healed":0,"gold_gain":0,"player_choice":"Searched \u00271\u0027 times","damage_taken":0,"relics_obtained":["Centennial Puzzle"],"max_hp_gain":0,"max_hp_loss":0,"event_name":"Dead Adventurer","floor":11,"gold_loss":0},{"damage_healed":0,"gold_gain":0,"player_choice":"Bought 0 Potions","damage_taken":0,"max_hp_gain":0,"max_hp_loss":0,"event_name":"The Woman in Blue","floor":14,"gold_loss":0}],"is_beta":false,"boss_relics":[{"not_picked":["Lizard Tail","Tiny House"],"picked":"Orrery"}],"items_purged_floors":[],"is_endless":false,"potions_floor_spawned":[3,4,7,16,19,21],"killed_by":"3 Cultists","ascension_level":3}