{"gold_per_floor":[116,116,116,116,129,165,165,190,190,210,241,241,281,28,28,152,152,172,185,200,223,53,53,93,112,135,14,32,32],"floor_reached":29,"playtime":2707,"items_purged":["Strike_G","Strike_G"],"score":378,"play_id":"5820e058-701b-401e-bde9-3c2b2bd2143c","local_time":"20190711133356","is_ascension_mode":true,"campfire_choices":[{"data":"Footwork","floor":7.0,"key":"SMITH"},{"floor":15.0,"key":"REST"},{"data":"Night Terror","floor":23,"key":"SMITH"}],"neow_cost":"NONE","seed_source_timestamp":0,"circlet_count":0,"master_deck":["Strike_G","Defend_G","Defend_G","Defend_G","Defend_G","Defend_G","Survivor","Neutralize","Dagger Spray+1","Footwork+1","Leg Sweep","Well Laid Plans","PiercingWail","Dodge and Roll","Crippling Poison","Poisoned Stab","Night Terror+1","Dodge and Roll","Well Laid Plans","Noxious Fumes","Catalyst","Bane+1","Backflip+1","Dodge and Roll"],"special_seed":0,"relics":["Ring of the Snake","NeowsBlessing","Golden Idol","Darkstone Periapt","The Courier","Anchor","Paper Crane","Blue Candle","Oddly Smooth Stone","Empty Cage","Art of War","Ancient Tea Set","Bronze Scales"],"potions_floor_usage":[29],"damage_taken":[{"damage":0.0,"enemies":"Jaw Worm","floor":1.0,"turns":1.0},{"damage":0.0,"enemies":"2 Louse","floor":5.0,"turns":1.0},{"damage":0.0,"enemies":"3 Sentries","floor":6.0,"turns":1.0},{"damage":0.0,"enemies":"Cultist","floor":8.0,"turns":3.0},{"damage":0.0,"enemies":"Red Slaver","floor":10.0,"turns":5.0},{"damage":22.0,"enemies":"Lagavulin","floor":11.0,"turns":14.0},{"damage":26.0,"enemies":"Gremlin Nob","floor":13.0,"turns":7.0},{"damage":34.0,"enemies":"Slime Boss","floor":16.0,"turns":20.0},{"damage":8,"enemies":"Shell Parasite","floor":18,"turns":15},{"damage":13,"enemies":"Spheric Guardian","floor":19,"turns":9},{"damage":0,"enemies":"Shelled Parasite and Fungi","floor":20,"turns":16},{"damage":2,"enemies":"Centurion and Healer","floor":21,"turns":13},{"damage":32,"enemies":"Gremlin Leader","floor":24,"turns":7},{"damage":0,"enemies":"Snake Plant","floor":25,"turns":6},{"damage":0,"enemies":"Shelled Parasite and Fungi","floor":28,"turns":7},{"damage":15,"enemies":"Centurion and Healer","floor":29,"turns":7}],"seed_played":"3646621937954460399","potions_obtained":[{"floor":5.0,"key":"Swift Potion"},{"floor":8.0,"key":"Weak Potion"},{"floor":13.0,"key":"Regen Potion"},{"floor":24,"key":"SpeedPotion"},{"floor":28,"key":"SkillPotion"}],"is_trial":false,"path_per_floor":["M","?","$","?","M","E","R","M","T","M","E","?","E","$","R","B",null,"M","M","M","M","$","R","E","M","T","$","M","M"],"character_chosen":"THE_SILENT","items_purchased":["Oddly Smooth Stone","Crippling Poison","Poisoned Stab","Noxious Fumes","Catalyst","Bronze Scales"],"campfire_rested":1,"item_purchase_floors":[14,14,14,22,22,27],"current_hp_per_floor":[70,70,70,53,53,53,53,53,53,53,31,31,5,5,26,7,70,62,49,49,47,47,47,15,15,15,15,15,0],"gold":32,"neow_bonus":"THREE_ENEMY_KILL","is_prod":false,"is_daily":false,"chose_seed":false,"campfire_upgraded":2,"win_rate":0,"timestamp":1562866436,"path_taken":["M","?","$","?","?","E","R","M","T","M","E","?","E","?","R","BOSS","M","M","M","M","$","R","E","M","T","$","M","M"],"build_version":"2019-07-05","purchased_purges":2,"victory":false,"max_hp_per_floor":[70,70,70,70,70,70,70,70,70,70,70,70,70,70,70,70,70,70,70,70,70,70,70,70,70,70,70,70,70],"card_choices":[{"not_picked":["Bane","Outmaneuver"],"picked":"Dagger Spray","floor":1.0},{"not_picked":["Flechettes","Dodge and Roll"],"picked":"Footwork","floor":5.0},{"not_picked":["Prepared","Backflip","Terror"],"picked":"SKIP","floor":6.0},{"not_picked":["Quick Slash","Concentrate"],"picked":"Leg Sweep","floor":8.0},{"not_picked":["Dagger Spray","Storm of Steel"],"picked":"Well Laid Plans","floor":10.0},{"not_picked":["Masterful Stab","Well Laid Plans"],"picked":"PiercingWail","floor":11.0},{"not_picked":["Burst","Bouncing Flask"],"picked":"Dodge and Roll","floor":13.0},{"not_picked":["Adrenaline","Die Die Die"],"picked":"Night Terror","floor":16.0},{"not_picked":["Calculated Gamble","Cloak And Dagger+1","All Out Attack+1"],"picked":"SKIP","floor":18},{"not_picked":["Poisoned Stab","Masterful Stab"],"picked":"Dodge and Roll","floor":19},{"not_picked":["Terror","Flying Knee","Deadly Poison+1"],"picked":"SKIP","floor":20},{"not_picked":["Slice","Heel Hook"],"picked":"Well Laid Plans","floor":21},{"not_picked":["Quick Slash","Slice"],"picked":"Bane+1","floor":24},{"not_picked":["Cloak And Dagger+1","Quick Slash"],"picked":"Backflip+1","floor":25},{"not_picked":["Well Laid Plans","Deflect+1"],"picked":"Dodge and Roll","floor":28}],"player_experience":273567,"relics_obtained":[{"floor":6.0,"key":"Darkstone Periapt"},{"floor":9.0,"key":"The Courier"},{"floor":11.0,"key":"Anchor"},{"floor":13.0,"key":"Blue Candle"},{"floor":24,"key":"Art of War"},{"floor":26,"key":"Ancient Tea Set"}],"event_choices":[{"damage_healed":0.0,"max_hp_gain":0.0,"max_hp_loss":0.0,"gold_gain":0.0,"event_name":"Living Wall","player_choice":"Grow","floor":2.0,"gold_loss":0.0,"damage_taken":0.0,"cards_upgraded":["Dagger Spray"]},{"damage_healed":0.0,"max_hp_gain":0.0,"max_hp_loss":0.0,"gold_gain":0.0,"event_name":"Golden Idol","player_choice":"Take Damage","floor":4.0,"gold_loss":0.0,"damage_taken":17.0,"relics_obtained":["Golden Idol"]},{"damage_healed":0.0,"max_hp_gain":0.0,"max_hp_loss":0.0,"gold_gain":0.0,"event_name":"Dead Adventurer","player_choice":"Searched \u00271\u0027 times","floor":12.0,"gold_loss":0.0,"damage_taken":0.0,"relics_obtained":["Paper Crane"]}],"is_beta":false,"boss_relics":[{"not_picked":["Runic Dome","Lizard Tail"],"picked":"Empty Cage"}],"items_purged_floors":[14,22],"is_endless":false,"potions_floor_spawned":[5,8,13,24,28],"killed_by":"Centurion and Healer","ascension_level":4}