{"gold_per_floor":[116,116,130,148,113,113,126,158,158,488,393,423,35,46,46,124,124,143,155,155,173,17,17,29,29],"floor_reached":25,"playtime":1746,"items_purged":["Strike_G"],"score":532,"play_id":"a36105f4-caf0-4642-aa7e-95e4e47c9846","local_time":"20190624151147","is_ascension_mode":true,"campfire_choices":[{"data":"Neutralize","floor":6,"key":"SMITH"},{"data":"Well Laid Plans","floor":15,"key":"SMITH"},{"data":"Choke","floor":23,"key":"SMITH"}],"neow_cost":"NONE","seed_source_timestamp":342056462560033,"circlet_count":0,"master_deck":["AscendersBane","Defend_G","Defend_G","Defend_G","Defend_G","Defend_G","Strike_G","Strike_G","Strike_G","Strike_G","Survivor","Neutralize+1","PiercingWail","All Out Attack","Wraith Form v2+1","Choke+1","Dash","Sucker Punch","Well Laid Plans+1","Poisoned Stab","Sucker Punch","Corpse Explosion","Endless Agony","Deflect","Footwork"],"relics":["Ring of the Snake","Orichalcum","Bag of Preparation","Paper Crane","Old Coin","Gremlin Horn","Art of War","Pen Nib","Runic Pyramid"],"potions_floor_usage":[8,10],"damage_taken":[{"damage":11,"enemies":"Jaw Worm","floor":1,"turns":9},{"damage":2,"enemies":"Small Slimes","floor":3,"turns":5},{"damage":5,"enemies":"Cultist","floor":4,"turns":4},{"damage":8,"enemies":"Looter","floor":7,"turns":4},{"damage":0,"enemies":"Gremlin Nob","floor":8,"turns":5},{"damage":12,"enemies":"3 Sentries","floor":10,"turns":7},{"damage":0,"enemies":"Gremlin Nob","floor":12,"turns":6},{"damage":0,"enemies":"Exordium Thugs","floor":14,"turns":4},{"damage":21,"enemies":"The Guardian","floor":16,"turns":15},{"damage":0,"enemies":"3 Byrds","floor":18,"turns":3},{"damage":8,"enemies":"2 Thieves","floor":19,"turns":3},{"damage":3,"enemies":"Sentry and Sphere","floor":21,"turns":6},{"damage":7,"enemies":"Snecko","floor":24,"turns":6},{"damage":44,"enemies":"Book of Stabbing","floor":25,"turns":8}],"seed_played":"-2250758299670386246","potions_obtained":[{"floor":1,"key":"Strength Potion"},{"floor":3,"key":"SneckoOil"},{"floor":8,"key":"Strength Potion"},{"floor":14,"key":"Dexterity Potion"},{"floor":24,"key":"Regen Potion"}],"is_trial":false,"path_per_floor":["M","?","M","M","?","R","M","E","T","E","?","E","$","M","R","B",null,"M","M","?","M","$","R","M","E"],"character_chosen":"THE_SILENT","items_purchased":["Well Laid Plans","Pen Nib","Poisoned Stab","Footwork","Ancient Potion"],"campfire_rested":0,"item_purchase_floors":[13,13,13,22,22],"current_hp_per_floor":[48,53,51,46,63,63,55,55,55,43,43,43,43,43,43,22,59,59,51,51,48,48,48,41,0],"gold":29,"neow_bonus":"RANDOM_COMMON_RELIC","is_prod":false,"is_daily":false,"chose_seed":false,"campfire_upgraded":3,"win_rate":0,"timestamp":1561414307,"path_taken":["M","?","M","M","?","R","M","E","T","E","?","E","$","M","R","BOSS","M","?","?","M","?","R","?","E"],"build_version":"2019-01-23","purchased_purges":1,"victory":false,"max_hp_per_floor":[66,71,71,71,71,71,71,71,71,71,71,71,71,71,71,71,71,71,71,71,71,71,71,71,71],"card_choices":[{"not_picked":["Expertise","Cloak And Dagger"],"picked":"PiercingWail","floor":1},{"not_picked":["Acrobatics","Dagger Throw"],"picked":"All Out Attack","floor":3},{"not_picked":["Deflect","Caltrops","Prepared"],"picked":"SKIP","floor":4},{"not_picked":["Sucker Punch","Tactician"],"picked":"Wraith Form v2","floor":7},{"not_picked":["Prepared","Setup"],"picked":"Choke","floor":8},{"not_picked":["Calculated Gamble","Blade Dance"],"picked":"Dash","floor":10},{"not_picked":["Acrobatics","Flying Knee"],"picked":"Sucker Punch","floor":12},{"not_picked":["Flying Knee","Bane"],"picked":"Sucker Punch","floor":14},{"not_picked":["Storm of Steel","A Thousand Cuts"],"picked":"Corpse Explosion","floor":16},{"not_picked":["Cloak And Dagger+1","Acrobatics"],"picked":"Endless Agony","floor":18},{"not_picked":["Accuracy","Masterful Stab"],"picked":"Deflect","floor":19},{"not_picked":["Cloak And Dagger","Terror","Reflex"],"picked":"SKIP","floor":21},{"not_picked":["Dagger Spray+1","Bane","Underhanded Strike"],"picked":"SKIP","floor":24}],"player_experience":1302205,"relics_obtained":[{"floor":8,"key":"Bag of Preparation"},{"floor":9,"key":"Paper Crane"},{"floor":10,"key":"Old Coin"},{"floor":12,"key":"Art of War"}],"event_choices":[{"damage_healed":0,"gold_gain":0,"player_choice":"Donut","damage_taken":0,"max_hp_gain":5,"max_hp_loss":0,"event_name":"Big Fish","floor":2,"gold_loss":0},{"damage_healed":17,"gold_gain":0,"player_choice":"Healed","damage_taken":0,"max_hp_gain":0,"max_hp_loss":0,"event_name":"The Cleric","floor":5,"gold_loss":35},{"damage_healed":0,"gold_gain":0,"player_choice":"Paid Gold","damage_taken":0,"relics_obtained":["Gremlin Horn"],"max_hp_gain":0,"max_hp_loss":0,"event_name":"WeMeetAgain","floor":11,"gold_loss":95},{"damage_healed":0,"gold_gain":0,"player_choice":"Upgraded","damage_taken":0,"max_hp_gain":0,"max_hp_loss":0,"event_name":"Upgrade Shrine","floor":20,"gold_loss":0,"cards_upgraded":["Wraith Form v2"]}],"is_beta":false,"boss_relics":[{"not_picked":["Tiny House","Empty Cage"],"picked":"Runic Pyramid"}],"items_purged_floors":[13],"is_endless":false,"potions_floor_spawned":[1,3,8,14,16,24],"killed_by":"Book of Stabbing","ascension_level":19}