{"gold_per_floor":[109,34,34,34,54,54,89,100,155,185,135,135,135,152,152,257,307,323,323,342,342,342,342,146,181,204,235,255,274,74,94,94,94],"floor_reached":33,"playtime":2852,"items_purged":["Strike_G","Regret"],"score":350,"play_id":"8e05eb31-3f6d-4928-b09e-2643f5df594b","local_time":"20190708174007","is_ascension_mode":true,"campfire_choices":[{"data":"Acrobatics","floor":6,"key":"SMITH"},{"data":"Well Laid Plans","floor":12,"key":"SMITH"},{"data":"Footwork","floor":15,"key":"SMITH"},{"floor":23,"key":"REST"},{"floor":32,"key":"REST"}],"neow_cost":"NONE","seed_source_timestamp":283681695293201,"circlet_count":0,"master_deck":["Strike_G","Strike_G","Defend_G","Defend_G","Defend_G","Defend_G","Defend_G","Survivor","Neutralize+1","Acrobatics+1","Well Laid Plans+1","Backflip+1","Heel Hook","Footwork+1","Sucker Punch+1","Flechettes+1","After Image","Underhanded Strike+1","Distraction+1","Deflect","PiercingWail","Bandage Up","Tactician+1","Burst","Setup","Underhanded Strike+1","Outmaneuver","Dagger Throw+1","Flying Knee+1"],"relics":["Ring of the Snake","NeowsBlessing","Pen Nib","Bag of Preparation","Molten Egg 2","Blood Vial","Tiny House","Regal Pillow","Snake Skull","Boot"],"potions_floor_usage":[20,27,33,33],"damage_taken":[{"damage":0,"enemies":"Cultist","floor":1,"turns":1},{"damage":0,"enemies":"2 Louse","floor":5,"turns":1},{"damage":0,"enemies":"3 Sentries","floor":7,"turns":1},{"damage":0,"enemies":"Small Slimes","floor":8,"turns":5},{"damage":23,"enemies":"Lagavulin","floor":10,"turns":8},{"damage":7,"enemies":"2 Fungi Beasts","floor":14,"turns":3},{"damage":5,"enemies":"Slime Boss","floor":16,"turns":11},{"damage":28,"enemies":"Spheric Guardian","floor":18,"turns":6},{"damage":3,"enemies":"Shell Parasite","floor":20,"turns":3},{"damage":10,"enemies":"Book of Stabbing","floor":25,"turns":8},{"damage":7,"enemies":"Gremlin Leader","floor":27,"turns":6},{"damage":6,"enemies":"Chosen and Byrds","floor":28,"turns":9},{"damage":22,"enemies":"Centurion and Healer","floor":29,"turns":8},{"damage":33,"enemies":"Snecko","floor":31,"turns":8},{"damage":84,"enemies":"Collector","floor":33,"turns":7}],"seed_played":"8202444721408520152","potions_obtained":[{"floor":5,"key":"Energy Potion"},{"floor":7,"key":"Dexterity Potion"},{"floor":14,"key":"SmokeBomb"},{"floor":18,"key":"Regen Potion"},{"floor":20,"key":"LiquidBronze"},{"floor":29,"key":"Swift Potion"}],"is_trial":false,"path_per_floor":["M","$","?","?","M","R","E","M","T","E","?","R","?","M","R","B",null,"M","?","M","?","?","R","$","E","T","E","M","M","$","M","R","B"],"character_chosen":"THE_SILENT","items_purchased":["Well Laid Plans","PiercingWail","Bandage Up","Outmaneuver","Dagger Throw+1"],"campfire_rested":2,"item_purchase_floors":[2,24,24,30,30],"current_hp_per_floor":[70,70,63,63,63,63,63,63,63,40,40,40,40,35,35,32,75,47,47,51,37,37,76,76,72,72,71,71,55,55,28,67,0],"gold":94,"neow_bonus":"THREE_ENEMY_KILL","is_prod":false,"is_daily":false,"chose_seed":false,"campfire_upgraded":3,"win_rate":0,"timestamp":1562622007,"path_taken":["M","$","?","?","M","R","E","M","T","E","?","R","?","M","R","BOSS","M","?","M","?","?","R","?","E","T","E","M","M","$","?","R","BOSS"],"build_version":"2019-07-05","purchased_purges":2,"victory":false,"max_hp_per_floor":[70,70,70,70,70,70,70,70,70,70,70,70,70,70,70,70,75,75,75,75,80,80,80,80,80,80,80,80,80,80,80,80,80],"card_choices":[{"not_picked":["Blade Dance","Deflect"],"picked":"Acrobatics","floor":1},{"not_picked":["Prepared","Endless Agony"],"picked":"Backflip","floor":5},{"not_picked":["Reflex","Expertise"],"picked":"Heel Hook","floor":7},{"not_picked":["Bane","Expertise"],"picked":"Footwork","floor":8},{"not_picked":["Unload","Backflip"],"picked":"Sucker Punch","floor":10},{"not_picked":["Acrobatics","Poisoned Stab+1"],"picked":"Flechettes+1","floor":14},{"not_picked":["Bullet Time","Storm of Steel"],"picked":"After Image","floor":16},{"not_picked":["Poisoned Stab+1","Bane+1"],"picked":"Underhanded Strike+1","floor":17},{"not_picked":["Expertise","Slice+1"],"picked":"Distraction+1","floor":18},{"not_picked":["Deadly Poison+1","Sucker Punch+1"],"picked":"Deflect","floor":20},{"not_picked":["Reflex","PiercingWail"],"picked":"Tactician+1","floor":25},{"not_picked":["Choke+1","Adrenaline"],"picked":"Burst","floor":27},{"not_picked":["Dash+1","Escape Plan+1"],"picked":"Setup","floor":28},{"not_picked":["Dodge and Roll+1","Outmaneuver"],"picked":"Underhanded Strike+1","floor":29},{"not_picked":["Dodge and Roll","Sucker Punch+1"],"picked":"Flying Knee+1","floor":31}],"player_experience":208849,"relics_obtained":[{"floor":7,"key":"Pen Nib"},{"floor":9,"key":"Bag of Preparation"},{"floor":10,"key":"Molten Egg 2"},{"floor":25,"key":"Snake Skull"},{"floor":27,"key":"Boot"}],"event_choices":[{"cards_removed":["Strike_G"],"damage_healed":0,"gold_gain":0,"player_choice":"Card Removal","damage_taken":7,"max_hp_gain":0,"max_hp_loss":0,"event_name":"Golden Wing","floor":3,"gold_loss":0},{"damage_healed":0,"gold_gain":0,"player_choice":"Grow","damage_taken":0,"max_hp_gain":0,"max_hp_loss":0,"event_name":"Living Wall","floor":4,"gold_loss":0,"cards_upgraded":["Neutralize"]},{"cards_removed":["Strike_G"],"damage_healed":0,"gold_gain":0,"player_choice":"Card Removal","damage_taken":0,"max_hp_gain":0,"max_hp_loss":0,"event_name":"The Cleric","floor":11,"gold_loss":50},{"damage_healed":0,"gold_gain":0,"player_choice":"Box","damage_taken":0,"relics_obtained":["Blood Vial"],"max_hp_gain":0,"max_hp_loss":0,"event_name":"Big Fish","floor":13,"gold_loss":0,"cards_obtained":["Regret"]},{"damage_healed":0,"gold_gain":0,"player_choice":"Opened","damage_taken":0,"relics_obtained":["Regal Pillow"],"max_hp_gain":0,"max_hp_loss":0,"event_name":"The Mausoleum","floor":19,"gold_loss":0},{"damage_healed":0,"gold_gain":0,"player_choice":"Shed Blood","damage_taken":19,"max_hp_gain":5,"max_hp_loss":0,"event_name":"Forgotten Altar","floor":21,"gold_loss":0},{"damage_healed":0,"gold_gain":0,"player_choice":"Ignored","damage_taken":0,"max_hp_gain":0,"max_hp_loss":0,"event_name":"Vampires","floor":22,"gold_loss":0}],"is_beta":false,"boss_relics":[{"not_picked":["Velvet Choker","Coffee Dripper"],"picked":"Tiny House"}],"items_purged_floors":[24,30],"is_endless":false,"potions_floor_spawned":[5,7,14,18,20,29],"killed_by":"Collector","ascension_level":2}