{"gold_per_floor":[114,126,138,9,25,25,51,110,134,148,158,158,176,187,187,285,285,285,285,285,285,36,36,36,36,36,36,36,36,36,36,36,36,36,36,36,36,36,36,36,36,36,36,36,36,36,36,36,36],"floor_reached":49,"playtime":5650,"items_purged":["Defend_R","Decay"],"score":541,"play_id":"8ca215b4-c65c-4423-b394-a36d03acbd04","local_time":"20190402173036","is_ascension_mode":true,"campfire_choices":[{"floor":6.0,"key":"REST"},{"data":"Flex","floor":12.0,"key":"SMITH"},{"data":"Flex","floor":15.0,"key":"SMITH"},{"data":"Rage","floor":25.0,"key":"SMITH"},{"floor":32,"key":"RECALL"},{"data":"Double Tap","floor":40,"key":"SMITH"},{"floor":42,"key":"REST"}],"neow_cost":"NONE","seed_source_timestamp":0,"circlet_count":0,"master_deck":["Strike_R+1","Strike_R+1","Strike_R+1","Strike_R+1","Strike_R+1","Defend_R+1","Defend_R+1","Bash","Clash","Iron Wave","Heavy Blade","Flex+1","Flex+1","Rage+1","Blood for Blood","Thunderclap","Immolate","Rage","Headbutt","Double Tap+1","Pommel Strike+1","Reaper","Rampage+1"],"special_seed":0,"relics":["Burning Blood","Happy Flower","Juzu Bracelet","Orichalcum","Blood Vial","Ectoplasm","Red Skull","Dream Catcher","Omamori","Cursed Key","StoneCalendar","Thread and Needle","Centennial Puzzle","Smiling Mask"],"potions_floor_usage":[33,33,33,38,41,45,46],"damage_taken":[{"damage":4.0,"enemies":"2 Louse","floor":1.0,"turns":4.0},{"damage":0.0,"enemies":"Small Slimes","floor":2.0,"turns":3.0},{"damage":15.0,"enemies":"Jaw Worm","floor":3.0,"turns":4.0},{"damage":28.0,"enemies":"Gremlin Gang","floor":5.0,"turns":5.0},{"damage":17.0,"enemies":"3 Sentries","floor":7.0,"turns":6.0},{"damage":24.0,"enemies":"Lagavulin Event","floor":8.0,"turns":5.0},{"damage":8.0,"enemies":"3 Louse","floor":10.0,"turns":3.0},{"damage":0.0,"enemies":"Large Slime","floor":11.0,"turns":3.0},{"damage":4.0,"enemies":"Looter","floor":13.0,"turns":3.0},{"damage":0.0,"enemies":"3 Louse","floor":14.0,"turns":3.0},{"damage":15.0,"enemies":"Slime Boss","floor":16.0,"turns":9.0},{"damage":5.0,"enemies":"Chosen","floor":18.0,"turns":4.0},{"damage":2.0,"enemies":"Spheric Guardian","floor":20.0,"turns":3.0},{"damage":11.0,"enemies":"Gremlin Leader","floor":23.0,"turns":5.0},{"damage":9.0,"enemies":"3 Cultists","floor":24.0,"turns":5.0},{"damage":0.0,"enemies":"Colosseum Slavers","floor":27.0,"turns":1.0},{"damage":7.0,"enemies":"Snecko","floor":28.0,"turns":4.0},{"damage":3.0,"enemies":"Shelled Parasite and Fungi","floor":29.0,"turns":4.0},{"damage":25,"enemies":"Book of Stabbing","floor":30,"turns":5},{"damage":0,"enemies":"Cultist and Chosen","floor":31,"turns":3},{"damage":20,"enemies":"Automaton","floor":33,"turns":8},{"damage":16,"enemies":"3 Darklings","floor":35,"turns":5},{"damage":4,"enemies":"Orb Walker","floor":36,"turns":3},{"damage":17,"enemies":"2 Orb Walkers","floor":38,"turns":2},{"damage":17,"enemies":"Mind Bloom Boss Battle","floor":39,"turns":6},{"damage":52,"enemies":"Nemesis","floor":41,"turns":7},{"damage":18,"enemies":"Maw","floor":44,"turns":5},{"damage":15,"enemies":"Jaw Worm Horde","floor":45,"turns":2},{"damage":9,"enemies":"Writhing Mass","floor":46,"turns":4},{"damage":10,"enemies":"Sphere and 2 Shapes","floor":47,"turns":3},{"damage":74,"enemies":"Awakened One","floor":49,"turns":10}],"seed_played":"6285402381658590840","potions_obtained":[{"floor":1.0,"key":"Poison Potion"},{"floor":2.0,"key":"EntropicBrew"},{"floor":8.0,"key":"LiquidBronze"},{"floor":11.0,"key":"Dexterity Potion"},{"floor":14.0,"key":"Dexterity Potion"},{"floor":29,"key":"Energy Potion"},{"floor":30,"key":"PowerPotion"},{"floor":31,"key":"Regen Potion"},{"floor":35,"key":"Strength Potion"},{"floor":38,"key":"LiquidBronze"},{"floor":39,"key":"FearPotion"},{"floor":41,"key":"Explosive Potion"}],"is_trial":false,"path_per_floor":["M","M","M","$","M","R","E","?","T","M","M","R","M","M","R","B",null,"M","?","M","?","$","E","M","R","T","?","M","M","E","M","R","B",null,"M","M","?","?","?","R","E","R","T","M","M","M","M","?","B"],"character_chosen":"IRONCLAD","items_purchased":["Flex","Red Skull"],"campfire_rested":2,"item_purchase_floors":[4,22],"current_hp_per_floor":[80,80,71,71,49,73,62,44,44,44,52,52,56,64,64,57,80,80,80,80,80,80,75,74,74,74,80,79,80,61,69,69,66,80,70,74,74,65,56,56,12,36,36,26,52,51,62,62,0],"gold":36,"neow_bonus":"RANDOM_COMMON_RELIC","is_prod":false,"is_daily":false,"chose_seed":false,"campfire_upgraded":4,"win_rate":0,"timestamp":1554251436,"path_taken":["M","M","M","$","M","R","E","?","T","M","M","R","M","M","R","BOSS","M","?","M","?","$","E","M","R","T","?","M","M","E","M","R","BOSS","M","M","?","?","?","R","E","R","T","M","M","M","M","?","BOSS"],"build_version":"2019-01-23","purchased_purges":2,"victory":false,"max_hp_per_floor":[80,80,80,80,80,80,80,80,80,80,80,80,80,80,80,80,80,80,80,80,80,80,80,80,80,80,80,80,80,80,80,80,80,80,80,80,80,80,80,80,80,80,80,80,80,80,80,80,80],"card_choices":[{"not_picked":["Carnage","Cleave"],"picked":"Clash","floor":1.0},{"not_picked":["Corruption","Sever Soul"],"picked":"Iron Wave","floor":2.0},{"not_picked":["Sever Soul","Armaments"],"picked":"Heavy Blade","floor":3.0},{"not_picked":["Rage","Searing Blow"],"picked":"Flex","floor":5.0},{"not_picked":["Warcry","Battle Trance"],"picked":"Rage","floor":7.0},{"not_picked":["Intimidate","Shrug It Off"],"picked":"Blood for Blood","floor":8.0},{"not_picked":["True Grit","Anger"],"picked":"Thunderclap","floor":10.0},{"not_picked":["Ghostly Armor","Armaments","Anger"],"picked":"SKIP","floor":11.0},{"not_picked":["Clothesline","Reckless Charge","Perfected Strike"],"picked":"SKIP","floor":13.0},{"not_picked":["Havoc","Pummel","Ghostly Armor"],"picked":"SKIP","floor":14.0},{"not_picked":["Brutality","Limit Break"],"picked":"Immolate","floor":16.0},{"not_picked":["Dual Wield","Battle Trance","Seeing Red"],"picked":"SKIP","floor":18.0},{"not_picked":["Heavy Blade","Perfected Strike","Sentinel"],"picked":"SKIP","floor":20.0},{"not_picked":["Shrug It Off","Thunderclap","Iron Wave+1"],"picked":"SKIP","floor":23.0},{"not_picked":["Disarm+1","Armaments","Flex"],"picked":"SKIP","floor":24.0},{"not_picked":["Bloodletting","Spot Weakness"],"picked":"Rage","floor":28.0},{"not_picked":["Shrug It Off","Entrench","Reaper"],"picked":"SKIP","floor":29},{"not_picked":["Body Slam","Rage"],"picked":"Headbutt","floor":30},{"not_picked":["Warcry","Cleave","Havoc"],"picked":"SKIP","floor":31},{"not_picked":["Dark Embrace","Offering"],"picked":"Double Tap","floor":33},{"not_picked":["Headbutt","Rupture+1","Heavy Blade+1"],"picked":"SKIP","floor":35},{"not_picked":["Headbutt","Flex"],"picked":"Pommel Strike+1","floor":36},{"not_picked":["Cleave","Thunderclap+1","Combust"],"picked":"SKIP","floor":41},{"not_picked":["Shrug It Off","Entrench+1"],"picked":"Reaper","floor":44},{"not_picked":["Warcry+1","Seeing Red","Wild Strike"],"picked":"SKIP","floor":45},{"not_picked":["Twin Strike+1","Wild Strike","Fire Breathing"],"picked":"SKIP","floor":46},{"not_picked":["Infernal Blade","Shrug It Off+1"],"picked":"Rampage+1","floor":47}],"player_experience":401365,"relics_obtained":[{"floor":7.0,"key":"Juzu Bracelet"},{"floor":8.0,"key":"Orichalcum"},{"floor":9.0,"key":"Blood Vial"},{"floor":23.0,"key":"Dream Catcher"},{"floor":30,"key":"Omamori"},{"floor":38,"key":"StoneCalendar"},{"floor":39,"key":"Thread and Needle"},{"floor":41,"key":"Centennial Puzzle"},{"floor":43,"key":"Smiling Mask"}],"event_choices":[{"damage_healed":0.0,"max_hp_gain":0.0,"max_hp_loss":0.0,"gold_gain":0.0,"event_name":"Dead Adventurer","player_choice":"Searched \u00271\u0027 times","floor":8.0,"gold_loss":0.0,"damage_taken":0.0},{"damage_healed":0.0,"max_hp_gain":0.0,"max_hp_loss":0.0,"gold_gain":0.0,"event_name":"Back to Basics","player_choice":"Simplicity","floor":19.0,"gold_loss":0.0,"damage_taken":0.0,"cards_upgraded":["Strike_R","Strike_R","Strike_R","Strike_R","Strike_R","Defend_R","Defend_R","Defend_R"]},{"damage_healed":0.0,"max_hp_gain":0.0,"max_hp_loss":0.0,"gold_gain":0.0,"event_name":"Forgotten Altar","player_choice":"Smashed Altar","floor":21.0,"gold_loss":0.0,"damage_taken":0.0,"cards_obtained":["Decay"]},{"damage_healed":0.0,"max_hp_gain":0.0,"max_hp_loss":0.0,"gold_gain":0.0,"event_name":"Colosseum","player_choice":"Fight","floor":27.0,"gold_loss":0.0,"damage_taken":0.0},{"damage_healed":0.0,"max_hp_gain":0.0,"max_hp_loss":0.0,"gold_gain":0.0,"event_name":"Colosseum","player_choice":"Fled From Nobs","floor":27.0,"gold_loss":0.0,"damage_taken":0.0},{"cards_removed":["Defend_R"],"damage_healed":0,"gold_gain":0,"player_choice":"Removed Skill","damage_taken":0,"max_hp_gain":0,"max_hp_loss":0,"event_name":"Falling","floor":37,"gold_loss":0},{"damage_healed":0,"gold_gain":0,"player_choice":"Fight","damage_taken":0,"max_hp_gain":0,"max_hp_loss":0,"event_name":"Mysterious Sphere","floor":38,"gold_loss":0},{"damage_healed":0,"gold_gain":0,"player_choice":"Fight","damage_taken":0,"max_hp_gain":0,"max_hp_loss":0,"event_name":"MindBloom","floor":39,"gold_loss":0},{"damage_healed":0,"gold_gain":0,"player_choice":"Took Portal","damage_taken":0,"max_hp_gain":0,"max_hp_loss":0,"event_name":"SecretPortal","floor":48,"gold_loss":0}],"is_beta":false,"boss_relics":[{"not_picked":["Coffee Dripper","Fusion Hammer"],"picked":"Ectoplasm"},{"not_picked":["Runic Cube","Velvet Choker"],"picked":"Cursed Key"}],"items_purged_floors":[4,22],"is_endless":false,"potions_floor_spawned":[1,2,8,11,14,29,30,31,35,38,39,41],"killed_by":"Awakened One","ascension_level":1}