{"gold_per_floor":[143,161,175,190,190,190,222,222,247,278,290,333,365,408,420,503,515,537,459,25,25,43,58,77,102,102,130,130,164,164,164,164,235,235,249,261,275,330,124,155,155,182,205,3,3,21,21,35,35,35],"floor_reached":50,"playtime":5245,"items_purged":["Strike_B"],"score":1071,"play_id":"c9b3941c-4ca7-4c3d-a816-6abc59654fe9","local_time":"20190626130542","is_ascension_mode":true,"campfire_choices":[{"data":"Lockon","floor":6.0,"key":"SMITH"},{"data":"Zap","floor":8.0,"key":"SMITH"},{"data":"Biased Cognition","floor":15.0,"key":"SMITH"},{"data":"Redo","floor":28,"key":"SMITH"},{"data":"Capacitor","floor":30,"key":"SMITH"},{"data":"Barrage","floor":32,"key":"SMITH"},{"data":"Coolheaded","floor":41,"key":"SMITH"},{"data":"Fission","floor":47,"key":"SMITH"},{"floor":49,"key":"RECALL"}],"neow_cost":"NONE","seed_source_timestamp":0,"circlet_count":0,"master_deck":["AscendersBane","Strike_B","Strike_B","Defend_B","Defend_B","Defend_B+1","Zap+1","Dualcast","Lockon+1","Glacier","Compile Driver","Capacitor+1","Barrage+1","Biased Cognition+1","Doom and Gloom","Barrage+1","Multi-Cast+1","Coolheaded+1","Master of Strategy","Sweeping Beam","Undo","Coolheaded+1","Steam","Darkness+1","Redo+1","Fission+1","Redo","Compile Driver","Reinforced Body+1","Echo Form","Parasite"],"special_seed":0,"relics":["Cracked Core","Tiny Chest","DataDisk","MawBank","Happy Flower","Gambling Chip","Coffee Dripper","Lee\u0027s Waffle","Centennial Puzzle","Meat on the Bone","Blood Vial","Du-Vu Doll","Sozu","Ice Cream","Medical Kit","War Paint","Gremlin Horn","Chemical X"],"potions_floor_usage":[25,29,33,38],"damage_taken":[{"damage":3.0,"enemies":"2 Louse","floor":1.0,"turns":3.0},{"damage":1.0,"enemies":"Cultist","floor":2.0,"turns":3.0},{"damage":0.0,"enemies":"Small Slimes","floor":3.0,"turns":3.0},{"damage":0.0,"enemies":"Looter","floor":4.0,"turns":3.0},{"damage":14.0,"enemies":"3 Sentries","floor":7.0,"turns":10.0},{"damage":4.0,"enemies":"Exordium Thugs","floor":10.0,"turns":5.0},{"damage":5.0,"enemies":"Lagavulin","floor":12.0,"turns":7.0},{"damage":13.0,"enemies":"Large Slime","floor":13.0,"turns":3.0},{"damage":0.0,"enemies":"Gremlin Nob","floor":14.0,"turns":2.0},{"damage":4.0,"enemies":"Hexaghost","floor":16.0,"turns":8.0},{"damage":11.0,"enemies":"Shell Parasite","floor":18.0,"turns":4.0},{"damage":8.0,"enemies":"2 Thieves","floor":22.0,"turns":3.0},{"damage":2,"enemies":"Centurion and Healer","floor":23,"turns":6},{"damage":0,"enemies":"3 Cultists","floor":24,"turns":4},{"damage":28,"enemies":"Gremlin Leader","floor":25,"turns":4},{"damage":21,"enemies":"Slavers","floor":27,"turns":7},{"damage":0,"enemies":"Book of Stabbing","floor":29,"turns":4},{"damage":16,"enemies":"Automaton","floor":33,"turns":7},{"damage":0,"enemies":"Orb Walker","floor":35,"turns":3},{"damage":0,"enemies":"3 Shapes","floor":36,"turns":6},{"damage":15,"enemies":"3 Darklings","floor":37,"turns":4},{"damage":27,"enemies":"2 Orb Walkers","floor":38,"turns":3},{"damage":1,"enemies":"Giant Head","floor":40,"turns":7},{"damage":9,"enemies":"Nemesis","floor":42,"turns":7},{"damage":5,"enemies":"Transient","floor":46,"turns":5},{"damage":0,"enemies":"Writhing Mass","floor":48,"turns":5},{"damage":62,"enemies":"Time Eater","floor":50,"turns":6}],"seed_played":"-7742632650316602712","potions_obtained":[{"floor":1.0,"key":"GamblersBrew"},{"floor":2.0,"key":"Weak Potion"},{"floor":10.0,"key":"EssenceOfSteel"},{"floor":13.0,"key":"SkillPotion"},{"floor":14.0,"key":"SkillPotion"},{"floor":23,"key":"SkillPotion"},{"floor":27,"key":"LiquidBronze"},{"floor":29,"key":"SkillPotion"}],"is_trial":false,"path_per_floor":["M","M","M","M","?","R","E","R","T","M","?","E","M","E","R","B",null,"M","?","$","?","M","M","M","E","T","E","R","E","R","?","R","B",null,"M","M","M","?","$","E","R","E","T","$","?","M","R","M","R","B"],"character_chosen":"DEFECT","items_purchased":["Master of Strategy","Lee\u0027s Waffle","Medical Kit","Chemical X"],"campfire_rested":0,"item_purchase_floors":[20,20,39,44],"current_hp_per_floor":[61,60,60,60,53,53,39,39,39,35,35,30,17,17,17,13,57,46,46,78,78,70,68,68,40,40,31,31,45,45,78,78,62,74,76,78,63,50,50,51,51,44,44,44,44,41,41,43,43,0],"gold":35,"neow_bonus":"RANDOM_COMMON_RELIC","is_prod":false,"is_daily":false,"chose_seed":false,"campfire_upgraded":8,"win_rate":0,"timestamp":1561579542,"path_taken":["M","M","M","M","?","R","E","R","T","?","?","E","M","E","R","BOSS","M","?","?","?","M","?","M","E","T","E","R","E","R","?","R","BOSS","M","?","M","?","$","E","R","E","T","?","?","M","R","M","R","BOSS"],"build_version":"2019-01-23","purchased_purges":1,"victory":false,"max_hp_per_floor":[71,71,71,71,71,71,71,71,71,71,71,71,71,71,71,71,71,71,71,78,78,78,78,78,78,78,78,78,78,78,78,78,78,78,78,78,78,78,78,78,78,78,78,78,78,78,78,78,78,78],"card_choices":[{"not_picked":["Heatsinks","Self Repair"],"picked":"Lockon","floor":1.0},{"not_picked":["Fusion","Stack"],"picked":"Glacier","floor":2.0},{"not_picked":["Static Discharge","Cold Snap"],"picked":"Compile Driver","floor":3.0},{"not_picked":["White Noise","Static Discharge","Coolheaded"],"picked":"SKIP","floor":4.0},{"not_picked":["Storm","Creative AI"],"picked":"Capacitor","floor":7.0},{"not_picked":["Aggregate","Hologram"],"picked":"Barrage","floor":10.0},{"not_picked":["Chaos","Leap"],"picked":"Biased Cognition","floor":12.0},{"not_picked":["Gash","Sweeping Beam"],"picked":"Doom and Gloom","floor":13.0},{"not_picked":["Double Energy","Reprogram"],"picked":"Barrage","floor":14.0},{"not_picked":["Machine Learning","Amplify"],"picked":"Multi-Cast","floor":16.0},{"not_picked":["Cold Snap","Beam Cell"],"picked":"Coolheaded","floor":18.0},{"not_picked":["Leap+1","Reprogram"],"picked":"Coolheaded","floor":22},{"not_picked":["Leap","Consume"],"picked":"Steam","floor":23},{"not_picked":["Force Field","Conserve Battery+1"],"picked":"Darkness+1","floor":24},{"not_picked":["Thunder Strike","Tempest","White Noise"],"picked":"SKIP","floor":25},{"not_picked":["Machine Learning","Sweeping Beam"],"picked":"Redo","floor":27},{"not_picked":["Stack","Chill","Double Energy"],"picked":"SKIP","floor":29},{"not_picked":["Creative AI","Hyperbeam"],"picked":"Fission","floor":33},{"not_picked":["Beam Cell","Ball Lightning"],"picked":"Redo","floor":35},{"not_picked":["Steam","Consume"],"picked":"Compile Driver","floor":36},{"not_picked":["Beam Cell","Ball Lightning","Barrage"],"picked":"SKIP","floor":37},{"not_picked":["Sunder","Steam+1"],"picked":"Reinforced Body+1","floor":40},{"not_picked":["Compile Driver","Gash","Conserve Battery+1"],"picked":"SKIP","floor":42},{"not_picked":["Beam Cell","Ball Lightning"],"picked":"Echo Form","floor":46},{"not_picked":["Gash","Doom and Gloom","Sweeping Beam+1"],"picked":"SKIP","floor":48}],"player_experience":1348256,"relics_obtained":[{"floor":7.0,"key":"DataDisk"},{"floor":9.0,"key":"MawBank"},{"floor":12.0,"key":"Happy Flower"},{"floor":14.0,"key":"Gambling Chip"},{"floor":25,"key":"Centennial Puzzle"},{"floor":26,"key":"Meat on the Bone"},{"floor":27,"key":"Blood Vial"},{"floor":29,"key":"Du-Vu Doll"},{"floor":38,"key":"Ice Cream"},{"floor":40,"key":"War Paint"},{"floor":42,"key":"Gremlin Horn"}],"event_choices":[{"damage_healed":0.0,"max_hp_gain":0.0,"max_hp_loss":0.0,"gold_gain":0.0,"event_name":"Wheel of Change","player_choice":"Damaged","floor":5.0,"gold_loss":0.0,"damage_taken":7.0},{"damage_healed":0.0,"max_hp_gain":0.0,"max_hp_loss":0.0,"gold_gain":0.0,"event_name":"Living Wall","player_choice":"Grow","floor":11.0,"gold_loss":0.0,"damage_taken":0.0,"cards_upgraded":["Barrage"]},{"cards_removed":["Strike_B"],"damage_healed":0.0,"max_hp_gain":0.0,"max_hp_loss":0.0,"gold_gain":0.0,"event_name":"Designer","player_choice":"Upgrade and Remove","floor":19.0,"gold_loss":90.0,"damage_taken":0.0,"cards_upgraded":["Multi-Cast"]},{"damage_healed":0.0,"max_hp_gain":0.0,"max_hp_loss":0.0,"gold_gain":0.0,"event_name":"Match and Keep!","player_choice":"2 cards matched","floor":21.0,"gold_loss":0.0,"damage_taken":0.0,"cards_obtained":["Sweeping Beam","Undo"]},{"damage_healed":33,"gold_gain":0,"player_choice":"Full Heal","damage_taken":0,"max_hp_gain":0,"max_hp_loss":0,"event_name":"Wheel of Change","floor":31,"gold_loss":0},{"damage_healed":0,"gold_gain":0,"player_choice":"Fight","damage_taken":0,"max_hp_gain":0,"max_hp_loss":0,"event_name":"Mysterious Sphere","floor":38,"gold_loss":0},{"cards_removed":["Defend_B"],"damage_healed":0,"gold_gain":0,"player_choice":"Removed Skill","damage_taken":0,"max_hp_gain":0,"max_hp_loss":0,"event_name":"Falling","floor":45,"gold_loss":0}],"is_beta":false,"boss_relics":[{"not_picked":["Ectoplasm","White Beast Statue"],"picked":"Coffee Dripper"},{"not_picked":["Velvet Choker","Astrolabe"],"picked":"Sozu"}],"items_purged_floors":[20],"is_endless":false,"potions_floor_spawned":[1,2,7,10,13,14,18,23,27,29,36,37,38,42,48],"killed_by":"Time Eater","ascension_level":14}