{"gold_per_floor":[112,124,124,124,141,174,128,128,128,128,139,157,177,210,210,315,315,335,335,368,92,104,104],"floor_reached":23,"playtime":3431,"items_purged":[],"score":201,"play_id":"c29b026b-b545-462b-87b7-0c26b0fea9e0","local_time":"20190701112636","is_ascension_mode":false,"campfire_choices":[{"floor":10,"key":"REST"},{"floor":15,"key":"REST"}],"neow_cost":"NONE","seed_source_timestamp":1134602576468562,"circlet_count":0,"master_deck":["Defend_G","Defend_G+1","Defend_G","Defend_G","Defend_G","Strike_G","Strike_G+1","Strike_G","Strike_G","Strike_G","Survivor","Neutralize","Expertise","Dodge and Roll","Dagger Spray","Skewer","Backflip","Poisoned Stab","Noxious Fumes","Heel Hook","Burst","Noxious Fumes","Writhe","Riddle With Holes+1","Deadly Poison","Poisoned Stab"],"relics":["Ring of the Snake","Blue Candle","Ninja Scroll","Ornamental Fan","Juzu Bracelet","Fusion Hammer","Dream Catcher","Red Mask","Matryoshka"],"potions_floor_usage":[0,16,16,20],"damage_taken":[{"damage":2,"enemies":"Jaw Worm","floor":1,"turns":6},{"damage":6,"enemies":"2 Louse","floor":2,"turns":4},{"damage":7,"enemies":"Cultist","floor":5,"turns":7},{"damage":27,"enemies":"3 Sentries","floor":6,"turns":9},{"damage":2,"enemies":"Looter","floor":11,"turns":3},{"damage":0,"enemies":"Blue Slaver","floor":12,"turns":2},{"damage":0,"enemies":"Large Slime","floor":13,"turns":4},{"damage":24,"enemies":"Gremlin Nob","floor":14,"turns":4},{"damage":5,"enemies":"The Guardian","floor":16,"turns":13},{"damage":0,"enemies":"3 Byrds","floor":18,"turns":5},{"damage":26,"enemies":"Masked Bandits","floor":20,"turns":5},{"damage":12,"enemies":"2 Thieves","floor":22,"turns":5},{"damage":42,"enemies":"Book of Stabbing","floor":23,"turns":5}],"seed_played":"-6447881138176032930","potions_obtained":[{"floor":0,"key":"SpeedPotion"},{"floor":0,"key":"Fruit Juice"},{"floor":0,"key":"AttackPotion"},{"floor":2,"key":"GhostInAJar"},{"floor":16,"key":"GamblersBrew"},{"floor":18,"key":"Block Potion"},{"floor":20,"key":"SpeedPotion"}],"is_trial":false,"path_per_floor":["M","M","?","?","M","E","$","?","T","R","M","M","M","E","R","B",null,"M","?","?","$","M","E"],"character_chosen":"THE_SILENT","items_purchased":["Backflip","Deadly Poison","Matryoshka"],"campfire_rested":2,"item_purchase_floors":[7,21,21],"current_hp_per_floor":[73,67,49,74,67,40,40,25,25,47,45,45,45,21,43,38,75,75,75,49,49,37,0],"gold":104,"neow_bonus":"THREE_SMALL_POTIONS","is_prod":false,"is_daily":false,"chose_seed":false,"campfire_upgraded":0,"win_rate":0.0,"timestamp":1561998396,"path_taken":["M","M","?","?","?","E","?","?","T","R","M","M","M","E","R","BOSS","M","?","?","?","M","E"],"build_version":"2019-01-23","purchased_purges":0,"victory":false,"max_hp_per_floor":[75,75,75,75,75,75,75,75,75,75,75,75,75,75,75,75,75,75,75,75,75,75,75],"card_choices":[{"not_picked":["PiercingWail","Reflex"],"picked":"Expertise","floor":1},{"not_picked":["Deflect","Bane"],"picked":"Dodge and Roll","floor":2},{"not_picked":["Infinite Blades","Expertise"],"picked":"Dagger Spray","floor":5},{"not_picked":["Outmaneuver","Prepared"],"picked":"Skewer","floor":6},{"not_picked":["Dash","Glass Knife"],"picked":"Poisoned Stab","floor":11},{"not_picked":["Calculated Gamble","Dagger Spray"],"picked":"Noxious Fumes","floor":12},{"not_picked":["Expertise","Prepared","Underhanded Strike"],"picked":"SKIP","floor":13},{"not_picked":["Backflip","Expertise"],"picked":"Heel Hook","floor":14},{"not_picked":["Wraith Form v2","Doppelganger"],"picked":"Burst","floor":16},{"not_picked":["PiercingWail","Backflip"],"picked":"Noxious Fumes","floor":18},{"not_picked":["Distraction","Endless Agony"],"picked":"Riddle With Holes+1","floor":20},{"not_picked":["Cloak And Dagger","Backflip+1"],"picked":"Poisoned Stab","floor":22}],"player_experience":192604,"relics_obtained":[{"floor":6,"key":"Ninja Scroll"},{"floor":9,"key":"Ornamental Fan"},{"floor":14,"key":"Juzu Bracelet"},{"floor":20,"key":"Red Mask"}],"event_choices":[{"damage_healed":0,"gold_gain":0,"player_choice":"Success","damage_taken":18,"relics_obtained":["Blue Candle"],"max_hp_gain":0,"max_hp_loss":0,"event_name":"Scrap Ooze","floor":3,"gold_loss":0},{"damage_healed":25,"gold_gain":0,"player_choice":"Banana","damage_taken":0,"max_hp_gain":0,"max_hp_loss":0,"event_name":"Big Fish","floor":4,"gold_loss":0},{"damage_healed":0,"gold_gain":0,"player_choice":"Entered Light","damage_taken":15,"max_hp_gain":0,"max_hp_loss":0,"event_name":"Shining Light","floor":8,"gold_loss":0,"cards_upgraded":["Strike_G","Defend_G"]},{"damage_healed":0,"gold_gain":0,"player_choice":"Opened","damage_taken":0,"relics_obtained":["Dream Catcher"],"max_hp_gain":0,"max_hp_loss":0,"event_name":"The Mausoleum","floor":19,"gold_loss":0,"cards_obtained":["Writhe"]},{"damage_healed":0,"gold_gain":0,"player_choice":"Fought Bandits","damage_taken":0,"max_hp_gain":0,"max_hp_loss":0,"event_name":"Masked Bandits","floor":20,"gold_loss":0}],"is_beta":false,"boss_relics":[{"not_picked":["Orrery","Cursed Key"],"picked":"Fusion Hammer"}],"items_purged_floors":[],"is_endless":false,"potions_floor_spawned":[2,12,13,16,18,20],"killed_by":"Book of Stabbing","ascension_level":0}