{"gold_per_floor":[116,116,41,41,41,41,54,31,100,100,116,141,141,153,153,249,249,268,286,286,35,135,135,162,89,89,116,116,126,126,1,1,101,101,116,216,235,246,90,118,118,118,118,118,146,146,0,11,11,11,11,11,11,44,44],"floor_reached":56,"playtime":3856,"items_purged":["Strike_B","Pain","Strike_B"],"score":1607,"play_id":"7c232e19-f1af-4a31-a2be-e7019da846e2","local_time":"20190605225709","is_ascension_mode":true,"campfire_choices":[{"data":"Electrodynamics","floor":6,"key":"SMITH"},{"data":"Go for the Eyes","floor":13,"key":"SMITH"},{"data":"Coolheaded","floor":15,"key":"SMITH"},{"floor":23,"key":"REST"},{"floor":32,"key":"REST"},{"floor":44,"key":"REST"},{"floor":46,"key":"RECALL"},{"floor":49,"key":"REST"},{"floor":52,"key":"REST"}],"neow_cost":"NONE","seed_source_timestamp":1668753539700,"circlet_count":0,"master_deck":["Zap+1","Dualcast+1","Coolheaded+1","Electrodynamics+1","Go for the Eyes+1","Compile Driver","Hologram","Seek","Coolheaded+1","Fission","Ball Lightning","Compile Driver","Defragment","Melter","Loop","Stack+1","Defragment","Biased Cognition","Melter","Biased Cognition","Multi-Cast","Aggregate","Reprogram+1","Force Field+1","White Noise+1","Tempest+1","Apotheosis","Panacea","Beam Cell+1","Undo+1","Conserve Battery+1"],"relics":["Cracked Core","Symbiotic Virus","WarpedTongs","Anchor","Fusion Hammer","Art of War","Incense Burner","Matryoshka","Mercury Hourglass","Bottled Lightning","Ginger","Pen Nib","Pandora\u0027s Box","Emotion Chip","Happy Flower","War Paint","PreservedInsect","FossilizedHelix","Red Mask"],"potions_floor_usage":[55,55,55],"damage_taken":[{"damage":1,"enemies":"Cultist","floor":1,"turns":3},{"damage":0,"enemies":"2 Louse","floor":7,"turns":2},{"damage":4,"enemies":"Small Slimes","floor":11,"turns":3},{"damage":4,"enemies":"3 Sentries","floor":12,"turns":2},{"damage":0,"enemies":"Exordium Wildlife","floor":14,"turns":2},{"damage":3,"enemies":"Slime Boss","floor":16,"turns":5},{"damage":3,"enemies":"Shell Parasite","floor":18,"turns":5},{"damage":1,"enemies":"2 Thieves","floor":19,"turns":2},{"damage":8,"enemies":"Colosseum Slavers","floor":22,"turns":3},{"damage":16,"enemies":"Colosseum Nobs","floor":22,"turns":3},{"damage":19,"enemies":"Gremlin Leader","floor":24,"turns":6},{"damage":15,"enemies":"Book of Stabbing","floor":27,"turns":7},{"damage":2,"enemies":"Shelled Parasite and Fungi","floor":29,"turns":4},{"damage":36,"enemies":"Collector","floor":33,"turns":6},{"damage":0,"enemies":"3 Darklings","floor":35,"turns":2},{"damage":3,"enemies":"Mind Bloom Boss Battle","floor":36,"turns":7},{"damage":0,"enemies":"3 Shapes","floor":37,"turns":2},{"damage":5,"enemies":"3 Darklings","floor":38,"turns":3},{"damage":10,"enemies":"Giant Head","floor":40,"turns":7},{"damage":14,"enemies":"Reptomancer","floor":45,"turns":4},{"damage":0,"enemies":"Writhing Mass","floor":48,"turns":4},{"damage":9,"enemies":"Time Eater","floor":50,"turns":7},{"damage":0,"enemies":"Shield and Spear","floor":54,"turns":4},{"damage":31,"enemies":"The Heart","floor":55,"turns":8}],"seed_played":"-4862641175721542559","potions_obtained":[{"floor":1,"key":"FocusPotion"},{"floor":7,"key":"Ancient Potion"},{"floor":12,"key":"LiquidBronze"}],"is_trial":false,"path_per_floor":["M","?","$","?","?","R","M","$","T","?","M","E","R","M","R","B",null,"M","M","?","$","?","R","E","$","T","E","?","M","?","$","R","B",null,"M","?","M","M","$","E","?","?","T","R","E","R","?","M","R","B",null,"R","$","E","B",null],"character_chosen":"DEFECT","items_purchased":["Compile Driver","Defragment","Melter","Loop","Happy Flower"],"campfire_rested":5,"item_purchase_floors":[8,21,21,25,39],"current_hp_per_floor":[67,52,52,45,45,45,45,45,45,45,41,37,37,37,37,34,65,62,61,61,61,37,59,40,40,40,25,25,23,48,48,70,34,65,65,62,62,57,57,47,37,37,37,59,45,45,45,45,67,58,71,75,75,75,44],"gold":44,"neow_bonus":"UPGRADE_CARD","is_prod":false,"is_daily":false,"chose_seed":false,"campfire_upgraded":3,"win_rate":0,"timestamp":1559755629,"path_taken":["M","?","$","?","?","R","?","?","T","?","M","E","R","M","R","BOSS","M","M","?","$","?","R","E","$","T","E","?","?","?","?","R","BOSS","M","?","M","M","$","E","?","?","T","R","E","R","?","M","R","BOSS","R","$","E","BOSS"],"build_version":"2019-01-23","purchased_purges":3,"victory":true,"max_hp_per_floor":[75,75,75,75,75,75,75,75,75,75,75,75,75,75,75,75,75,75,75,75,75,75,75,75,75,75,75,75,75,75,75,75,75,75,75,75,75,75,75,75,75,75,75,75,75,75,75,75,75,75,75,75,75,75,75],"card_choices":[{"not_picked":["Steam","Barrage"],"picked":"Coolheaded","floor":1},{"not_picked":["Conserve Battery","Undo"],"picked":"Go for the Eyes","floor":7},{"not_picked":["Darkness","Redo"],"picked":"Hologram","floor":11},{"not_picked":["Coolheaded","Undo"],"picked":"Seek","floor":12},{"not_picked":["Compile Driver","Hologram"],"picked":"Coolheaded","floor":14},{"not_picked":["Amplify","Machine Learning"],"picked":"Fission","floor":16},{"not_picked":["Turbo","Conserve Battery"],"picked":"Ball Lightning","floor":18},{"not_picked":["Conserve Battery","Leap"],"picked":"Compile Driver","floor":19},{"not_picked":["FTL","Lockon","Aggregate"],"picked":"SKIP","floor":24},{"not_picked":["Steam Power+1","Conserve Battery"],"picked":"Stack+1","floor":27},{"not_picked":["Compile Driver","Rebound+1"],"picked":"Biased Cognition","floor":29},{"not_picked":["Streamline","Sweeping Beam"],"picked":"Force Field+1","floor":35},{"not_picked":["Lockon+1","Storm+1"],"picked":"White Noise+1","floor":37},{"not_picked":["Sweeping Beam","Streamline","White Noise"],"picked":"SKIP","floor":38},{"not_picked":["Double Energy+1","Genetic Algorithm"],"picked":"Tempest+1","floor":40},{"not_picked":["Dark Shackles","Discovery"],"picked":"Apotheosis","floor":41},{"not_picked":["Swift Strike","Sadistic Nature"],"picked":"Panacea","floor":41},{"not_picked":["Chill","Steam"],"picked":"Beam Cell+1","floor":45},{"not_picked":["Leap","Tempest"],"picked":"Undo+1","floor":48},{"not_picked":["Chaos+1","Beam Cell"],"picked":"Conserve Battery+1","floor":54}],"player_experience":266610,"relics_obtained":[{"floor":9,"key":"Symbiotic Virus"},{"floor":12,"key":"Anchor"},{"floor":22,"key":"Incense Burner"},{"floor":22,"key":"Matryoshka"},{"floor":24,"key":"Mercury Hourglass"},{"floor":26,"key":"Bottled Lightning"},{"floor":26,"key":"Ginger"},{"floor":27,"key":"Pen Nib"},{"floor":36,"key":"Emotion Chip"},{"floor":40,"key":"War Paint"},{"floor":43,"key":"PreservedInsect"},{"floor":45,"key":"FossilizedHelix"}],"event_choices":[{"damage_healed":0,"gold_gain":0,"player_choice":"Entered Light","damage_taken":15,"max_hp_gain":0,"max_hp_loss":0,"event_name":"Shining Light","floor":2,"gold_loss":0,"cards_upgraded":["Coolheaded","Defend_B"]},{"damage_healed":0,"gold_gain":0,"player_choice":"Fled","damage_taken":7,"max_hp_gain":0,"max_hp_loss":0,"event_name":"Scrap Ooze","floor":4,"gold_loss":0},{"damage_healed":0,"gold_gain":0,"cards_transformed":["Strike_B"],"player_choice":"Change","damage_taken":0,"max_hp_gain":0,"max_hp_loss":0,"event_name":"Living Wall","floor":5,"gold_loss":0,"cards_obtained":["Electrodynamics"]},{"damage_healed":0,"gold_gain":0,"player_choice":"Rummage","damage_taken":0,"relics_obtained":["WarpedTongs"],"max_hp_gain":0,"max_hp_loss":0,"event_name":"Accursed Blacksmith","floor":10,"gold_loss":0,"cards_obtained":["Pain"]},{"damage_healed":0,"gold_gain":0,"player_choice":"Opened","damage_taken":0,"relics_obtained":["Art of War"],"max_hp_gain":0,"max_hp_loss":0,"event_name":"The Mausoleum","floor":20,"gold_loss":0},{"damage_healed":0,"gold_gain":0,"player_choice":"Fight","damage_taken":0,"max_hp_gain":0,"max_hp_loss":0,"event_name":"Colosseum","floor":22,"gold_loss":0},{"damage_healed":0,"gold_gain":0,"player_choice":"Fought Nobs","damage_taken":0,"max_hp_gain":0,"max_hp_loss":0,"event_name":"Colosseum","floor":22,"gold_loss":0},{"damage_healed":0,"gold_gain":0,"player_choice":"Copied","damage_taken":0,"max_hp_gain":0,"max_hp_loss":0,"event_name":"Duplicator","floor":28,"gold_loss":0,"cards_obtained":["Defragment"]},{"damage_healed":25,"gold_gain":0,"player_choice":"Heal","damage_taken":0,"max_hp_gain":0,"max_hp_loss":0,"event_name":"The Library","floor":30,"gold_loss":0},{"damage_healed":0,"gold_gain":0,"player_choice":"Fight","damage_taken":0,"max_hp_gain":0,"max_hp_loss":0,"event_name":"MindBloom","floor":36,"gold_loss":0},{"damage_healed":0,"gold_gain":0,"player_choice":"Memory 3","damage_taken":10,"max_hp_gain":0,"max_hp_loss":0,"event_name":"SensoryStone","floor":41,"gold_loss":0},{"damage_healed":0,"gold_gain":0,"player_choice":"Ignored","damage_taken":0,"max_hp_gain":0,"max_hp_loss":0,"event_name":"The Moai Head","floor":42,"gold_loss":0},{"damage_healed":0,"gold_gain":0,"player_choice":"Paid","damage_taken":0,"relics_obtained":["Red Mask"],"max_hp_gain":0,"max_hp_loss":0,"event_name":"Tomb of Lord Red Mask","floor":47,"gold_loss":146}],"is_beta":false,"boss_relics":[{"not_picked":["Orrery","Philosopher\u0027s Stone"],"picked":"Fusion Hammer"},{"not_picked":["Busted Crown","Eternal Feather"],"picked":"Pandora\u0027s Box"}],"items_purged_floors":[3,21,31],"is_endless":false,"potions_floor_spawned":[1,7,12,16,19,22,24,33,36,37,45,54],"ascension_level":7}