{"gold_per_floor":[110,110,129,178,195,195,225,256,256,256,272,272,307,5,5,105,105,122,149,149,173,188,188],"floor_reached":23,"playtime":1093,"items_purged":[],"score":227,"play_id":"20a664bc-fe2c-43da-9fe7-57121569628d","local_time":"20180825021533","is_ascension_mode":true,"campfire_choices":[{"data":"Bane","floor":6,"key":"SMITH"},{"floor":10,"key":"REST"},{"floor":15,"key":"REST"}],"neow_cost":"NONE","seed_source_timestamp":53236938523716,"circlet_count":0,"master_deck":["Defend_G","Defend_G+1","Defend_G","Defend_G","Defend_G","Strike_G","Strike_G","Strike_G+1","Strike_G","Survivor","Neutralize","Blur","PiercingWail","Outmaneuver","Bane+1","Terror","Bouncing Flask+1","Poisoned Stab","Bane","Deadly Poison","Envenom","Deadly Poison","PiercingWail+1","Backstab+1"],"relics":["Ring of the Snake","Dream Catcher","Ancient Tea Set","Nunchaku","Paper Crane","Bronze Scales","ClockworkSouvenir","Red Mask","Orichalcum"],"potions_floor_usage":[8,8,23,23],"damage_taken":[{"damage":0,"enemies":"Small Slimes","floor":1,"turns":5},{"damage":0,"enemies":"2 Louse","floor":3,"turns":2},{"damage":1,"enemies":"Jaw Worm","floor":5,"turns":6},{"damage":22,"enemies":"Lagavulin","floor":8,"turns":14},{"damage":3,"enemies":"Blue Slaver","floor":11,"turns":3},{"damage":36,"enemies":"3 Sentries","floor":13,"turns":14},{"damage":13,"enemies":"Hexaghost","floor":16,"turns":7},{"damage":0,"enemies":"Chosen","floor":18,"turns":5},{"damage":31,"enemies":"Masked Bandits","floor":19,"turns":5},{"damage":1,"enemies":"Spheric Guardian","floor":22,"turns":4},{"damage":49,"enemies":"Gremlin Leader","floor":23,"turns":5}],"seed_played":"223853536199284689","potions_obtained":[{"floor":1,"key":"Regen Potion"},{"floor":3,"key":"Dexterity Potion"},{"floor":16,"key":"FearPotion"},{"floor":18,"key":"EssenceOfSteel"},{"floor":22,"key":"Energy Potion"}],"is_trial":false,"path_per_floor":["M","?","M","T","M","R","?","E","T","R","M","?","E","$","R","B",null,"M","?","?","T","M"],"character_chosen":"THE_SILENT","items_purchased":["ClockworkSouvenir","Poisoned Stab","Bane"],"campfire_rested":2,"item_purchase_floors":[14,14,14],"current_hp_per_floor":[70,56,56,56,55,55,55,48,48,69,66,71,35,35,57,44,75,75,44,44,44,43,0],"gold":188,"neow_bonus":"TRANSFORM_CARD","is_prod":false,"is_daily":false,"chose_seed":false,"campfire_upgraded":1,"win_rate":0,"timestamp":1535152533,"path_taken":["M","?","M","?","M","R","?","E","T","R","M","?","E","$","R","BOSS","M","?","?","?","M","E"],"build_version":"2018-08-23v2","purchased_purges":0,"victory":false,"max_hp_per_floor":[70,70,70,70,70,70,70,70,70,70,70,75,75,75,75,75,75,75,75,75,75,75,75],"card_choices":[{"not_picked":["Well Laid Plans","Masterful Stab"],"picked":"PiercingWail","floor":1},{"not_picked":["Acrobatics","All Out Attack"],"picked":"Outmaneuver","floor":3},{"not_picked":["Flying Knee","Terror"],"picked":"Bane","floor":5},{"not_picked":["Cloak And Dagger","Die Die Die"],"picked":"Terror","floor":8},{"not_picked":["Dagger Spray","Catalyst"],"picked":"Bouncing Flask","floor":10},{"not_picked":["Riddle With Holes","Expertise","Caltrops"],"picked":"SKIP","floor":11},{"not_picked":["PiercingWail","Choke","After Image"],"picked":"SKIP","floor":13},{"not_picked":["Dagger Throw","Cloak And Dagger"],"picked":"Deadly Poison","floor":15},{"not_picked":["A Thousand Cuts","Tools of the Trade"],"picked":"Envenom","floor":16},{"not_picked":["Underhanded Strike+1","Deflect"],"picked":"Deadly Poison","floor":18},{"not_picked":["Sucker Punch","Night Terror"],"picked":"PiercingWail+1","floor":19},{"not_picked":["Flying Knee+1","Deflect+1"],"picked":"Backstab+1","floor":22}],"player_experience":84378,"relics_obtained":[{"floor":4,"key":"Dream Catcher"},{"floor":8,"key":"Nunchaku"},{"floor":9,"key":"Paper Crane"},{"floor":13,"key":"Bronze Scales"},{"floor":19,"key":"Red Mask"},{"floor":21,"key":"Orichalcum"}],"event_choices":[{"event_name":"Shining Light","player_choice":"Entered Light","floor":2,"damage_taken":0},{"event_name":"Dead Adventurer","player_choice":"Searched \u00273\u0027 times","floor":7,"damage_taken":0},{"event_name":"Big Fish","player_choice":"Donut","floor":12,"damage_taken":0},{"event_name":"Masked Bandits","player_choice":"Fought Bandits","floor":19,"damage_taken":0},{"event_name":"Upgrade Shrine","player_choice":"Upgraded","floor":20,"damage_taken":0}],"is_beta":false,"boss_relics":[{"not_picked":["Ectoplasm","Coffee Dripper","Snecko Eye"]}],"items_purged_floors":[],"is_endless":false,"potions_floor_spawned":[1,3,16,18,22],"killed_by":"Gremlin Leader","ascension_level":3}