{"gold_per_floor":[112,9,27,39,49,77,93,93,119,131,154,176,223,297,309,421,433,460,492,504,516],"floor_reached":21,"playtime":2630,"items_purged":[],"score":193,"play_id":"7bbe139c-cb64-449b-a243-b63c7e53e847","local_time":"20180817131944","is_ascension_mode":false,"campfire_choices":[{"data":"Leg Sweep","floor":8,"key":"SMITH"},{"floor":10,"key":"REST"},{"floor":15,"key":"REST"}],"neow_cost":"","seed_source_timestamp":225069029536542,"circlet_count":0,"master_deck":["Defend_G","Defend_G","Defend_G","Defend_G","Strike_G","Strike_G","Strike_G","Survivor","Neutralize","Poisoned Stab","Blur","Prepared","All Out Attack","Escape Plan","Quick Slash","Leg Sweep+1","Flying Knee","Bouncing Flask","Bouncing Flask","Underhanded Strike","Heel Hook","Bullet Time","Finisher+1","Dash+1","Choke+1","Blade Dance","Acrobatics+1","After Image"],"relics":["Ring of the Snake","Sundial","MawBank","Ancient Tea Set","Snake Skull","Astrolabe"],"potions_floor_usage":[13,13,16],"damage_taken":[{"damage":0,"enemies":"2 Louse","floor":1,"turns":3},{"damage":0,"enemies":"Small Slimes","floor":3,"turns":3},{"damage":0,"enemies":"Jaw Worm","floor":4,"turns":3},{"damage":2,"enemies":"Exordium Wildlife","floor":5,"turns":5},{"damage":21,"enemies":"Lagavulin","floor":6,"turns":8},{"damage":30,"enemies":"Gremlin Gang","floor":7,"turns":4},{"damage":0,"enemies":"Blue Slaver","floor":11,"turns":4},{"damage":5,"enemies":"3 Louse","floor":12,"turns":3},{"damage":17,"enemies":"3 Sentries","floor":13,"turns":6},{"damage":11,"enemies":"Gremlin Nob","floor":14,"turns":5},{"damage":14,"enemies":"The Guardian","floor":16,"turns":8},{"damage":32,"enemies":"3 Byrds","floor":18,"turns":7},{"damage":24,"enemies":"Spheric Guardian","floor":19,"turns":5},{"damage":16,"enemies":"Snake Plant","floor":21,"turns":3}],"seed_played":"6442596112701974886","potions_obtained":[{"floor":3,"key":"Dexterity Potion"},{"floor":6,"key":"Fire Potion"},{"floor":12,"key":"Block Potion"},{"floor":13,"key":"Swift Potion"}],"is_trial":false,"path_per_floor":["M","$","M","M","M","E","M","R","T","R","M","M","E","?","R","B",null,"M","M","?"],"character_chosen":"THE_SILENT","items_purchased":["Blur","Prepared"],"campfire_rested":2,"item_purchase_floors":[2,2],"current_hp_per_floor":[70,70,70,70,68,47,17,17,17,38,38,33,16,5,26,12,70,38,14,14,0],"gold":516,"neow_bonus":"","is_prod":false,"is_daily":false,"chose_seed":false,"campfire_upgraded":1,"win_rate":0.0,"timestamp":1534501184,"path_taken":["M","$","M","M","M","E","M","R","T","R","M","M","E","?","R","BOSS","M","M","?","?"],"build_version":"2018-08-16","purchased_purges":0,"victory":false,"max_hp_per_floor":[70,70,70,70,70,70,70,70,70,70,70,70,70,70,70,70,70,70,70,70,70],"card_choices":[{"not_picked":["Blade Dance","Deflect"],"picked":"Poisoned Stab","floor":1},{"not_picked":["Footwork","Quick Slash"],"picked":"All Out Attack","floor":3},{"not_picked":["Backflip","Slice"],"picked":"Escape Plan","floor":4},{"not_picked":["Caltrops","Flechettes"],"picked":"Quick Slash","floor":5},{"not_picked":["Footwork","Poisoned Stab"],"picked":"Leg Sweep","floor":6},{"not_picked":["All Out Attack","Poisoned Stab"],"picked":"Flying Knee","floor":7},{"not_picked":["Predator","Dagger Spray"],"picked":"Bouncing Flask","floor":11},{"not_picked":["Dodge and Roll","Deadly Poison"],"picked":"Bouncing Flask","floor":12},{"not_picked":["Expertise","Bouncing Flask"],"picked":"Underhanded Strike","floor":13},{"not_picked":["Sucker Punch","Reflex"],"picked":"Heel Hook","floor":14},{"not_picked":["Phantasmal Killer","Doppelganger"],"picked":"Bullet Time","floor":16},{"not_picked":["Predator","PiercingWail"],"picked":"Blade Dance","floor":18},{"not_picked":["Dodge and Roll","PiercingWail"],"picked":"Acrobatics+1","floor":19}],"player_experience":12946,"relics_obtained":[{"floor":6,"key":"Sundial"},{"floor":9,"key":"MawBank"},{"floor":13,"key":"Ancient Tea Set"},{"floor":14,"key":"Snake Skull"}],"event_choices":[{"event_name":"Dead Adventurer","player_choice":"Searched \u00273\u0027 times","floor":14,"damage_taken":0},{"event_name":"The Library","player_choice":"Read","floor":20,"damage_taken":0}],"is_beta":false,"boss_relics":[{"not_picked":["Ectoplasm","Snecko Eye"],"picked":"Astrolabe"}],"items_purged_floors":[],"is_endless":false,"potions_floor_spawned":[3,6,12,13],"killed_by":"Snake Plant","ascension_level":0}