{"gold_per_floor":[111,111,111,129,55,55,80,80,80,93,116,116,141,160,160,280,280,304,272,272,288,308,308,308,308,359,395,395,395,416,416,416,536,536,556,889,903,903,916,916,934,195,195,214,231,231],"floor_reached":46,"playtime":3451,"items_purged":["Normality"],"score":466,"play_id":"7ce07142-680c-4979-b110-7b3ca8324ae7","local_time":"20180822235714","is_ascension_mode":false,"campfire_choices":[{"data":"Noxious Fumes","floor":6,"key":"SMITH"},{"data":"Deadly Poison","floor":8,"key":"SMITH"},{"data":"Dagger Throw","floor":12,"key":"SMITH"},{"floor":15,"key":"REST"},{"floor":23,"key":"REST"},{"floor":25,"key":"REST"},{"data":"Dash","floor":29,"key":"SMITH"},{"floor":32,"key":"REST"},{"floor":40,"key":"REST"}],"neow_cost":"NONE","seed_source_timestamp":694497412539570,"circlet_count":0,"master_deck":["Defend_G+1","Defend_G+1","Defend_G+1","Defend_G+1","Strike_G+1","Strike_G+1","Strike_G+1","Strike_G+1","Strike_G+1","Survivor","Neutralize+1","PiercingWail","Blade Dance","Noxious Fumes+1","Deadly Poison+1","Dagger Throw+1","Crippling Poison","Dodge and Roll","Envenom","Expertise+1","Infinite Blades+1","Dash+1","Dagger Spray+1","Distraction+1","Terror","RitualDagger","Dagger Throw+1","Outmaneuver+1","Deadly Poison","Finisher","Bouncing Flask","Flash of Steel","Finisher","Flying Knee","Terror+1"],"relics":["Ring of the Snake","Bird Faced Urn","WristBlade","Pantograph","Regal Pillow","Red Mask","Philosopher\u0027s Stone","NlothsMask","TwistedFunnel","Shuriken"],"potions_floor_usage":[16,16,16,19,27,33,39,45,46],"damage_taken":[{"damage":0,"enemies":"Small Slimes","floor":1,"turns":3},{"damage":0,"enemies":"2 Louse","floor":4,"turns":3},{"damage":0,"enemies":"Cultist","floor":7,"turns":3},{"damage":8,"enemies":"Exordium Wildlife","floor":10,"turns":3},{"damage":2,"enemies":"Blue Slaver","floor":11,"turns":4},{"damage":7,"enemies":"3 Louse","floor":13,"turns":3},{"damage":7,"enemies":"Exordium Wildlife","floor":14,"turns":5},{"damage":16,"enemies":"Slime Boss","floor":16,"turns":6},{"damage":11,"enemies":"Spheric Guardian","floor":18,"turns":4},{"damage":20,"enemies":"2 Thieves","floor":19,"turns":5},{"damage":12,"enemies":"Snake Plant","floor":21,"turns":5},{"damage":13,"enemies":"Centurion and Healer","floor":22,"turns":6},{"damage":26,"floor":27,"turns":5},{"damage":23,"enemies":"3 Cultists","floor":30,"turns":5},{"damage":40,"enemies":"Champ","floor":33,"turns":13},{"damage":24,"enemies":"3 Shapes","floor":35,"turns":4},{"damage":14,"enemies":"Orb Walker","floor":37,"turns":4},{"damage":36,"enemies":"Maw","floor":39,"turns":8},{"damage":15,"enemies":"4 Shapes","floor":41,"turns":5},{"damage":9,"enemies":"3 Darklings","floor":44,"turns":5},{"damage":21,"enemies":"Maw","floor":45,"turns":6},{"damage":19,"enemies":"Spire Growth","floor":46,"turns":3}],"seed_played":"7542895492668046556","potions_obtained":[{"floor":7,"key":"Fire Potion"},{"floor":10,"key":"SkillPotion"},{"floor":11,"key":"Weak Potion"},{"floor":16,"key":"SpeedPotion"},{"floor":22,"key":"Energy Potion"},{"floor":27,"key":"LiquidBronze"},{"floor":30,"key":"GhostInAJar"},{"floor":39,"key":"SpeedPotion"},{"floor":45,"key":"Ancient Potion"}],"is_trial":false,"path_per_floor":["M","?","?","M","$","R","M","R","T","M","M","R","M","M","R","B",null,"M","M","?","M","M","R","?","R","T","?","?","R","M","?","R","B",null,"M","?","M","?","M","R","M","$","T","M","M"],"character_chosen":"THE_SILENT","items_purchased":["Noxious Fumes","TwistedFunnel","Shuriken","Bouncing Flask","Flash of Steel","Finisher"],"campfire_rested":5,"item_purchase_floors":[5,42,42,42,42,42],"current_hp_per_floor":[70,70,53,53,53,53,53,53,53,47,47,47,42,35,56,42,70,59,41,41,33,24,45,45,66,66,42,42,42,23,17,53,31,70,48,48,36,36,6,42,33,33,33,28,11,0],"gold":231,"neow_bonus":"UPGRADE_CARD","is_prod":false,"is_daily":false,"chose_seed":false,"campfire_upgraded":4,"win_rate":0.0,"timestamp":1534971434,"path_taken":["M","?","?","M","?","R","M","R","T","?","M","R","M","?","R","BOSS","M","M","?","M","M","R","?","R","T","?","?","R","M","?","R","BOSS","M","?","M","?","M","R","M","$","T","?","M","M"],"build_version":"2018-08-16","purchased_purges":1,"victory":false,"max_hp_per_floor":[70,70,70,70,70,70,70,70,70,70,70,70,70,70,70,70,70,70,70,70,70,70,70,70,70,70,70,70,70,70,70,70,70,70,70,70,70,70,70,70,70,70,70,70,70,70],"card_choices":[{"not_picked":["Acrobatics","Backflip"],"picked":"PiercingWail","floor":1},{"not_picked":["Underhanded Strike","Tactician"],"picked":"Blade Dance","floor":4},{"not_picked":["Infinite Blades","Slice"],"picked":"Deadly Poison","floor":7},{"not_picked":["Masterful Stab","Dodge and Roll","Underhanded Strike"],"picked":"SKIP","floor":10},{"not_picked":["Slice","Outmaneuver"],"picked":"Dagger Throw","floor":11},{"not_picked":["Adrenaline","Outmaneuver"],"picked":"Crippling Poison","floor":13},{"not_picked":["Escape Plan","Blade Dance"],"picked":"Dodge and Roll","floor":14},{"not_picked":["Venomology","A Thousand Cuts"],"picked":"Envenom","floor":16},{"not_picked":["Reflex","Underhanded Strike"],"picked":"Expertise+1","floor":18},{"not_picked":["Skewer","Heel Hook"],"picked":"Infinite Blades+1","floor":19},{"not_picked":["Dagger Spray+1","Sucker Punch"],"picked":"Dash","floor":21},{"not_picked":["Glass Knife","Caltrops"],"picked":"Dagger Spray+1","floor":22},{"not_picked":["Dagger Spray","Sucker Punch"],"picked":"Distraction+1","floor":27},{"not_picked":["Prepared","Acrobatics"],"picked":"Terror","floor":30},{"not_picked":["Blade Dance","Sucker Punch"],"picked":"Dagger Throw+1","floor":35},{"not_picked":["Choke","Underhanded Strike+1"],"picked":"Outmaneuver+1","floor":37},{"not_picked":["PiercingWail","Backflip"],"picked":"Deadly Poison","floor":39},{"not_picked":["Die Die Die","PiercingWail+1"],"picked":"Finisher","floor":41},{"not_picked":["Flechettes","Prepared"],"picked":"Flying Knee","floor":44},{"not_picked":["Slice+1","Prepared+1"],"picked":"Terror+1","floor":45}],"player_experience":72093,"relics_obtained":[{"floor":9,"key":"Bird Faced Urn"},{"floor":26,"key":"Regal Pillow"},{"floor":27,"key":"Red Mask"}],"event_choices":[{"event_name":"Living Wall","player_choice":"Forget","floor":2,"damage_taken":0},{"event_name":"Golden Idol","player_choice":"Take Damage","floor":3,"damage_taken":0},{"event_name":"Accursed Blacksmith","player_choice":"Rummage","floor":20,"damage_taken":0},{"event_name":"Back to Basics","player_choice":"Simplicity","floor":24,"damage_taken":0},{"event_name":"Masked Bandits","player_choice":"Fought Bandits","floor":27,"damage_taken":0},{"event_name":"Ghosts","player_choice":"Ignored","floor":28,"damage_taken":0},{"event_name":"Nest","player_choice":"Joined the Cult","floor":31,"damage_taken":0},{"event_name":"The Moai Head","player_choice":"Gave Idol","floor":36,"damage_taken":0},{"event_name":"FaceTrader","player_choice":"Trade","floor":38,"damage_taken":0}],"is_beta":false,"boss_relics":[{"not_picked":["Calling Bell","Eternal Feather"],"picked":"WristBlade"},{"not_picked":["Snecko Eye","Astrolabe"],"picked":"Philosopher\u0027s Stone"}],"items_purged_floors":[42],"is_endless":false,"potions_floor_spawned":[7,10,11,16,22,27,30,39,45],"killed_by":"Spire Growth","ascension_level":0}