{"gold_per_floor":[116,116,136,147,165,197,197,19,43,55,79,108,120,150,162,174],"floor_reached":16,"playtime":695,"items_purged":[],"score":130,"play_id":"1ce4eaf6-a1ba-4fc1-aa84-4d603f66d3df","local_time":"20180911155340","is_ascension_mode":true,"campfire_choices":[{"floor":7,"key":"REST"},{"floor":10,"key":"REST"},{"data":"Heavy Blade","floor":13,"key":"SMITH"},{"floor":15,"key":"REST"}],"neow_cost":"","seed_source_timestamp":17249457955855,"circlet_count":0,"master_deck":["Strike_R","Strike_R","Strike_R","Strike_R","Defend_R","Defend_R","Defend_R","Defend_R","Bash","Shrug It Off","Body Slam","Shrug It Off","Iron Wave","Heavy Blade+1","True Grit"],"relics":["Burning Blood","Vajra","Bronze Scales","MawBank"],"potions_floor_usage":[6,6],"damage_taken":[{"damage":0,"enemies":"Small Slimes","floor":1,"turns":3},{"damage":3,"enemies":"Cultist","floor":3,"turns":4},{"damage":4,"enemies":"Jaw Worm","floor":4,"turns":3},{"damage":14,"enemies":"3 Louse","floor":5,"turns":6},{"damage":74,"enemies":"Lagavulin","floor":6,"turns":12},{"damage":27,"enemies":"Large Slime","floor":11,"turns":7},{"damage":5,"enemies":"2 Fungi Beasts","floor":12,"turns":4},{"damage":9,"enemies":"Exordium Thugs","floor":14,"turns":5},{"damage":77,"enemies":"Hexaghost","floor":16,"turns":14}],"seed_played":"-1918795356360895284","potions_obtained":[{"floor":1,"key":"Weak Potion"},{"floor":3,"key":"GamblersBrew"},{"floor":5,"key":"Regen Potion"},{"floor":11,"key":"Swift Potion"}],"is_trial":false,"path_per_floor":["M","?","M","M","M","E","R","$","T","R","M","M","R","M","R"],"character_chosen":"IRONCLAD","items_purchased":["Bronze Scales","Iron Wave"],"campfire_rested":3,"item_purchase_floors":[8,8],"current_hp_per_floor":[80,80,80,80,72,19,43,43,43,67,46,47,47,44,68,0],"gold":174,"neow_bonus":"","is_prod":false,"is_daily":false,"chose_seed":false,"campfire_upgraded":1,"win_rate":0,"timestamp":1536670420,"path_taken":["M","?","M","M","M","E","R","$","T","R","M","M","R","M","R","BOSS"],"build_version":"2018-09-06","purchased_purges":0,"victory":false,"max_hp_per_floor":[80,80,80,80,80,80,80,80,80,80,80,80,80,80,80,80],"card_choices":[{"not_picked":["Rampage","Warcry"],"picked":"Shrug It Off","floor":1},{"not_picked":["Wild Strike","Carnage"],"picked":"Body Slam","floor":3},{"not_picked":["Anger","Body Slam","Wild Strike"],"picked":"SKIP","floor":4},{"not_picked":["Thunderclap","Perfected Strike"],"picked":"Shrug It Off","floor":5},{"not_picked":["Wild Strike","Second Wind","Exhume"],"picked":"SKIP","floor":6},{"not_picked":["Warcry","Shrug It Off"],"picked":"Heavy Blade","floor":11},{"not_picked":["Clothesline","Iron Wave","Cleave"],"picked":"SKIP","floor":12},{"not_picked":["Dropkick","Wild Strike"],"picked":"True Grit","floor":14}],"player_experience":152884,"relics_obtained":[{"floor":6,"key":"Vajra"},{"floor":9,"key":"MawBank"}],"event_choices":[{"event_name":"Bonfire Elementals","player_choice":"BASIC","floor":2,"damage_taken":0}],"is_beta":false,"boss_relics":[],"items_purged_floors":[],"is_endless":false,"potions_floor_spawned":[1,3,5,11],"killed_by":"Hexaghost","ascension_level":5}