{"gold_per_floor":[117,117,117,117,135,164,164,174,229,229,248,248,268,268,268,370,420,439,439,124,136,148,148,180,192,231,263,288,300],"floor_reached":29,"playtime":984,"items_purged":["Strike_G"],"score":307,"play_id":"2c57845f-83f0-475a-826c-61b20663ee99","local_time":"20180825041443","is_ascension_mode":true,"campfire_choices":[{"floor":7,"key":"REST"},{"data":"Poisoned Stab","floor":10,"key":"SMITH"},{"data":"Noxious Fumes","floor":12,"key":"SMITH"},{"floor":15,"key":"REST"},{"floor":23,"key":"REST"},{"floor":25,"key":"REST"}],"neow_cost":"NONE","seed_source_timestamp":60497419567190,"circlet_count":0,"master_deck":["Defend_G","Defend_G","Defend_G","Defend_G","Strike_G","Strike_G","Strike_G","Strike_G+1","Survivor","Neutralize","Poisoned Stab+1","Noxious Fumes+1","Bane+1","Corpse Explosion","Bane","Deflect+1","Bouncing Flask","Deadly Poison","Poisoned Stab","Poisoned Stab+1"],"relics":["Ring of the Snake","Centennial Puzzle","Bronze Scales","Tiny Chest","Tiny House","Frozen Egg 2","MawBank","Blood Vial"],"potions_floor_usage":[13,16,16,18,21,22,28,29],"damage_taken":[{"damage":6,"enemies":"Cultist","floor":1,"turns":5},{"damage":9,"enemies":"Jaw Worm","floor":5,"turns":4},{"damage":18,"enemies":"Gremlin Nob","floor":6,"turns":4},{"damage":0,"enemies":"2 Louse","floor":8,"turns":2},{"damage":5,"enemies":"2 Fungi Beasts","floor":11,"turns":3},{"damage":9,"enemies":"Lots of Slimes","floor":13,"turns":3},{"damage":32,"enemies":"Slime Boss","floor":16,"turns":8},{"damage":4,"enemies":"Chosen","floor":18,"turns":4},{"damage":7,"enemies":"2 Thieves","floor":21,"turns":2},{"damage":36,"enemies":"Snecko","floor":22,"turns":5},{"damage":48,"enemies":"Book of Stabbing","floor":24,"turns":5},{"damage":15,"enemies":"Centurion and Healer","floor":27,"turns":4},{"damage":9,"enemies":"Chosen and Byrds","floor":28,"turns":4},{"damage":33,"enemies":"Cultist and Chosen","floor":29,"turns":4}],"seed_played":"2793846706655397013","potions_obtained":[{"floor":1,"key":"Energy Potion"},{"floor":6,"key":"Block Potion"},{"floor":13,"key":"Regen Potion"},{"floor":16,"key":"EssenceOfSteel"},{"floor":17,"key":"Weak Potion"},{"floor":21,"key":"EssenceOfSteel"},{"floor":24,"key":"SpeedPotion"},{"floor":28,"key":"FearPotion"}],"is_trial":false,"path_per_floor":["M","?","?","?","M","E","R","M","T","R","M","R","M","?","R","B",null,"M","?","$","M","M","R","E","R","T","M","M"],"character_chosen":"THE_SILENT","items_purchased":["Frozen Egg 2"],"campfire_rested":4,"item_purchase_floors":[20],"current_hp_per_floor":[71,59,59,64,55,37,61,61,61,61,56,56,47,47,71,54,87,83,83,83,76,40,66,18,44,44,31,24,0],"gold":300,"neow_bonus":"TEN_PERCENT_HP_BONUS","is_prod":false,"is_daily":false,"chose_seed":false,"campfire_upgraded":2,"win_rate":0,"timestamp":1535159683,"path_taken":["M","?","?","?","M","E","R","M","T","R","?","R","M","?","R","BOSS","M","?","$","M","M","R","E","R","T","M","M","M"],"build_version":"2018-08-23v2","purchased_purges":1,"victory":false,"max_hp_per_floor":[77,77,77,82,82,82,82,82,82,82,82,82,82,82,82,82,87,87,87,87,87,87,87,87,87,87,87,87,87],"card_choices":[{"not_picked":["Endless Agony","Flying Knee","Underhanded Strike"],"picked":"SKIP","floor":1},{"not_picked":["Sucker Punch","Masterful Stab"],"picked":"Poisoned Stab","floor":5},{"not_picked":["Flying Knee","Calculated Gamble"],"picked":"Noxious Fumes","floor":6},{"not_picked":["Slice","Dodge and Roll","Quick Slash"],"picked":"SKIP","floor":8},{"not_picked":["Outmaneuver","Blur","Endless Agony"],"picked":"SKIP","floor":11},{"not_picked":["Slice","Endless Agony"],"picked":"Bane","floor":13},{"not_picked":["Wraith Form v2","Burst"],"picked":"Corpse Explosion","floor":16},{"not_picked":["Acrobatics","Dagger Spray"],"picked":"Bane","floor":17},{"not_picked":["Blur","Acrobatics+1"],"picked":"Deflect+1","floor":18},{"not_picked":["Prepared+1","Deflect"],"picked":"Deadly Poison","floor":21},{"not_picked":["Flying Knee","Die Die Die","Acrobatics+1"],"picked":"SKIP","floor":22},{"not_picked":["Cloak And Dagger","Underhanded Strike","Dodge and Roll"],"picked":"SKIP","floor":24},{"not_picked":["Backflip","PiercingWail+1"],"picked":"Poisoned Stab","floor":27},{"not_picked":["Cloak And Dagger+1","Calculated Gamble"],"picked":"Poisoned Stab+1","floor":28}],"player_experience":87727,"relics_obtained":[{"floor":6,"key":"Bronze Scales"},{"floor":9,"key":"Tiny Chest"},{"floor":24,"key":"MawBank"},{"floor":26,"key":"Blood Vial"}],"event_choices":[{"event_name":"Scrap Ooze","player_choice":"success","floor":2,"damage_taken":12},{"event_name":"Living Wall","player_choice":"Forget","floor":3,"damage_taken":0},{"event_name":"Big Fish","player_choice":"Donut","floor":4,"damage_taken":0},{"event_name":"Upgrade Shrine","player_choice":"Upgraded","floor":14,"damage_taken":0},{"event_name":"The Library","player_choice":"Read","floor":19,"damage_taken":0}],"is_beta":false,"boss_relics":[{"not_picked":["Lizard Tail","Runic Dome"],"picked":"Tiny House"}],"items_purged_floors":[20],"is_endless":false,"potions_floor_spawned":[1,6,13,16,21,24,28],"killed_by":"Cultist and Chosen","ascension_level":3}