{"gold_per_floor":[10,30,46,64,74,74,74,108,135,135,148,148,164,16,16,111,111,130,130,149,169,169],"floor_reached":22,"playtime":1462,"items_purged":[],"score":257,"play_id":"c05cfb34-7a27-4947-b8f0-d12ab06ff0b0","local_time":"20190611001459","is_ascension_mode":true,"campfire_choices":[{"floor":7,"key":"REST"},{"floor":12,"key":"REST"},{"floor":15,"key":"REST"}],"neow_cost":"NO_GOLD","seed_source_timestamp":357419441723900,"circlet_count":0,"master_deck":["Strike_R","Strike_R","Defend_R","Defend_R","Defend_R","Bash","Entrench","Pommel Strike","Flame Barrier+1","Seeing Red","Shrug It Off","Juggernaut","Cleave","Inflame+1","Body Slam","True Grit","Impervious","Evolve+1","Intimidate+1"],"relics":["Burning Blood","Frozen Egg 2","Boot","Philosopher\u0027s Stone"],"potions_floor_usage":[8,16,16,16,20,21],"damage_taken":[{"damage":9,"enemies":"2 Louse","floor":1,"turns":2},{"damage":0,"enemies":"Small Slimes","floor":2,"turns":3},{"damage":6,"enemies":"Cultist","floor":3,"turns":3},{"damage":23,"enemies":"3 Louse","floor":4,"turns":6},{"damage":20,"enemies":"Exordium Thugs","floor":5,"turns":6},{"damage":48,"enemies":"Gremlin Nob","floor":8,"turns":5},{"damage":10,"enemies":"Lots of Slimes","floor":11,"turns":1},{"damage":12,"enemies":"Gremlin Gang","floor":13,"turns":4},{"damage":23,"enemies":"Hexaghost","floor":16,"turns":10},{"damage":20,"enemies":"Shell Parasite","floor":18,"turns":6},{"damage":40,"enemies":"3 Byrds","floor":20,"turns":6},{"damage":30,"enemies":"Sentry and Sphere","floor":21,"turns":7},{"damage":33,"enemies":"3 Cultists","floor":22,"turns":5}],"seed_played":"1353889849892048902","potions_obtained":[{"floor":2,"key":"Poison Potion"},{"floor":4,"key":"Dexterity Potion"},{"floor":8,"key":"LiquidBronze"},{"floor":13,"key":"Weak Potion"},{"floor":18,"key":"Fruit Juice"},{"floor":20,"key":"Regen Potion"}],"is_trial":false,"path_per_floor":["M","M","M","M","M","?","R","E","T","?","M","R","M","$","R","B",null,"M","?","M","M","M"],"character_chosen":"IRONCLAD","items_purchased":["Inflame+1","Body Slam","True Grit"],"campfire_rested":3,"item_purchase_floors":[14,14,14],"current_hp_per_floor":[69,75,75,58,44,37,61,19,19,19,15,39,33,33,57,40,70,56,56,27,18,0],"gold":169,"neow_bonus":"TRANSFORM_TWO_CARDS","is_prod":false,"is_daily":false,"chose_seed":false,"campfire_upgraded":0,"win_rate":0,"timestamp":1560201299,"path_taken":["M","M","M","M","M","?","R","E","T","?","M","R","?","$","R","BOSS","M","?","M","M","M"],"build_version":"2019-01-23","purchased_purges":0,"victory":false,"max_hp_per_floor":[80,80,80,80,80,80,80,80,80,80,80,80,80,80,80,80,80,80,80,85,85,85],"card_choices":[{"not_picked":["Anger","Clash","Havoc"],"picked":"SKIP","floor":1},{"not_picked":["Sword Boomerang","Armaments"],"picked":"Flame Barrier","floor":2},{"not_picked":["Clothesline","Corruption"],"picked":"Seeing Red","floor":3},{"not_picked":["Anger","Flex"],"picked":"Shrug It Off","floor":4},{"not_picked":["Fire Breathing","Wild Strike"],"picked":"Juggernaut","floor":5},{"not_picked":["Warcry","Battle Trance"],"picked":"Cleave","floor":8},{"not_picked":["Twin Strike","Anger","Rage"],"picked":"SKIP","floor":11},{"not_picked":["Pommel Strike","Power Through","Clash"],"picked":"SKIP","floor":13},{"not_picked":["Feed","Brutality+1"],"picked":"Impervious","floor":16},{"not_picked":["Sever Soul","Perfected Strike"],"picked":"Evolve+1","floor":18},{"not_picked":["Clash+1","True Grit","Sentinel"],"picked":"SKIP","floor":20},{"not_picked":["Thunderclap+1","Sword Boomerang"],"picked":"Intimidate+1","floor":21}],"player_experience":191333,"relics_obtained":[{"floor":8,"key":"Frozen Egg 2"},{"floor":9,"key":"Boot"}],"event_choices":[{"cards_removed":["Strike_R"],"damage_healed":0,"gold_gain":0,"player_choice":"Card Removal","damage_taken":7,"max_hp_gain":0,"max_hp_loss":0,"event_name":"Golden Wing","floor":6,"gold_loss":0},{"damage_healed":0,"gold_gain":0,"player_choice":"Upgraded","damage_taken":0,"max_hp_gain":0,"max_hp_loss":0,"event_name":"Upgrade Shrine","floor":10,"gold_loss":0,"cards_upgraded":["Flame Barrier"]},{"cards_removed":["Strike_R"],"damage_healed":0,"gold_gain":0,"player_choice":"Offered Basic","damage_taken":0,"max_hp_gain":0,"max_hp_loss":0,"event_name":"Bonfire Elementals","floor":19,"gold_loss":0}],"is_beta":false,"boss_relics":[{"not_picked":["Calling Bell","Cursed Key"],"picked":"Philosopher\u0027s Stone"}],"items_purged_floors":[],"is_endless":false,"potions_floor_spawned":[2,4,8,13,18,20],"killed_by":"3 Cultists","ascension_level":7}