{"gold_per_floor":[20,30,47,64,78,78,103,103,173,173,185,202,219,219,219,320,320,339,264,274,174,193,193,193],"floor_reached":24,"playtime":1071,"items_purged":["Strike_R","Strike_R"],"score":242,"play_id":"f523f57a-82a6-471c-b67b-87d63dd62fbd","local_time":"20180829232316","is_ascension_mode":true,"campfire_choices":[{"data":"Flame Barrier","floor":6,"key":"SMITH"},{"floor":8,"key":"REST"},{"floor":10,"key":"REST"},{"data":"Heavy Blade","floor":15,"key":"SMITH"},{"floor":23,"key":"REST"}],"neow_cost":"NO_GOLD","seed_source_timestamp":297761530309063,"circlet_count":0,"master_deck":["Strike_R","Strike_R","Defend_R","Defend_R","Defend_R","Bash","Flame Barrier+1","Heavy Blade+1","True Grit","Iron Wave","Uppercut+1","Spot Weakness","Limit Break","Cleave","Shrug It Off","Bludgeon","Flex","Iron Wave","Body Slam"],"relics":["Black Blood","Art of War","Frozen Egg 2"],"potions_floor_usage":[5,7,16,22],"damage_taken":[{"damage":0,"enemies":"Small Slimes","floor":1,"turns":3},{"damage":2,"enemies":"Jaw Worm","floor":2,"turns":4},{"damage":2,"enemies":"2 Louse","floor":3,"turns":2},{"damage":32,"enemies":"Lots of Slimes","floor":4,"turns":5},{"damage":5,"enemies":"Gremlin Gang","floor":5,"turns":4},{"damage":37,"enemies":"Lagavulin","floor":7,"turns":9},{"damage":6,"enemies":"Looter","floor":11,"turns":3},{"damage":5,"enemies":"Red Slaver","floor":12,"turns":4},{"damage":7,"enemies":"Blue Slaver","floor":13,"turns":3},{"damage":21,"enemies":"The Guardian","floor":16,"turns":11},{"damage":40,"enemies":"2 Thieves","floor":18,"turns":5},{"damage":19,"enemies":"Spheric Guardian","floor":20,"turns":4},{"damage":24,"enemies":"3 Cultists","floor":22,"turns":6},{"damage":52,"enemies":"Slavers","floor":24,"turns":3}],"seed_played":"-2677832551156401768","potions_obtained":[{"floor":1,"key":"Weak Potion"},{"floor":3,"key":"Fire Potion"},{"floor":7,"key":"Fire Potion"},{"floor":16,"key":"Swift Potion"},{"floor":20,"key":"SteroidPotion"}],"is_trial":false,"path_per_floor":["M","M","M","M","M","R","E","R","T","R","M","M","M","?","R","B",null,"M","$","M","$","M","R"],"character_chosen":"IRONCLAD","items_purchased":[],"campfire_rested":3,"item_purchase_floors":[],"current_hp_per_floor":[80,80,80,54,55,55,24,48,48,72,72,73,72,72,72,57,80,50,50,41,41,27,51,0],"gold":193,"neow_bonus":"REMOVE_TWO","is_prod":false,"is_daily":false,"chose_seed":false,"campfire_upgraded":2,"win_rate":0,"timestamp":1535574196,"path_taken":["M","M","M","M","M","R","E","R","T","R","M","M","M","?","R","BOSS","M","?","M","$","?","R","E"],"build_version":"2018-08-23v2","purchased_purges":2,"victory":false,"max_hp_per_floor":[80,80,80,80,80,80,80,80,80,80,80,80,80,80,80,80,80,80,80,80,80,80,80,80],"card_choices":[{"not_picked":["Body Slam","Battle Trance"],"picked":"Flame Barrier","floor":1},{"not_picked":["Reckless Charge","Thunderclap"],"picked":"Heavy Blade","floor":2},{"not_picked":["Dropkick","Anger"],"picked":"True Grit","floor":3},{"not_picked":["Seeing Red","Clash"],"picked":"Iron Wave","floor":4},{"not_picked":["Havoc","Thunderclap"],"picked":"Uppercut","floor":5},{"not_picked":["Perfected Strike","Burning Pact"],"picked":"Spot Weakness","floor":7},{"not_picked":["Shrug It Off","Rage"],"picked":"Limit Break","floor":11},{"not_picked":["Warcry","Clothesline"],"picked":"Cleave","floor":12},{"not_picked":["Body Slam","Clothesline"],"picked":"Shrug It Off","floor":13},{"not_picked":["Offering","Brutality+1"],"picked":"Bludgeon","floor":16},{"not_picked":["Clothesline","Rampage"],"picked":"Flex","floor":18},{"not_picked":["True Grit","Seeing Red"],"picked":"Iron Wave","floor":20},{"not_picked":["Pummel","Havoc"],"picked":"Body Slam","floor":22}],"player_experience":134542,"relics_obtained":[{"floor":7,"key":"Art of War"},{"floor":9,"key":"Frozen Egg 2"}],"event_choices":[{"event_name":"Living Wall","player_choice":"Grow","floor":14,"damage_taken":0}],"is_beta":false,"boss_relics":[{"not_picked":["Orrery","Snecko Eye"],"picked":"Black Blood"}],"items_purged_floors":[19,21],"is_endless":false,"potions_floor_spawned":[1,3,7,16,20],"killed_by":"Slavers","ascension_level":4}