{"gold_per_floor":[111,111,126,140,140,140,164,164,216,21,84,84,109,132,132,255,255,275,245,170,170,189,189,228,48,118,118],"floor_reached":27,"playtime":1712,"items_purged":["Defend_R","Defend_R"],"score":232,"play_id":"5b85a300-58dc-42de-b3ac-3911eb927189","local_time":"20180819122525","is_ascension_mode":true,"campfire_choices":[{"data":"Body Slam","floor":6,"key":"SMITH"},{"data":"Iron Wave","floor":8,"key":"SMITH"},{"data":"Iron Wave","floor":12,"key":"SMITH"},{"floor":15,"key":"REST"},{"data":"Double Tap","floor":23,"key":"SMITH"}],"neow_cost":"NONE","seed_source_timestamp":395530453052809,"circlet_count":0,"master_deck":["Strike_R","Strike_R","Strike_R","Strike_R","Defend_R","Bash","True Grit","Body Slam+1","Iron Wave+1","Iron Wave+1","Cleave","Entrench","Armaments","Double Tap+1","Spot Weakness","Shrug It Off","Body Slam","Double Tap","Armaments+1","Heavy Blade","Disarm"],"relics":["Burning Blood","Golden Idol","Oddly Smooth Stone","Vajra","Regal Pillow","Orrery","Shovel","Lantern","Darkstone Periapt"],"potions_floor_usage":[16,16,24],"damage_taken":[{"damage":1,"enemies":"Cultist","floor":1,"turns":4},{"damage":2,"enemies":"Small Slimes","floor":3,"turns":4},{"damage":8,"enemies":"Jaw Worm","floor":4,"turns":5},{"damage":8,"enemies":"Red Slaver","floor":7,"turns":4},{"damage":8,"enemies":"Gremlin Nob","floor":11,"turns":4},{"damage":3,"enemies":"Large Slime","floor":13,"turns":5},{"damage":15,"enemies":"Exordium Wildlife","floor":14,"turns":4},{"damage":29,"enemies":"Slime Boss","floor":16,"turns":9},{"damage":12,"enemies":"Shell Parasite","floor":18,"turns":6},{"damage":10,"enemies":"Chosen","floor":22,"turns":4},{"damage":59,"enemies":"Gremlin Leader","floor":24,"turns":7},{"damage":28,"enemies":"3 Cultists","floor":27,"turns":4}],"seed_played":"-5637378836157574111","potions_obtained":[{"floor":3,"key":"Swift Potion"},{"floor":7,"key":"Strength Potion"},{"floor":13,"key":"Energy Potion"},{"floor":14,"key":"Dexterity Potion"},{"floor":19,"key":"FairyPotion"},{"floor":19,"key":"Dexterity Potion"}],"is_trial":false,"path_per_floor":["M","?","M","M","?","R","M","R","T","$","?","R","M","M","R","B",null,"M","?","$","T","M","R","E","$","T"],"character_chosen":"IRONCLAD","items_purchased":["Vajra","Iron Wave","Disarm"],"campfire_rested":1,"item_purchase_floors":[10,10,25],"current_hp_per_floor":[80,60,64,62,55,55,53,53,53,53,51,51,54,45,80,57,80,74,74,74,74,70,70,17,17,17,0],"gold":118,"neow_bonus":"REMOVE_CARD","is_prod":false,"is_daily":false,"chose_seed":false,"campfire_upgraded":4,"win_rate":0,"timestamp":1534670725,"path_taken":["M","?","M","M","?","R","M","R","T","?","?","R","M","M","R","BOSS","M","?","$","?","M","R","E","?","T","M"],"build_version":"2018-08-16","purchased_purges":2,"victory":false,"max_hp_per_floor":[80,80,80,80,80,80,80,80,80,80,80,80,80,80,80,80,80,80,80,80,80,80,80,80,80,80,80],"card_choices":[{"not_picked":["Anger","Thunderclap"],"picked":"True Grit","floor":1},{"not_picked":["Power Through","Thunderclap","Blood for Blood"],"picked":"SKIP","floor":3},{"not_picked":["Havoc","Flex"],"picked":"Body Slam","floor":4},{"not_picked":["Disarm","Havoc"],"picked":"Iron Wave","floor":7},{"not_picked":["Rage","Rampage"],"picked":"Cleave","floor":11},{"not_picked":["Havoc","Anger"],"picked":"Entrench","floor":13},{"not_picked":["Thunderclap","Heavy Blade"],"picked":"Armaments","floor":14},{"not_picked":["Berserk","Brutality"],"picked":"Double Tap","floor":16},{"not_picked":["Dual Wield","Inflame"],"picked":"Spot Weakness","floor":17},{"not_picked":["Wild Strike","Warcry"],"picked":"Shrug It Off","floor":17},{"not_picked":["Twin Strike","Combust"],"picked":"Body Slam","floor":17},{"not_picked":["Twin Strike","Anger"],"picked":"Double Tap","floor":17},{"not_picked":["Body Slam+1","Havoc"],"picked":"Armaments+1","floor":18},{"not_picked":["Thunderclap","Rage","Iron Wave"],"picked":"SKIP","floor":22},{"not_picked":["Havoc","Searing Blow"],"picked":"Heavy Blade","floor":24}],"player_experience":64805,"relics_obtained":[{"floor":9,"key":"Oddly Smooth Stone"},{"floor":11,"key":"Regal Pillow"},{"floor":21,"key":"Shovel"},{"floor":24,"key":"Lantern"},{"floor":26,"key":"Darkstone Periapt"}],"event_choices":[{"event_name":"Golden Idol","player_choice":"Take Damage","floor":2,"damage_taken":0},{"event_name":"Golden Wing","player_choice":"Card Removal","floor":5,"damage_taken":0},{"event_name":"Dead Adventurer","player_choice":"Searched \u00272\u0027 times","floor":11,"damage_taken":0},{"event_name":"The Woman in Blue","player_choice":"Bought 2 Potions","floor":19,"damage_taken":0}],"is_beta":false,"boss_relics":[{"not_picked":["Runic Cube","Coffee Dripper"],"picked":"Orrery"}],"items_purged_floors":[20,25],"is_endless":false,"potions_floor_spawned":[3,7,13,14],"killed_by":"3 Cultists","ascension_level":1}