{"gold_per_floor":[212,387,198,198,221,221,248,98,148,168,168,196,208,219,219,319,319,333,353,453,162,177,177,27,127,127,137,137,165,182,194,194,289,289,307,61,73,73,91,91,120,220,220,220,0,33,33,46,46,46],"floor_reached":51,"playtime":3362,"items_purged":["Doubt","Strike_B","Strike_B","Strike_B"],"score":1185,"play_id":"705f381c-20bc-4c62-bc1e-3fb77b6035a3","local_time":"20190603130558","is_ascension_mode":true,"campfire_choices":[{"data":"Sunder","floor":6,"key":"SMITH"},{"data":"Conserve Battery","floor":11,"key":"SMITH"},{"data":"Genetic Algorithm","floor":15,"key":"SMITH"},{"data":"Dualcast","floor":23,"key":"SMITH"},{"data":"Zap","floor":28,"key":"SMITH"},{"floor":32,"key":"REST"},{"floor":40,"key":"REST"},{"floor":47,"key":"REST"},{"floor":49,"key":"REST"}],"neow_cost":"NONE","seed_source_timestamp":1218304810954541,"circlet_count":0,"master_deck":["Strike_B","Defend_B","Defend_B","Defend_B","Defend_B","Zap+1","Dualcast+1","Sunder+1","Dramatic Entrance","Leap","Genetic Algorithm+1","Ball Lightning","Conserve Battery+1","Cold Snap","FTL","Core Surge","Stack","Beam Cell+1","Defragment","Flash of Steel","Redo+1","Beam Cell","Gash","Electrodynamics+1","Chill+1","Panache+1","Steam","Go for the Eyes+1","BootSequence+1","Forethought","Forethought","Impatience","Go for the Eyes+1","Redo+1"],"relics":["Cracked Core","Pen Nib","Darkstone Periapt","Boot","Bronze Scales","Sozu","Unceasing Top","Letter Opener","Sundial","Frozen Egg 2","Fusion Hammer","Blue Candle","Du-Vu Doll","Dream Catcher","Red Mask","Orichalcum"],"potions_floor_usage":[10,29],"damage_taken":[{"damage":6,"enemies":"2 Louse","floor":1,"turns":3},{"damage":16,"enemies":"Gremlin Nob","floor":7,"turns":4},{"damage":0,"enemies":"Jaw Worm","floor":10,"turns":1},{"damage":5,"enemies":"3 Sentries","floor":12,"turns":6},{"damage":0,"enemies":"Cultist","floor":13,"turns":2},{"damage":0,"enemies":"Large Slime","floor":14,"turns":4},{"damage":18,"enemies":"The Guardian","floor":16,"turns":10},{"damage":8,"enemies":"3 Byrds","floor":18,"turns":3},{"damage":0,"enemies":"Shell Parasite","floor":19,"turns":4},{"damage":9,"enemies":"Colosseum Slavers","floor":20,"turns":5},{"damage":7,"enemies":"Colosseum Nobs","floor":20,"turns":4},{"damage":0,"enemies":"Sentry and Sphere","floor":22,"turns":2},{"damage":0,"enemies":"Centurion and Healer","floor":27,"turns":5},{"damage":0,"enemies":"Slavers","floor":29,"turns":3},{"damage":5,"enemies":"Snecko","floor":30,"turns":3},{"damage":18,"enemies":"Snake Plant","floor":31,"turns":3},{"damage":27,"enemies":"Collector","floor":33,"turns":9},{"damage":0,"enemies":"Orb Walker","floor":35,"turns":2},{"damage":0,"enemies":"3 Shapes","floor":37,"turns":2},{"damage":0,"enemies":"Maw","floor":39,"turns":4},{"damage":9,"enemies":"Nemesis","floor":41,"turns":4},{"damage":0,"enemies":"Mind Bloom Boss Battle","floor":42,"turns":3},{"damage":0,"enemies":"Giant Head","floor":46,"turns":5},{"damage":11,"enemies":"4 Shapes","floor":48,"turns":7},{"damage":0,"enemies":"Awakened One","floor":50,"turns":8}],"seed_played":"4022148643398974094","potions_obtained":[{"floor":7,"key":"Fire Potion"},{"floor":10,"key":"Swift Potion"},{"floor":16,"key":"Block Potion"}],"is_trial":false,"path_per_floor":["M","?","$","?","T","R","E","$","T","M","R","E","M","M","R","B",null,"M","M","?","$","M","R","$","?","T","M","R","E","M","M","R","B",null,"M","$","M","$","M","R","E","?","T","?","?","E","R","M","R","B",null],"character_chosen":"DEFECT","items_purchased":["Dramatic Entrance","Leap","Ball Lightning","Defragment","Flash of Steel","Panache+1","Steam"],"campfire_rested":4,"item_purchase_floors":[3,3,8,21,21,36,36],"current_hp_per_floor":[62,62,62,67,67,67,51,51,51,51,51,46,46,46,46,28,67,59,59,43,43,43,43,43,43,43,43,43,43,38,20,44,17,64,64,64,64,64,64,80,71,71,71,61,61,61,80,69,80,80],"gold":46,"neow_bonus":"HUNDRED_GOLD","is_prod":false,"is_daily":false,"chose_seed":false,"campfire_upgraded":5,"win_rate":0,"timestamp":1559581558,"path_taken":["M","?","$","?","?","R","E","$","T","M","R","E","M","M","R","BOSS","M","?","?","$","M","R","$","?","T","M","R","E","M","M","R","BOSS","M","$","M","$","M","R","E","?","T","?","?","E","R","M","R","BOSS"],"build_version":"2019-01-23","purchased_purges":4,"victory":true,"max_hp_per_floor":[75,75,75,80,80,80,80,80,80,80,80,80,80,80,80,80,80,80,80,80,80,80,80,80,80,80,80,80,80,80,80,80,80,80,80,80,80,80,80,80,80,80,80,80,80,80,80,80,80,80],"card_choices":[{"not_picked":["Go for the Eyes","Sweeping Beam"],"picked":"Sunder","floor":1},{"not_picked":["Static Discharge","Chaos"],"picked":"Genetic Algorithm","floor":7},{"not_picked":["Reprogram","Streamline"],"picked":"Conserve Battery","floor":10},{"not_picked":["Stack","Ball Lightning","Blizzard"],"picked":"SKIP","floor":12},{"not_picked":["Compile Driver","Hologram"],"picked":"Cold Snap","floor":13},{"not_picked":["Beam Cell","BootSequence"],"picked":"FTL","floor":14},{"not_picked":["Seek","Machine Learning"],"picked":"Core Surge","floor":16},{"not_picked":["Beam Cell+1","Gash+1","Darkness"],"picked":"SKIP","floor":18},{"not_picked":["Rebound","Aggregate"],"picked":"Stack","floor":19},{"not_picked":["Streamline","Barrage"],"picked":"Beam Cell+1","floor":20},{"not_picked":["Storm+1","Hello World+1","Scrape+1"],"picked":"SKIP","floor":22},{"not_picked":["Beam Cell+1","Barrage"],"picked":"Redo+1","floor":27},{"not_picked":["Rip and Tear+1","Hyperbeam"],"picked":"Beam Cell","floor":29},{"not_picked":["Auto Shields","Reprogram"],"picked":"Gash","floor":30},{"not_picked":["Barrage+1","Leap+1","Consume"],"picked":"SKIP","floor":31},{"not_picked":["Reboot","Meteor Strike"],"picked":"Electrodynamics+1","floor":33},{"not_picked":["Ball Lightning","Cold Snap"],"picked":"Chill+1","floor":35},{"not_picked":["Redo","Turbo+1"],"picked":"Go for the Eyes+1","floor":37},{"not_picked":["Genetic Algorithm+1","Force Field+1","Conserve Battery"],"picked":"SKIP","floor":39},{"not_picked":["Hologram","Reboot"],"picked":"BootSequence+1","floor":41},{"not_picked":["Deep Breath","Chrysalis"],"picked":"Forethought","floor":44},{"not_picked":["Flash of Steel","Bandage Up"],"picked":"Forethought","floor":44},{"not_picked":["Thinking Ahead","Mind Blast"],"picked":"Impatience","floor":44},{"not_picked":["Loop+1","Hello World+1","Ball Lightning"],"picked":"SKIP","floor":46},{"not_picked":["Fusion","Sunder"],"picked":"Go for the Eyes+1","floor":48},{"not_picked":["Rebound","Chaos"],"picked":"Redo+1","floor":49}],"player_experience":697046,"relics_obtained":[{"floor":5,"key":"Pen Nib"},{"floor":7,"key":"Darkstone Periapt"},{"floor":9,"key":"Boot"},{"floor":12,"key":"Bronze Scales"},{"floor":20,"key":"Unceasing Top"},{"floor":20,"key":"Letter Opener"},{"floor":26,"key":"Sundial"},{"floor":29,"key":"Frozen Egg 2"},{"floor":41,"key":"Blue Candle"},{"floor":42,"key":"Du-Vu Doll"},{"floor":43,"key":"Dream Catcher"},{"floor":46,"key":"Orichalcum"}],"event_choices":[{"damage_healed":0,"gold_gain":175,"player_choice":"AGREE","damage_taken":0,"max_hp_gain":0,"max_hp_loss":0,"event_name":"Liars Game","floor":2,"gold_loss":0,"cards_obtained":["Doubt"]},{"damage_healed":0,"gold_gain":0,"player_choice":"Donut","damage_taken":0,"max_hp_gain":5,"max_hp_loss":0,"event_name":"Big Fish","floor":4,"gold_loss":0},{"damage_healed":0,"gold_gain":0,"player_choice":"Fight","damage_taken":0,"max_hp_gain":0,"max_hp_loss":0,"event_name":"Colosseum","floor":20,"gold_loss":0},{"damage_healed":0,"gold_gain":0,"player_choice":"Fought Nobs","damage_taken":0,"max_hp_gain":0,"max_hp_loss":0,"event_name":"Colosseum","floor":20,"gold_loss":0},{"damage_healed":0,"gold_gain":100,"player_choice":"Pray","damage_taken":0,"max_hp_gain":0,"max_hp_loss":0,"event_name":"Golden Shrine","floor":25,"gold_loss":0},{"damage_healed":0,"gold_gain":0,"player_choice":"Fight","damage_taken":0,"max_hp_gain":0,"max_hp_loss":0,"event_name":"MindBloom","floor":42,"gold_loss":0},{"damage_healed":0,"gold_gain":0,"player_choice":"Memory 3","damage_taken":10,"max_hp_gain":0,"max_hp_loss":0,"event_name":"SensoryStone","floor":44,"gold_loss":0},{"damage_healed":0,"gold_gain":0,"player_choice":"Paid","damage_taken":0,"relics_obtained":["Red Mask"],"max_hp_gain":0,"max_hp_loss":0,"event_name":"Tomb of Lord Red Mask","floor":45,"gold_loss":220}],"is_beta":false,"boss_relics":[{"not_picked":["Orrery","Pandora\u0027s Box"],"picked":"Sozu"},{"not_picked":["Tiny House","Black Star"],"picked":"Fusion Hammer"}],"items_purged_floors":[3,8,21,24],"is_endless":false,"potions_floor_spawned":[7,10,16,19,27,29,30,31,37,42],"ascension_level":9}