{"gold_per_floor":[114,114,114,127,15,15,29,64,117,132,162,182,182,209,209,283,283,295,313,324,336,360,360,392,392,418,450,460,460,44,71,71,148,148,165,115,126,19,33,68,82,107,107,207,226,226,226,244,244,244,244],"floor_reached":52,"playtime":4099,"items_purged":["Strike_R","Strike_R","Strike_R","Strike_R"],"score":1934,"play_id":"646e85cf-bf48-4a0c-a1f5-43a813828e4e","local_time":"20190611000556","is_ascension_mode":true,"campfire_choices":[{"data":"Anger","floor":6.0,"key":"SMITH"},{"floor":13.0,"key":"REST"},{"floor":15.0,"key":"REST"},{"floor":23.0,"key":"REST"},{"floor":25.0,"key":"REST"},{"floor":32.0,"key":"REST"},{"floor":47,"key":"REST"},{"floor":49,"key":"REST"}],"neow_cost":"NONE","seed_source_timestamp":350691900993300,"circlet_count":0,"master_deck":["AscendersBane","Defend_R","Defend_R","Defend_R","Defend_R","Bash+1","Clothesline","Anger+1","Corruption","True Grit","Spot Weakness","Fiend Fire","Shrug It Off","Flame Barrier","Offering","Battle Trance","True Grit","Inflame+1","Seeing Red","Fire Breathing","Metallicize","Shrug It Off","Juggernaut","Impervious","Shrug It Off","Feel No Pain","Inflame+1","Sword Boomerang","Armaments+1"],"special_seed":0,"relics":["Burning Blood","Omamori","Tiny Chest","Sundial","Pocketwatch","Fusion Hammer","Anchor","Strawberry","Red Skull","Smiling Mask","NlothsMask","Lantern","Mercury Hourglass","Runic Pyramid","Art of War","Mummified Hand","Incense Burner"],"potions_floor_usage":[33,50,51],"damage_taken":[{"damage":0.0,"enemies":"2 Louse","floor":1.0,"turns":4.0},{"damage":8.0,"enemies":"Jaw Worm","floor":4.0,"turns":7.0},{"damage":1.0,"enemies":"Cultist","floor":7.0,"turns":4.0},{"damage":15.0,"enemies":"Lagavulin","floor":8.0,"turns":6.0},{"damage":35.0,"enemies":"Gremlin Gang","floor":10.0,"turns":6.0},{"damage":40.0,"enemies":"Gremlin Nob","floor":11.0,"turns":5.0},{"damage":18.0,"enemies":"Red Slaver","floor":12.0,"turns":4.0},{"damage":17.0,"enemies":"3 Sentries","floor":14.0,"turns":7.0},{"damage":5.0,"enemies":"Slime Boss","floor":16.0,"turns":6.0},{"damage":13.0,"enemies":"Spheric Guardian","floor":18.0,"turns":4.0},{"damage":12.0,"enemies":"2 Thieves","floor":19.0,"turns":3.0},{"damage":17.0,"enemies":"Snake Plant","floor":20.0,"turns":3.0},{"damage":17.0,"enemies":"Centurion and Healer","floor":21.0,"turns":5.0},{"damage":12.0,"enemies":"Gremlin Leader","floor":24.0,"turns":6.0},{"damage":52.0,"enemies":"Book of Stabbing","floor":27.0,"turns":6.0},{"damage":6.0,"enemies":"3 Cultists","floor":28.0,"turns":4.0},{"damage":19.0,"enemies":"Gremlin Leader","floor":31.0,"turns":8.0},{"damage":42,"enemies":"Collector","floor":33,"turns":8},{"damage":0,"enemies":"3 Shapes","floor":35,"turns":6},{"damage":8,"enemies":"3 Darklings","floor":37,"turns":4},{"damage":7,"enemies":"Sphere and 2 Shapes","floor":39,"turns":6},{"damage":20,"enemies":"Giant Head","floor":40,"turns":7},{"damage":11,"enemies":"Writhing Mass","floor":41,"turns":5},{"damage":17,"enemies":"Nemesis","floor":42,"turns":5},{"damage":0,"enemies":"Mind Bloom Boss Battle","floor":44,"turns":3},{"damage":18,"enemies":"Jaw Worm Horde","floor":45,"turns":5},{"damage":6,"enemies":"3 Darklings","floor":48,"turns":4},{"damage":71,"enemies":"Awakened One","floor":50,"turns":12},{"damage":16,"enemies":"Time Eater","floor":51,"turns":8}],"seed_played":"-8571958529014236227","potions_obtained":[{"floor":8.0,"key":"BloodPotion"},{"floor":10.0,"key":"BloodPotion"},{"floor":11.0,"key":"LiquidBronze"},{"floor":14.0,"key":"GamblersBrew"},{"floor":21.0,"key":"SkillPotion"},{"floor":24.0,"key":"Weak Potion"},{"floor":33,"key":"Energy Potion"},{"floor":37,"key":"Regen Potion"},{"floor":39,"key":"SteroidPotion"}],"is_trial":false,"path_per_floor":["M","?","?","M","$","R","M","E","T","M","E","M","R","E","R","B",null,"M","M","M","M","T","R","E","R","T","E","M","?","$","E","R","B",null,"M","$","M","$","M","E","M","E","T","?","M","?","R","M","R","B","B",null],"character_chosen":"IRONCLAD","items_purchased":["Corruption","Metallicize","Shrug It Off","Lantern","PowerPotion","Dexterity Potion"],"campfire_rested":7,"item_purchase_floors":[5,30,30,30,30,38],"current_hp_per_floor":[81,74,74,72,72,72,77,68,68,39,13,9,33,22,46,47,73,66,60,49,38,38,62,63,89,89,43,43,43,43,30,56,20,72,78,78,76,76,75,61,56,45,45,51,39,39,65,65,89,24,14],"gold":244,"neow_bonus":"TEN_PERCENT_HP_BONUS","is_prod":false,"is_daily":false,"chose_seed":false,"campfire_upgraded":1,"win_rate":0,"timestamp":1560225956,"path_taken":["M","?","?","?","$","R","M","E","T","M","E","M","R","E","R","BOSS","M","?","M","M","?","R","E","R","T","E","M","?","$","E","R","BOSS","M","$","?","$","M","E","M","E","T","?","M","?","R","M","R","BOSS","BOSS"],"build_version":"2019-01-23","purchased_purges":4,"victory":true,"max_hp_per_floor":[82,82,82,82,82,82,82,82,82,82,82,82,82,82,82,82,82,82,82,82,82,82,82,89,89,89,89,89,89,89,89,89,89,89,89,89,89,89,89,89,89,89,89,89,89,89,89,89,89,89,89],"card_choices":[{"not_picked":["Heavy Blade","Flame Barrier"],"picked":"Clothesline","floor":1.0},{"not_picked":["Seeing Red","Second Wind"],"picked":"Anger","floor":4.0},{"not_picked":["Havoc","Dark Embrace"],"picked":"Evolve","floor":7.0},{"not_picked":["Cleave","Perfected Strike"],"picked":"True Grit","floor":8.0},{"not_picked":["Headbutt","Pommel Strike"],"picked":"Spot Weakness","floor":10.0},{"not_picked":["Cleave","Pommel Strike"],"picked":"Fiend Fire","floor":11.0},{"not_picked":["True Grit","Hemokinesis"],"picked":"Shrug It Off","floor":12.0},{"not_picked":["Body Slam","Iron Wave"],"picked":"Flame Barrier","floor":14.0},{"not_picked":["Juggernaut","Fiend Fire"],"picked":"Offering","floor":16.0},{"not_picked":["Body Slam","Evolve"],"picked":"Battle Trance","floor":18.0},{"not_picked":["Headbutt","Cleave"],"picked":"True Grit","floor":19.0},{"not_picked":["Warcry","Twin Strike"],"picked":"Inflame+1","floor":20.0},{"not_picked":["Body Slam","Anger","Dual Wield"],"picked":"SKIP","floor":21.0},{"not_picked":["Body Slam","Entrench"],"picked":"Seeing Red","floor":24.0},{"not_picked":["Thunderclap","Iron Wave","Bludgeon"],"picked":"SKIP","floor":27.0},{"not_picked":["Thunderclap","Anger"],"picked":"Fire Breathing","floor":28.0},{"not_picked":["Hemokinesis","Twin Strike"],"picked":"Juggernaut","floor":31.0},{"not_picked":["Fiend Fire","Immolate"],"picked":"Impervious","floor":33},{"not_picked":["Evolve","Iron Wave+1"],"picked":"Shrug It Off","floor":35},{"not_picked":["Corruption","Thunderclap","Entrench"],"picked":"SKIP","floor":37},{"not_picked":["Sword Boomerang","True Grit+1"],"picked":"Feel No Pain","floor":39},{"not_picked":["Perfected Strike","True Grit+1"],"picked":"Inflame+1","floor":40},{"not_picked":["Sever Soul","Heavy Blade","Pommel Strike"],"picked":"SKIP","floor":41},{"not_picked":["Clash","Uppercut"],"picked":"Sword Boomerang","floor":42},{"not_picked":["Body Slam","Power Through","Clothesline+1"],"picked":"SKIP","floor":45},{"not_picked":["Anger","Whirlwind"],"picked":"Armaments+1","floor":48}],"player_experience":500161,"relics_obtained":[{"floor":8.0,"key":"Omamori"},{"floor":9.0,"key":"Tiny Chest"},{"floor":11.0,"key":"Sundial"},{"floor":14.0,"key":"Pocketwatch"},{"floor":22.0,"key":"Anchor"},{"floor":24.0,"key":"Strawberry"},{"floor":26.0,"key":"Red Skull"},{"floor":27.0,"key":"Smiling Mask"},{"floor":31.0,"key":"Mercury Hourglass"},{"floor":40,"key":"Art of War"},{"floor":42,"key":"Mummified Hand"},{"floor":44,"key":"Incense Burner"}],"event_choices":[{"cards_removed":["Strike_R"],"damage_healed":0.0,"max_hp_gain":0.0,"max_hp_loss":0.0,"gold_gain":0.0,"event_name":"Golden Wing","player_choice":"Card Removal","floor":2.0,"gold_loss":0.0,"damage_taken":7.0},{"damage_healed":0.0,"max_hp_gain":0.0,"max_hp_loss":0.0,"gold_gain":0.0,"event_name":"Upgrade Shrine","player_choice":"Upgraded","floor":3.0,"gold_loss":0.0,"damage_taken":0.0,"cards_upgraded":["Bash"]},{"damage_healed":0.0,"max_hp_gain":0.0,"max_hp_loss":0.0,"gold_gain":0.0,"event_name":"FaceTrader","player_choice":"Trade","floor":29.0,"gold_loss":0.0,"damage_taken":0.0,"relics_obtained":["NlothsMask"]},{"damage_healed":0,"gold_gain":0,"player_choice":"Fight","damage_taken":0,"max_hp_gain":0,"max_hp_loss":0,"event_name":"MindBloom","floor":44,"gold_loss":0},{"cards_removed":["Evolve"],"damage_healed":0,"gold_gain":0,"player_choice":"Removed Power","damage_taken":0,"max_hp_gain":0,"max_hp_loss":0,"event_name":"Falling","floor":46,"gold_loss":0}],"is_beta":false,"boss_relics":[{"not_picked":["Tiny House","Orrery"],"picked":"Fusion Hammer"},{"not_picked":["White Beast Statue","Empty Cage"],"picked":"Runic Pyramid"}],"items_purged_floors":[5,30,36,38],"is_endless":false,"potions_floor_spawned":[8,10,11,14,19,21,24,31,33,37,39,44,45,48],"ascension_level":20}