{"gold_per_floor":[210,210,223,398,414,414,414,414,485,500,511,542,542,573,573,671,671,682,682,607,468,480,480,491,526,526,526,329,329,349,363,363,363],"floor_reached":33,"playtime":2064,"items_purged":["Strike_R","Strike_R"],"score":371,"play_id":"777b1d3c-9555-4bd2-bca6-713e5b7d5b34","local_time":"20190608005748","is_ascension_mode":true,"campfire_choices":[{"data":"Armaments","floor":6,"key":"SMITH"},{"data":"Iron Wave","floor":8,"key":"SMITH"},{"floor":13,"key":"REST"},{"floor":15,"key":"REST"},{"floor":23,"key":"REST"},{"floor":27,"key":"REST"},{"data":"Juggernaut","floor":29,"key":"SMITH"},{"floor":32,"key":"REST"}],"neow_cost":"NONE","seed_source_timestamp":100187200942300,"circlet_count":0,"master_deck":["Strike_R+1","Strike_R","Strike_R","Defend_R+1","Defend_R+1","Defend_R","Defend_R+1","Bash","Iron Wave+1","Armaments+1","Doubt","True Grit+1","Iron Wave","Body Slam","Juggernaut+1","Heavy Blade","Body Slam+1","Carnage+1","Bludgeon"],"relics":["Burning Blood","Paper Frog","War Paint","Meat on the Bone","Snecko Eye","Nilry\u0027s Codex","Blue Candle","Smiling Mask","Pantograph","PreservedInsect"],"potions_floor_usage":[12,16,16,25,33],"damage_taken":[{"damage":6,"enemies":"2 Louse","floor":1,"turns":3},{"damage":6,"enemies":"Jaw Worm","floor":3,"turns":5},{"damage":0,"enemies":"Small Slimes","floor":5,"turns":3},{"damage":5,"enemies":"2 Fungi Beasts","floor":10,"turns":4},{"damage":6,"enemies":"3 Louse","floor":11,"turns":6},{"damage":31,"enemies":"Gremlin Nob","floor":12,"turns":5},{"damage":34,"enemies":"3 Sentries","floor":14,"turns":12},{"damage":68,"enemies":"Slime Boss","floor":16,"turns":17},{"damage":22,"enemies":"Chosen","floor":18,"turns":6},{"damage":9,"enemies":"Shell Parasite","floor":22,"turns":3},{"damage":53,"enemies":"Sentry and Sphere","floor":24,"turns":9},{"damage":21,"enemies":"Book of Stabbing","floor":25,"turns":4},{"damage":27,"enemies":"Shelled Parasite and Fungi","floor":30,"turns":5},{"damage":27,"enemies":"Snake Plant","floor":31,"turns":3},{"damage":109,"enemies":"Collector","floor":33,"turns":6}],"seed_played":"-7494427033001519662","potions_obtained":[{"floor":5,"key":"Ancient Potion"},{"floor":10,"key":"Regen Potion"},{"floor":12,"key":"Dexterity Potion"},{"floor":14,"key":"Explosive Potion"},{"floor":18,"key":"Fire Potion"},{"floor":25,"key":"Strength Potion"}],"is_trial":false,"path_per_floor":["M","?","M","?","M","R","?","R","T","M","M","E","R","E","R","B",null,"M","?","$","?","M","R","M","E","T","R","$","R","M","M","R","B"],"character_chosen":"IRONCLAD","items_purchased":["PreservedInsect"],"campfire_rested":5,"item_purchase_floors":[28],"current_hp_per_floor":[72,56,56,56,62,62,62,62,62,63,63,50,74,46,70,20,65,49,33,33,33,42,66,31,28,28,52,52,52,43,34,58,0],"gold":363,"neow_bonus":"HUNDRED_GOLD","is_prod":false,"is_daily":false,"chose_seed":false,"campfire_upgraded":3,"win_rate":0,"timestamp":1559944668,"path_taken":["M","?","M","?","M","R","?","R","T","M","M","E","R","E","R","BOSS","M","?","$","?","M","R","M","E","T","R","$","R","?","M","R","BOSS"],"build_version":"2019-01-23","purchased_purges":2,"victory":false,"max_hp_per_floor":[80,80,80,80,80,80,80,80,80,80,80,80,80,80,80,80,80,80,80,80,80,80,80,80,80,80,80,80,80,80,80,80,80],"card_choices":[{"not_picked":["Armaments","Havoc"],"picked":"Iron Wave","floor":1},{"not_picked":["Headbutt","Rage"],"picked":"Armaments","floor":3},{"not_picked":["Rage","Heavy Blade"],"picked":"True Grit","floor":5},{"not_picked":["Headbutt","Dual Wield","Pommel Strike"],"picked":"SKIP","floor":10},{"not_picked":["Fiend Fire","Warcry","Power Through"],"picked":"SKIP","floor":11},{"not_picked":["Searing Blow","Intimidate"],"picked":"Iron Wave","floor":12},{"not_picked":["Fire Breathing","Sword Boomerang"],"picked":"Body Slam","floor":14},{"not_picked":["Impervious","Brutality"],"picked":"Juggernaut","floor":16},{"not_picked":["Flex","Heavy Blade","Headbutt"],"picked":"SKIP","floor":18},{"not_picked":["Whirlwind","Body Slam","Clash"],"picked":"SKIP","floor":22},{"not_picked":["True Grit","Anger"],"picked":"Heavy Blade","floor":24},{"not_picked":["Hemokinesis+1","Thunderclap"],"picked":"Body Slam+1","floor":25},{"not_picked":["Thunderclap","Disarm+1"],"picked":"Carnage+1","floor":30},{"not_picked":["Bloodletting","Ghostly Armor"],"picked":"Bludgeon","floor":31}],"player_experience":175671,"relics_obtained":[{"floor":9,"key":"Paper Frog"},{"floor":12,"key":"War Paint"},{"floor":14,"key":"Meat on the Bone"},{"floor":19,"key":"Nilry\u0027s Codex"},{"floor":25,"key":"Smiling Mask"},{"floor":26,"key":"Pantograph"}],"event_choices":[{"damage_healed":0,"gold_gain":0,"player_choice":"Entered Light","damage_taken":16,"max_hp_gain":0,"max_hp_loss":0,"event_name":"Shining Light","floor":2,"gold_loss":0,"cards_upgraded":["Defend_R","Strike_R"]},{"damage_healed":0,"gold_gain":175,"player_choice":"AGREE","damage_taken":0,"max_hp_gain":0,"max_hp_loss":0,"event_name":"Liars Game","floor":4,"gold_loss":0,"cards_obtained":["Doubt"]},{"damage_healed":0,"gold_gain":0,"player_choice":"Grow","damage_taken":0,"max_hp_gain":0,"max_hp_loss":0,"event_name":"Living Wall","floor":7,"gold_loss":0,"cards_upgraded":["True Grit"]},{"damage_healed":0,"gold_gain":0,"player_choice":"Obtained Book","damage_taken":16,"max_hp_gain":0,"max_hp_loss":0,"event_name":"Cursed Tome","floor":19,"gold_loss":0},{"damage_healed":0,"gold_gain":0,"player_choice":"Paid Gold","damage_taken":0,"relics_obtained":["Blue Candle"],"max_hp_gain":0,"max_hp_loss":0,"event_name":"WeMeetAgain","floor":21,"gold_loss":139}],"is_beta":false,"boss_relics":[{"not_picked":["Cursed Key","Ectoplasm"],"picked":"Snecko Eye"}],"items_purged_floors":[20,28],"is_endless":false,"potions_floor_spawned":[5,10,12,14,18,25],"killed_by":"Collector","ascension_level":7}