{"gold_per_floor":[113,133,147,166,180,180,209,209,209,234,234,250,9,20,20,120,120,134,145,155,167,179,179,206,206,231,231,156,156,167,191,191,291,291,302,302,328,328,346,346,346],"floor_reached":41,"playtime":1699,"items_purged":[],"score":499,"play_id":"51d74bd1-692f-4c91-81de-8dcefa3ae00a","local_time":"20180827014504","is_ascension_mode":true,"campfire_choices":[{"data":"Biased Cognition","floor":6,"key":"SMITH"},{"floor":8,"key":"REST"},{"floor":15,"key":"REST"},{"floor":23,"key":"REST"},{"floor":25,"key":"REST"},{"floor":27,"key":"REST"},{"floor":32,"key":"REST"},{"data":"Creative AI","floor":40,"key":"SMITH"}],"neow_cost":"NONE","seed_source_timestamp":46444396986180,"circlet_count":0,"master_deck":["Zap","Dualcast","Double Energy","Melter","Ball Lightning","Hologram","Biased Cognition+1","Seek","Loop","Lockon","Machine Learning","Leap","Heatsinks","Gash","Sweeping Beam","Redo","Gash","Aggregate+1","Biased Cognition","Chaos+1","Thunder Strike","Self Repair","Creative AI+1","Capacitor","Writhe","Static Discharge+1"],"relics":["Cracked Core","Art of War","Shuriken","Letter Opener","Ornamental Fan","Gremlin Horn","Pandora\u0027s Box","Bottled Lightning","Juzu Bracelet","Vajra","Inserter","Happy Flower"],"potions_floor_usage":[5,10,14,16,19,22,24,33,41,41],"damage_taken":[{"damage":1,"enemies":"Cultist","floor":1,"turns":4},{"damage":1,"enemies":"Jaw Worm","floor":2,"turns":4},{"damage":0,"enemies":"2 Louse","floor":3,"turns":2},{"damage":1,"enemies":"2 Fungi Beasts","floor":4,"turns":3},{"damage":10,"enemies":"Exordium Thugs","floor":5,"turns":2},{"damage":18,"enemies":"Gremlin Nob","floor":7,"turns":3},{"damage":23,"enemies":"Lagavulin","floor":10,"turns":4},{"damage":0,"enemies":"3 Louse","floor":12,"turns":2},{"damage":13,"enemies":"Gremlin Gang","floor":14,"turns":2},{"damage":0,"enemies":"Slime Boss","floor":16,"turns":5},{"damage":13,"enemies":"Shell Parasite","floor":18,"turns":3},{"damage":17,"enemies":"2 Thieves","floor":19,"turns":3},{"damage":11,"enemies":"Centurion and Healer","floor":20,"turns":5},{"damage":5,"enemies":"Sentry and Sphere","floor":21,"turns":3},{"damage":0,"enemies":"Snake Plant","floor":22,"turns":2},{"damage":47,"enemies":"Slavers","floor":24,"turns":4},{"damage":1,"enemies":"Cultist and Chosen","floor":30,"turns":3},{"damage":75,"enemies":"Automaton","floor":33,"turns":9},{"damage":22,"enemies":"Flame Bruiser 1 Orb","floor":35,"turns":5},{"damage":13,"enemies":"3 Shapes","floor":39,"turns":4},{"damage":91,"enemies":"Giant Head","floor":41,"turns":6}],"seed_played":"-9060094499147363432","potions_obtained":[{"floor":4,"key":"Explosive Potion"},{"floor":7,"key":"AttackPotion"},{"floor":10,"key":"LiquidBronze"},{"floor":12,"key":"SpeedPotion"},{"floor":14,"key":"Ancient Potion"},{"floor":16,"key":"GamblersBrew"},{"floor":20,"key":"Weak Potion"},{"floor":21,"key":"SkillPotion"},{"floor":24,"key":"Regen Potion"},{"floor":33,"key":"Swift Potion"},{"floor":39,"key":"Swift Potion"}],"is_trial":false,"path_per_floor":["M","M","M","M","M","R","E","R","T","E","?","M","$","M","R","B",null,"M","M","M","M","M","R","E","R","T","R","?","?","M","T","R","B",null,"M","?","T","?","M","R"],"character_chosen":"DEFECT","items_purchased":["Gremlin Horn"],"campfire_rested":6,"item_purchase_floors":[13],"current_hp_per_floor":[74,73,73,72,62,62,44,66,66,43,36,36,36,23,45,45,75,62,45,34,29,29,51,4,26,26,48,48,48,47,47,69,16,75,60,60,60,75,69,69,0],"gold":346,"neow_bonus":"RANDOM_COMMON_RELIC","is_prod":false,"is_daily":false,"chose_seed":false,"campfire_upgraded":2,"win_rate":0,"timestamp":1535323504,"path_taken":["M","M","M","M","M","R","E","R","T","E","?","M","?","M","R","BOSS","M","M","M","M","M","R","E","R","T","R","?","?","M","?","R","BOSS","M","?","?","?","M","R","E"],"build_version":"2018-08-23v2","purchased_purges":0,"victory":false,"max_hp_per_floor":[75,75,75,75,75,75,75,75,75,75,75,75,75,75,75,75,75,75,75,75,75,75,75,75,75,75,75,75,75,75,75,75,75,75,75,75,75,75,75,75,75],"card_choices":[{"not_picked":["Steam","Leap"],"picked":"Double Energy","floor":1},{"not_picked":["Streamline","Compile Driver"],"picked":"Melter","floor":2},{"not_picked":["Hologram","Force Field"],"picked":"Ball Lightning","floor":3},{"not_picked":["Sweeping Beam","Stack"],"picked":"Hologram","floor":4},{"not_picked":["Hologram","Rebound"],"picked":"Biased Cognition","floor":5},{"not_picked":["Aggregate","Consume"],"picked":"Seek","floor":7},{"not_picked":["Blizzard","Glacier"],"picked":"Loop","floor":10},{"not_picked":["Ball Lightning","Gash"],"picked":"Lockon","floor":12},{"not_picked":["Auto Shields","Streamline","Beam Cell"],"picked":"SKIP","floor":14},{"not_picked":["Fission","Thunder Strike"],"picked":"Machine Learning","floor":16},{"not_picked":["Streamline","Gash"],"picked":"Aggregate+1","floor":18},{"not_picked":["Turbo","Beam Cell","Barrage"],"picked":"SKIP","floor":19},{"not_picked":["Beam Cell","Redo","Streamline"],"picked":"SKIP","floor":20},{"not_picked":["Reinforced Body","Turbo"],"picked":"Biased Cognition","floor":21},{"not_picked":["Rip and Tear","Beam Cell","Aggregate"],"picked":"SKIP","floor":22},{"not_picked":["Steam","Gash"],"picked":"Chaos+1","floor":24},{"not_picked":["Cold Snap","Chaos"],"picked":"Self Repair","floor":30},{"not_picked":["Biased Cognition","Reboot"],"picked":"Creative AI","floor":33},{"not_picked":["Compile Driver+1","Darkness"],"picked":"Capacitor","floor":35},{"not_picked":["Gash","Go for the Eyes"],"picked":"Static Discharge+1","floor":39}],"player_experience":100265,"relics_obtained":[{"floor":7,"key":"Shuriken"},{"floor":9,"key":"Letter Opener"},{"floor":10,"key":"Ornamental Fan"},{"floor":24,"key":"Bottled Lightning"},{"floor":26,"key":"Juzu Bracelet"},{"floor":31,"key":"Vajra"},{"floor":37,"key":"Happy Flower"}],"event_choices":[{"event_name":"Golden Wing","player_choice":"Card Removal","floor":11,"damage_taken":0},{"event_name":"Beggar","player_choice":"Gave Gold","floor":28,"damage_taken":0},{"event_name":"Match and Keep!","player_choice":"1 cards matched","floor":29,"damage_taken":0},{"event_name":"Tomb of Lord Red Mask","player_choice":"Ignored","floor":36,"damage_taken":0},{"event_name":"Winding Halls","player_choice":"Writhe","floor":38,"damage_taken":0}],"is_beta":false,"boss_relics":[{"not_picked":["Empty Cage","Runic Dome"],"picked":"Pandora\u0027s Box"},{"not_picked":["White Beast Statue","Eternal Feather"],"picked":"Inserter"}],"items_purged_floors":[],"is_endless":false,"potions_floor_spawned":[4,7,10,12,14,16,20,21,24,33,39],"killed_by":"Giant Head","ascension_level":1}