{"gold_per_floor":[117,130,141,161,171,171,199,210,210,175,175,209,209,225,225,330,380,398,323,341,256,356,356,46,62,134,134,163,177,190,204,204,204],"floor_reached":33,"playtime":1330,"items_purged":["Defend_R"],"score":443,"play_id":"25f195b1-4375-4312-bd9c-9d7cc78422e9","local_time":"20190611114820","is_ascension_mode":true,"campfire_choices":[{"floor":6,"key":"REST"},{"data":"Armaments","floor":11,"key":"SMITH"},{"data":"Carnage","floor":13,"key":"SMITH"},{"data":"Flame Barrier","floor":15,"key":"SMITH"},{"floor":23,"key":"REST"},{"floor":27,"key":"REST"},{"floor":32,"key":"REST"}],"neow_cost":"PERCENT_DAMAGE","seed_source_timestamp":399152776360100,"circlet_count":0,"master_deck":["Strike_R","Strike_R","Strike_R","Strike_R","Strike_R","Defend_R+1","Defend_R","Bash","Twin Strike","Pommel Strike","Cleave","Armaments+1","Flame Barrier+1","Carnage+1","Iron Wave","Pommel Strike","Uppercut","Shockwave","Cleave+1","Perfected Strike+1","True Grit+1","Wild Strike","Battle Trance+1"],"relics":["Burning Blood","Gremlin Horn","Meat on the Bone","Shuriken","Tiny House","Mercury Hourglass","Membership Card","Regal Pillow","Blue Candle","Pear"],"potions_floor_usage":[7,12,16,20,25,33,33],"damage_taken":[{"damage":1,"enemies":"Cultist","floor":1,"turns":3},{"damage":8,"enemies":"2 Louse","floor":2,"turns":2},{"damage":7,"enemies":"Small Slimes","floor":3,"turns":3},{"damage":13,"enemies":"Red Slaver","floor":4,"turns":3},{"damage":6,"enemies":"Blue Slaver","floor":5,"turns":3},{"damage":35,"enemies":"Lagavulin","floor":7,"turns":6},{"damage":6,"enemies":"Looter","floor":8,"turns":3},{"damage":17,"enemies":"3 Sentries","floor":12,"turns":6},{"damage":5,"enemies":"Lots of Slimes","floor":14,"turns":2},{"damage":46,"enemies":"Hexaghost","floor":16,"turns":10},{"damage":53,"enemies":"Spheric Guardian","floor":18,"turns":7},{"damage":29,"enemies":"Shell Parasite","floor":20,"turns":7},{"damage":24,"enemies":"Centurion and Healer","floor":25,"turns":5},{"damage":21,"enemies":"Gremlin Leader","floor":28,"turns":6},{"damage":42,"enemies":"Shelled Parasite and Fungi","floor":29,"turns":4},{"damage":10,"enemies":"Sentry and Sphere","floor":30,"turns":4},{"damage":10,"enemies":"Chosen and Byrds","floor":31,"turns":4},{"damage":123,"enemies":"Automaton","floor":33,"turns":10}],"seed_played":"-2591109867627679938","potions_obtained":[{"floor":4,"key":"Regen Potion"},{"floor":7,"key":"SteroidPotion"},{"floor":8,"key":"Energy Potion"},{"floor":12,"key":"SkillPotion"},{"floor":17,"key":"Weak Potion"},{"floor":25,"key":"LiquidBronze"},{"floor":28,"key":"LiquidBronze"},{"floor":29,"key":"SpeedPotion"}],"is_trial":false,"path_per_floor":["M","M","M","M","M","R","E","M","T","?","R","E","R","M","R","B",null,"M","?","M","?","?","R","$","M","T","R","E","M","M","M","R","B"],"character_chosen":"IRONCLAD","items_purchased":["Membership Card","Regal Pillow"],"campfire_rested":4,"item_purchase_floors":[24,24],"current_hp_per_floor":[72,70,69,62,62,90,75,75,75,96,96,85,85,86,86,58,92,57,57,46,46,46,76,76,58,58,101,96,72,68,64,111,0],"gold":204,"neow_bonus":"TWENTY_PERCENT_HP_BONUS","is_prod":false,"is_daily":false,"chose_seed":false,"campfire_upgraded":3,"win_rate":0,"timestamp":1560242900,"path_taken":["M","M","M","M","M","R","E","M","T","?","R","E","R","M","R","BOSS","M","?","M","?","?","R","$","M","T","R","E","M","M","M","R","BOSS"],"build_version":"2019-01-23","purchased_purges":1,"victory":false,"max_hp_per_floor":[96,96,96,96,96,96,96,96,96,96,96,96,96,96,96,96,101,101,101,101,101,101,101,101,101,101,101,111,111,111,111,111,111],"card_choices":[{"not_picked":["Shrug It Off","Havoc"],"picked":"Twin Strike","floor":1},{"not_picked":["Intimidate","Disarm"],"picked":"Pommel Strike","floor":2},{"not_picked":["Clash","True Grit"],"picked":"Cleave","floor":3},{"not_picked":["Warcry","Bloodletting"],"picked":"Armaments","floor":4},{"not_picked":["Power Through","Wild Strike"],"picked":"Flame Barrier","floor":5},{"not_picked":["Barricade","Reaper"],"picked":"Carnage","floor":7},{"not_picked":["Reckless Charge","Warcry"],"picked":"Iron Wave","floor":8},{"not_picked":["Cleave","Headbutt"],"picked":"Pommel Strike","floor":12},{"not_picked":["Cleave","Headbutt","Warcry"],"picked":"SKIP","floor":14},{"not_picked":["Body Slam","Dropkick"],"picked":"Uppercut","floor":17},{"not_picked":["Ghostly Armor","Sword Boomerang"],"picked":"Shockwave","floor":18},{"not_picked":["Sentinel","Uppercut"],"picked":"Cleave+1","floor":20},{"not_picked":["Thunderclap+1","Sever Soul"],"picked":"Perfected Strike+1","floor":25},{"not_picked":["Burning Pact","Thunderclap","Heavy Blade"],"picked":"SKIP","floor":28},{"not_picked":["Bloodletting","Bludgeon"],"picked":"True Grit+1","floor":29},{"not_picked":["Heavy Blade","Headbutt"],"picked":"Wild Strike","floor":30},{"not_picked":["Clothesline+1","Rampage"],"picked":"Battle Trance+1","floor":31}],"player_experience":197740,"relics_obtained":[{"floor":7,"key":"Gremlin Horn"},{"floor":9,"key":"Meat on the Bone"},{"floor":12,"key":"Shuriken"},{"floor":26,"key":"Blue Candle"},{"floor":28,"key":"Pear"}],"event_choices":[{"damage_healed":24,"gold_gain":0,"player_choice":"Healed","damage_taken":0,"max_hp_gain":0,"max_hp_loss":0,"event_name":"The Cleric","floor":10,"gold_loss":35},{"cards_removed":["Defend_R"],"damage_healed":0,"gold_gain":0,"player_choice":"Gave Gold","damage_taken":0,"max_hp_gain":0,"max_hp_loss":0,"event_name":"Beggar","floor":19,"gold_loss":75},{"damage_healed":0,"gold_gain":0,"player_choice":"Obtained Relic","damage_taken":0,"relics_obtained":["Mercury Hourglass"],"max_hp_gain":0,"max_hp_loss":0,"event_name":"Addict","floor":21,"gold_loss":85},{"damage_healed":0,"gold_gain":100,"player_choice":"Pray","damage_taken":0,"max_hp_gain":0,"max_hp_loss":0,"event_name":"Golden Shrine","floor":22,"gold_loss":0}],"is_beta":false,"boss_relics":[{"not_picked":["Calling Bell","Ectoplasm"],"picked":"Tiny House"}],"items_purged_floors":[24],"is_endless":false,"potions_floor_spawned":[4,7,8,12,25,28,29],"killed_by":"Automaton","ascension_level":8}