{"gold_per_floor":[111,124,135,148,148,148,180,1,1,1,1,0,31,31,31,154,154,173,88,48,67,87,87,125,144,144,144,184,200,200,60,60,189,189,214,233,358,372,372,372,372,386,386,405,405,439,507,63,63,63],"floor_reached":51,"playtime":1754,"items_purged":["Strike_R","Strike_R"],"score":748,"play_id":"f24cc09b-ef79-400f-acec-0b88bd1a8134","local_time":"20190611213843","is_ascension_mode":false,"campfire_choices":[{"data":"Pommel Strike","floor":6,"key":"SMITH"},{"data":"Inflame","floor":10,"key":"SMITH"},{"data":"Bash","floor":15,"key":"SMITH"},{"data":"Metallicize","floor":23,"key":"SMITH"},{"data":"Sword Boomerang","floor":27,"key":"SMITH"},{"data":"Pommel Strike","floor":32,"key":"SMITH"},{"data":"Battle Trance","floor":40,"key":"SMITH"},{"data":"Blind","floor":45,"key":"SMITH"},{"data":"Battle Trance","floor":49,"key":"SMITH"}],"neow_cost":"","seed_source_timestamp":176562239944252,"circlet_count":0,"master_deck":["Strike_R","Strike_R","Strike_R","Defend_R","Defend_R","Defend_R","Defend_R","Bash+1","Shrug It Off","Pommel Strike+1","Cleave","Shrug It Off","Inflame+1","Shrug It Off","Injury","Perfected Strike+1","Barricade","Shockwave+1","Metallicize+1","Sword Boomerang+1","Corruption","Body Slam+1","Pummel+1","Warcry+1","Anger+1","Pommel Strike+1","Blind+1","Impervious","Inflame+1","Battle Trance+1","Twin Strike+1","Pommel Strike+1","Twin Strike+1","Body Slam+1","Battle Trance+1","Inflame+1"],"relics":["Burning Blood","Oddly Smooth Stone","Pantograph","Meat on the Bone","Golden Idol","Anchor","Sozu","Letter Opener","Shuriken","Peace Pipe","Gremlin Horn","Self Forming Clay","Philosopher\u0027s Stone","Ice Cream","Mummified Hand","Pen Nib","Pocketwatch","TheAbacus","Centennial Puzzle"],"potions_floor_usage":[7,33,33],"damage_taken":[{"damage":10,"enemies":"Cultist","floor":1,"turns":4},{"damage":11,"enemies":"Jaw Worm","floor":2,"turns":3},{"damage":0,"enemies":"Small Slimes","floor":3,"turns":3},{"damage":8,"enemies":"3 Louse","floor":4,"turns":5},{"damage":14,"enemies":"Gremlin Nob","floor":7,"turns":4},{"damage":12,"enemies":"Lagavulin","floor":13,"turns":7},{"damage":53,"enemies":"The Guardian","floor":16,"turns":14},{"damage":7,"enemies":"Spheric Guardian","floor":18,"turns":4},{"damage":7,"enemies":"2 Thieves","floor":21,"turns":5},{"damage":6,"enemies":"Centurion and Healer","floor":22,"turns":6},{"damage":11,"enemies":"Book of Stabbing","floor":24,"turns":5},{"damage":0,"enemies":"Chosen and Byrds","floor":25,"turns":4},{"damage":13,"enemies":"Slavers","floor":28,"turns":4},{"damage":16,"enemies":"Snake Plant","floor":29,"turns":3},{"damage":19,"enemies":"Champ","floor":33,"turns":8},{"damage":1,"enemies":"Orb Walker","floor":35,"turns":2},{"damage":0,"enemies":"3 Shapes","floor":36,"turns":3},{"damage":0,"enemies":"Mind Bloom Boss Battle","floor":37,"turns":5},{"damage":10,"enemies":"Writhing Mass","floor":38,"turns":4},{"damage":0,"enemies":"Spire Growth","floor":42,"turns":4},{"damage":0,"enemies":"Jaw Worm Horde","floor":44,"turns":2},{"damage":10,"enemies":"Giant Head","floor":46,"turns":6},{"damage":16,"enemies":"2 Orb Walkers","floor":47,"turns":4},{"damage":22,"enemies":"Awakened One","floor":50,"turns":5}],"seed_played":"-1655003580381941523","potions_obtained":[{"floor":2,"key":"SteroidPotion"},{"floor":3,"key":"PowerPotion"},{"floor":16,"key":"FearPotion"}],"is_trial":false,"path_per_floor":["M","M","M","M","T","R","E","$","T","R","?","?","E","?","R","B",null,"M","?","$","M","M","R","E","M","T","R","E","M","T","$","R","B",null,"M","M","?","M","?","R","?","M","T","M","R","E","?","$","R","B",null],"character_chosen":"IRONCLAD","items_purchased":["Inflame","Shrug It Off","Metallicize","Pommel Strike","Blind","TheAbacus","Centennial Puzzle"],"campfire_rested":0,"item_purchase_floors":[8,8,20,31,31,48,48],"current_hp_per_floor":[76,71,77,75,75,75,67,67,67,67,67,67,61,61,61,45,80,79,79,79,78,78,78,73,79,79,79,72,62,62,62,62,67,80,80,80,80,76,76,76,76,76,76,76,76,72,62,62,62,60],"gold":63,"neow_bonus":"","is_prod":false,"is_daily":false,"chose_seed":false,"campfire_upgraded":9,"win_rate":0.0,"timestamp":1560307123,"path_taken":["M","M","M","M","?","R","E","$","T","R","?","?","E","?","R","BOSS","M","?","$","M","M","R","E","M","T","R","E","M","?","$","R","BOSS","M","M","?","M","?","R","?","?","T","M","R","E","?","$","R","BOSS"],"build_version":"2019-01-23","purchased_purges":2,"victory":true,"max_hp_per_floor":[80,80,80,80,80,80,80,80,80,80,80,80,80,80,80,80,80,80,80,80,80,80,80,80,80,80,80,80,80,80,80,80,80,80,80,80,80,80,76,76,76,76,76,76,76,76,76,76,76,76],"card_choices":[{"not_picked":["Warcry","Sever Soul","Corruption"],"picked":"SKIP","floor":1},{"not_picked":["Warcry","Hemokinesis"],"picked":"Shrug It Off","floor":2},{"not_picked":["True Grit","Clash"],"picked":"Pommel Strike","floor":3},{"not_picked":["Searing Blow","Flex"],"picked":"Cleave","floor":4},{"not_picked":["Combust","Flame Barrier"],"picked":"Shrug It Off","floor":7},{"not_picked":["Infernal Blade","Rage"],"picked":"Perfected Strike","floor":13},{"not_picked":["Dark Embrace","Bludgeon"],"picked":"Barricade","floor":16},{"not_picked":["Sword Boomerang","Clash+1"],"picked":"Shockwave+1","floor":18},{"not_picked":["Blood for Blood","Flame Barrier"],"picked":"Sword Boomerang","floor":21},{"not_picked":["Thunderclap+1","Cleave"],"picked":"Corruption","floor":22},{"not_picked":["Reckless Charge","Cleave"],"picked":"Body Slam+1","floor":24},{"not_picked":["Infernal Blade+1","Iron Wave+1"],"picked":"Pummel+1","floor":25},{"not_picked":["Clash","Combust"],"picked":"Warcry+1","floor":28},{"not_picked":["Body Slam","Seeing Red"],"picked":"Anger+1","floor":29},{"not_picked":["Berserk","Double Tap"],"picked":"Impervious","floor":33},{"not_picked":["Iron Wave","Thunderclap+1"],"picked":"Inflame+1","floor":35},{"not_picked":["Clash+1","Anger+1"],"picked":"Battle Trance","floor":36},{"not_picked":["Cleave+1","Anger+1"],"picked":"Twin Strike+1","floor":37},{"not_picked":["True Grit","Sever Soul"],"picked":"Pommel Strike+1","floor":38},{"not_picked":["Berserk","Blood for Blood+1"],"picked":"Twin Strike+1","floor":42},{"not_picked":["True Grit+1","Shrug It Off"],"picked":"Body Slam+1","floor":44},{"not_picked":["Sword Boomerang+1","Hemokinesis"],"picked":"Battle Trance","floor":46},{"not_picked":["Power Through+1","Rampage+1"],"picked":"Inflame+1","floor":47}],"player_experience":0,"relics_obtained":[{"floor":5,"key":"Oddly Smooth Stone"},{"floor":7,"key":"Pantograph"},{"floor":9,"key":"Meat on the Bone"},{"floor":13,"key":"Anchor"},{"floor":24,"key":"Shuriken"},{"floor":26,"key":"Peace Pipe"},{"floor":28,"key":"Gremlin Horn"},{"floor":30,"key":"Self Forming Clay"},{"floor":37,"key":"Ice Cream"},{"floor":43,"key":"Mummified Hand"},{"floor":46,"key":"Pen Nib"},{"floor":47,"key":"Pocketwatch"}],"event_choices":[{"damage_healed":0,"gold_gain":0,"player_choice":"Take Wound","damage_taken":0,"relics_obtained":["Golden Idol"],"max_hp_gain":0,"max_hp_loss":0,"event_name":"Golden Idol","floor":11,"gold_loss":0,"cards_obtained":["Injury"]},{"damage_healed":0,"gold_gain":0,"player_choice":"Left Gold","damage_taken":0,"max_hp_gain":0,"max_hp_loss":0,"event_name":"World of Goop","floor":12,"gold_loss":1},{"damage_healed":0,"gold_gain":0,"player_choice":"Grow","damage_taken":0,"max_hp_gain":0,"max_hp_loss":0,"event_name":"Living Wall","floor":14,"gold_loss":0,"cards_upgraded":["Perfected Strike"]},{"damage_healed":0,"gold_gain":0,"player_choice":"Obtained Relic","damage_taken":0,"relics_obtained":["Letter Opener"],"max_hp_gain":0,"max_hp_loss":0,"event_name":"Addict","floor":19,"gold_loss":85},{"damage_healed":0,"gold_gain":0,"player_choice":"Fight","damage_taken":0,"max_hp_gain":0,"max_hp_loss":0,"event_name":"MindBloom","floor":37,"gold_loss":0},{"damage_healed":0,"gold_gain":0,"player_choice":"Max HP","damage_taken":0,"max_hp_gain":0,"max_hp_loss":4,"event_name":"Winding Halls","floor":39,"gold_loss":0},{"damage_healed":0,"gold_gain":0,"player_choice":"Ignored","damage_taken":0,"max_hp_gain":0,"max_hp_loss":0,"event_name":"Tomb of Lord Red Mask","floor":41,"gold_loss":0},{"damage_healed":0,"gold_gain":0,"player_choice":"Fight","damage_taken":0,"max_hp_gain":0,"max_hp_loss":0,"event_name":"Mysterious Sphere","floor":47,"gold_loss":0}],"is_beta":false,"boss_relics":[{"not_picked":["Empty Cage","Ectoplasm"],"picked":"Sozu"},{"not_picked":["Black Star","Fusion Hammer"],"picked":"Philosopher\u0027s Stone"}],"items_purged_floors":[8,48],"is_endless":false,"potions_floor_spawned":[2,3,16,21,24,36,37,42,47],"ascension_level":0}