{"gold_per_floor":[117,129,149,167,242,242,254,529,582,595,163,163,198,210,210,210],"floor_reached":16,"playtime":785,"items_purged":["Defend_B"],"score":114,"play_id":"4d1a0a24-c3c6-4809-be80-22565ae3315d","local_time":"20180828144232","is_ascension_mode":true,"campfire_choices":[{"floor":6,"key":"REST"},{"floor":15,"key":"REST"}],"neow_cost":"NONE","seed_source_timestamp":180405968696079,"circlet_count":0,"master_deck":["Strike_B","Strike_B","Defend_B","Defend_B","Defend_B","Zap","Dualcast","Conserve Battery","Darkness","Capacitor","Sunder+1","Genetic Algorithm","Regret","Doom and Gloom+1","Self Repair","Self Repair"],"relics":["Cracked Core","Tiny Chest","Blood Vial","Omamori","Whetstone"],"potions_floor_usage":[4,13,13,13],"damage_taken":[{"damage":2,"enemies":"2 Louse","floor":1,"turns":3},{"damage":0,"enemies":"Jaw Worm","floor":2,"turns":4},{"damage":1,"enemies":"Cultist","floor":3,"turns":4},{"damage":14,"enemies":"3 Louse","floor":4,"turns":2},{"damage":6,"enemies":"Looter","floor":7,"turns":4},{"damage":13,"enemies":"Lots of Slimes","floor":10,"turns":4},{"damage":25,"enemies":"Gremlin Nob","floor":13,"turns":4},{"damage":23,"enemies":"Gremlin Gang","floor":14,"turns":4},{"damage":58,"enemies":"Hexaghost","floor":16,"turns":7}],"seed_played":"2735146096430047360","potions_obtained":[{"floor":3,"key":"Explosive Potion"},{"floor":4,"key":"Dexterity Potion"},{"floor":7,"key":"Weak Potion"},{"floor":10,"key":"Swift Potion"},{"floor":13,"key":"Ancient Potion"}],"is_trial":false,"path_per_floor":["M","M","M","M","?","R","M","?","T","M","$","?","E","M","R"],"character_chosen":"DEFECT","items_purchased":["Blood Vial","Self Repair","Omamori"],"campfire_rested":2,"item_purchase_floors":[11,11,11],"current_hp_per_floor":[73,73,72,58,47,69,63,63,63,50,50,50,41,34,56,0],"gold":210,"neow_bonus":"REMOVE_CARD","is_prod":false,"is_daily":false,"chose_seed":false,"campfire_upgraded":0,"win_rate":0,"timestamp":1535456552,"path_taken":["M","M","M","M","?","R","M","?","T","M","$","?","E","M","R","BOSS"],"build_version":"2018-08-23v2","purchased_purges":1,"victory":false,"max_hp_per_floor":[75,75,75,75,75,75,75,75,75,75,75,75,75,75,75,75],"card_choices":[{"not_picked":["BootSequence","Reinforced Body"],"picked":"Conserve Battery","floor":1},{"not_picked":["Scrape","Streamline"],"picked":"Darkness","floor":2},{"not_picked":["Redo","Rebound"],"picked":"Capacitor","floor":3},{"not_picked":["Go for the Eyes","Beam Cell"],"picked":"Sunder","floor":4},{"not_picked":["Coolheaded","Recycle"],"picked":"Genetic Algorithm","floor":7},{"not_picked":["Defragment","FTL"],"picked":"Doom and Gloom","floor":10},{"not_picked":["Stack","Turbo","Fusion"],"picked":"SKIP","floor":13},{"not_picked":["Tempest","Sunder","Rebound"],"picked":"SKIP","floor":14}],"player_experience":111607,"relics_obtained":[{"floor":9,"key":"Tiny Chest"},{"floor":13,"key":"Whetstone"}],"event_choices":[{"event_name":"World of Goop","player_choice":"Gather Gold","floor":5,"damage_taken":0},{"event_name":"Golden Shrine","player_choice":"Desecrate","floor":8,"damage_taken":0},{"event_name":"Transmorgrifier","player_choice":"Transform","floor":12,"damage_taken":0}],"is_beta":false,"boss_relics":[],"items_purged_floors":[11],"is_endless":false,"potions_floor_spawned":[3,4,7,10,13],"killed_by":"Hexaghost","ascension_level":2}