{"gold_per_floor":[121,148,177,189,218,230,252,264,303,348,376,422,434,460,472,588,600,629,653,119,136,156,156,186,186,257,257,290,290,305,305,305,407,407,419,436,436,436,536,536,102,130,207,217,92,105,121,134,134,134],"floor_reached":51,"playtime":1845,"items_purged":["Strike_R","Strike_R","Strike_R"],"score":1028,"play_id":"6947472c-5c16-4487-a812-309fa8e6af62","local_time":"20190611011303","is_ascension_mode":true,"campfire_choices":[{"data":"Cleave","floor":6,"key":"SMITH"},{"data":"Uppercut","floor":8,"key":"SMITH"},{"floor":15,"key":"REST"},{"floor":23,"key":"REST"},{"data":"Armaments","floor":25,"key":"SMITH"},{"data":"Heavy Blade","floor":32,"key":"SMITH"},{"floor":40,"key":"REST"},{"floor":49,"key":"REST"}],"neow_cost":"NONE","seed_source_timestamp":360505855597200,"circlet_count":0,"master_deck":["Defend_R","Defend_R","Bash","Uppercut+1","Iron Wave","Blood for Blood","Cleave+1","Metallicize","Armaments+1","Double Tap","Infernal Blade","Twin Strike+1","True Grit","Heavy Blade+1","Infernal Blade+1","Perfected Strike","Necronomicurse","Demon Form","Sentinel+1","Second Wind+1","Iron Wave+1","Heavy Blade+1","Dramatic Entrance","Shrug It Off+1","Shockwave+1","Entrench+1","Heavy Blade+1"],"relics":["Black Blood","MawBank","Pen Nib","Bag of Marbles","Centennial Puzzle","Ancient Tea Set","Dream Catcher","Brimstone","Orichalcum","Singing Bowl","Necronomicon","Dodecahedron","Vajra","Astrolabe","ClockworkSouvenir","Happy Flower","Ornamental Fan","Sundial"],"potions_floor_usage":[10,10,10,14,24,24,24,28,33,50,50],"damage_taken":[{"damage":0,"enemies":"Small Slimes","floor":1,"turns":4},{"damage":8,"enemies":"2 Louse","floor":2,"turns":2},{"damage":2,"enemies":"Jaw Worm","floor":3,"turns":3},{"damage":5,"enemies":"3 Louse","floor":5,"turns":4},{"damage":4,"enemies":"Blue Slaver","floor":7,"turns":2},{"damage":7,"enemies":"3 Sentries","floor":10,"turns":7},{"damage":26,"enemies":"Gremlin Gang","floor":11,"turns":4},{"damage":6,"enemies":"Gremlin Nob","floor":12,"turns":3},{"damage":7,"enemies":"Large Slime","floor":14,"turns":2},{"damage":47,"enemies":"Hexaghost","floor":16,"turns":9},{"damage":20,"enemies":"2 Thieves","floor":18,"turns":3},{"damage":25,"enemies":"Spheric Guardian","floor":19,"turns":6},{"damage":11,"enemies":"Centurion and Healer","floor":21,"turns":3},{"damage":8,"enemies":"3 Cultists","floor":22,"turns":3},{"damage":6,"enemies":"Gremlin Leader","floor":24,"turns":3},{"damage":15,"enemies":"Book of Stabbing","floor":28,"turns":2},{"damage":0,"enemies":"Chosen and Byrds","floor":30,"turns":3},{"damage":20,"enemies":"Automaton","floor":33,"turns":3},{"damage":38,"enemies":"3 Shapes","floor":35,"turns":4},{"damage":11,"enemies":"3 Darklings","floor":36,"turns":4},{"damage":19,"enemies":"Nemesis","floor":42,"turns":3},{"damage":20,"enemies":"Maw","floor":44,"turns":3},{"damage":23,"enemies":"Writhing Mass","floor":46,"turns":2},{"damage":25,"enemies":"Sphere and 2 Shapes","floor":47,"turns":4},{"damage":0,"enemies":"Transient","floor":48,"turns":5},{"damage":70,"enemies":"Donu and Deca","floor":50,"turns":6}],"seed_played":"4572307591746659669","potions_obtained":[{"floor":1,"key":"EssenceOfSteel"},{"floor":2,"key":"Fire Potion"},{"floor":3,"key":"SkillPotion"},{"floor":12,"key":"Regen Potion"},{"floor":22,"key":"LiquidBronze"},{"floor":24,"key":"Poison Potion"},{"floor":28,"key":"SteroidPotion"},{"floor":30,"key":"EssenceOfSteel"},{"floor":36,"key":"Poison Potion"},{"floor":42,"key":"GamblersBrew"}],"is_trial":false,"path_per_floor":["M","M","M","?","M","R","M","R","T","E","M","E","?","M","R","B",null,"M","M","$","M","M","R","E","R","T","?","E","?","M","?","R","B",null,"M","M","?","?","?","R","$","E","T","M","$","M","M","M","R","B",null],"character_chosen":"IRONCLAD","items_purchased":["Dream Catcher","PowerPotion","LiquidBronze","Brimstone","ClockworkSouvenir","Happy Flower"],"campfire_rested":4,"item_purchase_floors":[20,20,20,20,41,41],"current_hp_per_floor":[78,76,80,68,69,69,71,71,71,70,50,50,43,47,71,30,68,58,43,43,42,44,68,72,72,72,56,53,53,65,84,84,74,82,56,55,55,55,55,80,80,71,71,61,61,50,37,47,76,16],"gold":134,"neow_bonus":"RANDOM_COMMON_RELIC","is_prod":false,"is_daily":false,"chose_seed":false,"campfire_upgraded":4,"win_rate":0,"timestamp":1560204783,"path_taken":["M","M","M","?","M","R","M","R","T","E","M","E","?","M","R","BOSS","M","M","$","M","M","R","E","R","T","?","E","?","M","?","R","BOSS","M","M","?","?","?","R","$","E","T","M","$","M","M","M","R","BOSS"],"build_version":"2019-01-23","purchased_purges":3,"victory":true,"max_hp_per_floor":[80,80,80,80,80,80,80,80,80,80,80,80,80,80,80,80,80,80,80,80,80,80,80,80,80,80,80,82,82,84,84,84,84,84,86,86,86,86,86,86,86,86,86,86,86,88,90,90,92,92],"card_choices":[{"not_picked":["Wild Strike","Iron Wave"],"picked":"Uppercut","floor":1},{"not_picked":["Thunderclap","Bloodletting"],"picked":"Iron Wave","floor":2},{"not_picked":["Pommel Strike","Iron Wave"],"picked":"Blood for Blood","floor":3},{"not_picked":["Combust","Shrug It Off"],"picked":"Cleave","floor":5},{"not_picked":["Sword Boomerang","Pommel Strike"],"picked":"Metallicize","floor":7},{"not_picked":["Pummel","Dropkick"],"picked":"Armaments","floor":10},{"not_picked":["Body Slam","Rupture"],"picked":"Double Tap","floor":11},{"not_picked":["Burning Pact","Twin Strike"],"picked":"Infernal Blade","floor":12},{"not_picked":["Flex","Burning Pact","Anger"],"picked":"SKIP","floor":14},{"not_picked":["Warcry","Sentinel"],"picked":"Twin Strike+1","floor":18},{"not_picked":["Inflame","Metallicize+1"],"picked":"True Grit","floor":19},{"not_picked":["Iron Wave","Armaments+1"],"picked":"Heavy Blade","floor":21},{"not_picked":["Warcry","Clothesline"],"picked":"Infernal Blade+1","floor":22},{"not_picked":["Double Tap","Warcry+1"],"picked":"Perfected Strike","floor":24},{"not_picked":["Fire Breathing","True Grit","Twin Strike"],"picked":"Singing Bowl","floor":28},{"not_picked":["Cleave","Sword Boomerang","Warcry"],"picked":"Singing Bowl","floor":30},{"not_picked":["Double Tap","Limit Break"],"picked":"Demon Form","floor":33},{"not_picked":["Infernal Blade+1","True Grit","Iron Wave+1"],"picked":"Singing Bowl","floor":35},{"not_picked":["Evolve+1","Inflame+1"],"picked":"Heavy Blade+1","floor":36},{"not_picked":["Discovery","Jack Of All Trades"],"picked":"Dramatic Entrance","floor":38},{"not_picked":["Headbutt","Spot Weakness+1"],"picked":"Shrug It Off+1","floor":40},{"not_picked":["Dual Wield","Infernal Blade+1"],"picked":"Shockwave+1","floor":42},{"not_picked":["Fire Breathing","Armaments+1"],"picked":"Entrench+1","floor":44},{"not_picked":["Seeing Red","Metallicize+1","Evolve"],"picked":"Singing Bowl","floor":46},{"not_picked":["Corruption","Heavy Blade","Sever Soul+1"],"picked":"Singing Bowl","floor":47},{"not_picked":["Combust+1","Twin Strike+1"],"picked":"Heavy Blade+1","floor":48},{"not_picked":["Warcry","Infernal Blade","Sword Boomerang"],"picked":"Singing Bowl","floor":49}],"player_experience":193851,"relics_obtained":[{"floor":9,"key":"Bag of Marbles"},{"floor":10,"key":"Centennial Puzzle"},{"floor":12,"key":"Ancient Tea Set"},{"floor":24,"key":"Orichalcum"},{"floor":26,"key":"Singing Bowl"},{"floor":27,"key":"Necronomicon"},{"floor":28,"key":"Dodecahedron"},{"floor":42,"key":"Ornamental Fan"},{"floor":43,"key":"Sundial"}],"event_choices":[{"damage_healed":0,"gold_gain":0,"player_choice":"Success","damage_taken":12,"relics_obtained":["Pen Nib"],"max_hp_gain":0,"max_hp_loss":0,"event_name":"Scrap Ooze","floor":4,"gold_loss":0},{"cards_removed":["Strike_R"],"damage_healed":0,"gold_gain":0,"player_choice":"Card Removal","damage_taken":7,"max_hp_gain":0,"max_hp_loss":0,"event_name":"Golden Wing","floor":13,"gold_loss":0},{"damage_healed":0,"gold_gain":0,"player_choice":"Obtained Book","damage_taken":16,"max_hp_gain":0,"max_hp_loss":0,"event_name":"Cursed Tome","floor":27,"gold_loss":0},{"damage_healed":0,"gold_gain":0,"player_choice":"Opened","damage_taken":0,"relics_obtained":["Vajra"],"max_hp_gain":0,"max_hp_loss":0,"event_name":"The Mausoleum","floor":29,"gold_loss":0},{"damage_healed":28,"gold_gain":0,"player_choice":"Heal","damage_taken":0,"max_hp_gain":0,"max_hp_loss":0,"event_name":"The Library","floor":31,"gold_loss":0},{"damage_healed":0,"gold_gain":0,"player_choice":"Ignored","damage_taken":0,"max_hp_gain":0,"max_hp_loss":0,"event_name":"Tomb of Lord Red Mask","floor":37,"gold_loss":0},{"damage_healed":0,"gold_gain":0,"player_choice":"Memory 1","damage_taken":0,"max_hp_gain":0,"max_hp_loss":0,"event_name":"SensoryStone","floor":38,"gold_loss":0},{"damage_healed":0,"gold_gain":100,"player_choice":"Pray","damage_taken":0,"max_hp_gain":0,"max_hp_loss":0,"event_name":"Golden Shrine","floor":39,"gold_loss":0}],"is_beta":false,"boss_relics":[{"not_picked":["Fusion Hammer","Runic Pyramid"],"picked":"Black Blood"},{"not_picked":["Coffee Dripper","Philosopher\u0027s Stone"],"picked":"Astrolabe"}],"items_purged_floors":[20,41,45],"is_endless":false,"potions_floor_spawned":[1,2,3,7,12,22,24,28,30,36,42,44,48],"ascension_level":7}