{"gold_per_floor":[118,118,128,138,156,156,187,187,234,234,247,247],"floor_reached":12,"playtime":465,"items_purged":[],"score":108,"play_id":"817e9dec-4ca4-4b5d-ae72-8fadcb475a1f","local_time":"20190606175822","is_ascension_mode":true,"campfire_choices":[{"floor":6,"key":"REST"},{"data":"Armaments","floor":8,"key":"SMITH"},{"data":"Feel No Pain","floor":10,"key":"SMITH"}],"neow_cost":"TEN_PERCENT_HP_LOSS","seed_source_timestamp":336534762732900,"circlet_count":0,"master_deck":["Strike_R","Strike_R","Strike_R","Strike_R","Strike_R","Defend_R","Defend_R","Defend_R","Defend_R","Bash+1","Spot Weakness","Armaments+1","Feel No Pain+1","True Grit"],"relics":["Burning Blood","Turnip","Ornamental Fan","Strawberry"],"potions_floor_usage":[7,12,12],"damage_taken":[{"damage":8,"enemies":"2 Louse","floor":1,"turns":4},{"damage":6,"enemies":"Cultist","floor":3,"turns":4},{"damage":14,"enemies":"Jaw Worm","floor":4,"turns":3},{"damage":25,"enemies":"Exordium Wildlife","floor":5,"turns":4},{"damage":37,"enemies":"3 Sentries","floor":7,"turns":8},{"damage":31,"enemies":"Large Slime","floor":11,"turns":10},{"damage":21,"enemies":"Lagavulin","floor":12,"turns":6}],"seed_played":"-6862969259602593471","potions_obtained":[{"floor":1,"key":"Poison Potion"},{"floor":3,"key":"Swift Potion"},{"floor":4,"key":"Fire Potion"}],"is_trial":false,"path_per_floor":["M","?","M","M","M","R","E","R","T","R","M","E"],"character_chosen":"IRONCLAD","items_purchased":[],"campfire_rested":1,"item_purchase_floors":[],"current_hp_per_floor":[70,70,70,62,43,64,33,33,40,40,15,0],"gold":247,"neow_bonus":"ONE_RARE_RELIC","is_prod":false,"is_daily":false,"chose_seed":false,"campfire_upgraded":2,"win_rate":0,"timestamp":1559833102,"path_taken":["M","?","?","M","M","R","E","R","T","R","M","E"],"build_version":"2019-01-23","purchased_purges":0,"victory":false,"max_hp_per_floor":[72,72,72,72,72,72,72,72,79,79,79,79],"card_choices":[{"not_picked":["Headbutt","Twin Strike"],"picked":"Spot Weakness","floor":1},{"not_picked":["Burning Pact","Clash"],"picked":"Armaments","floor":3},{"not_picked":["Headbutt","Clothesline","Fiend Fire"],"picked":"SKIP","floor":4},{"not_picked":["Twin Strike","Clash","Fire Breathing"],"picked":"SKIP","floor":5},{"not_picked":["Battle Trance","Anger"],"picked":"Feel No Pain","floor":7},{"not_picked":["Feel No Pain","Body Slam"],"picked":"True Grit","floor":11}],"player_experience":168733,"relics_obtained":[{"floor":7,"key":"Ornamental Fan"},{"floor":9,"key":"Strawberry"}],"event_choices":[{"damage_healed":0,"gold_gain":0,"player_choice":"Upgraded","damage_taken":0,"max_hp_gain":0,"max_hp_loss":0,"event_name":"Upgrade Shrine","floor":2,"gold_loss":0,"cards_upgraded":["Bash"]}],"is_beta":false,"boss_relics":[],"items_purged_floors":[],"is_endless":false,"potions_floor_spawned":[1,3,4],"killed_by":"Lagavulin","ascension_level":7}