{"gold_per_floor":[111,126,138,32,45,45,45,45,98,117,127,155,186,204,204,306,306,326,426,37,0,0,0,0,16,68,68,81,81,93,104,104,203,203,216,216,216,23,23,23,37,37,62,77,96,59,59,71,71,71],"floor_reached":51,"playtime":1810,"items_purged":["Strike_G"],"score":674,"play_id":"6e5fb186-d9b1-4416-860b-4620f9511ea5","local_time":"20190611220925","is_ascension_mode":false,"campfire_choices":[{"data":"Leg Sweep","floor":6,"key":"SMITH"},{"data":"Neutralize","floor":8,"key":"SMITH"},{"data":"Leg Sweep","floor":15,"key":"SMITH"},{"data":"Noxious Fumes","floor":23,"key":"SMITH"},{"data":"Footwork","floor":27,"key":"SMITH"},{"data":"Noxious Fumes","floor":29,"key":"SMITH"},{"data":"Noxious Fumes","floor":32,"key":"SMITH"},{"floor":40,"key":"REST"},{"floor":42,"key":"REST"},{"floor":49,"key":"REST"}],"neow_cost":"NONE","seed_source_timestamp":178349154857251,"circlet_count":0,"master_deck":["Defend_G","Defend_G","Defend_G","Defend_G","Defend_G","Strike_G","Strike_G","Strike_G","Strike_G","Survivor","Neutralize+1","Heel Hook","Leg Sweep+1","Backstab","Noxious Fumes+1","Backflip","Calculated Gamble","Dagger Spray","Noxious Fumes+1","Bouncing Flask","Leg Sweep+1","Die Die Die","Footwork+1","Deadly Poison","Noxious Fumes+1","Glass Knife","Calculated Gamble+1","Footwork+1","Deadly Poison+1","PiercingWail","Footwork","Noxious Fumes+1"],"relics":["Ring of the Snake","NeowsBlessing","Bottled Tornado","Potion Belt","Odd Mushroom","Pear","Philosopher\u0027s Stone","Bird Faced Urn","Meat on the Bone","Bag of Preparation","Snake Skull","Fusion Hammer","DollysMirror","Bronze Scales"],"potions_floor_usage":[13,16,19,19,50,50,50,50],"damage_taken":[{"damage":0,"enemies":"Cultist","floor":1,"turns":1},{"damage":0,"enemies":"Jaw Worm","floor":2,"turns":1},{"damage":0,"enemies":"2 Louse","floor":3,"turns":1},{"damage":2,"enemies":"Looter","floor":5,"turns":3},{"damage":0,"enemies":"3 Louse","floor":10,"turns":3},{"damage":4,"enemies":"Exordium Wildlife","floor":11,"turns":4},{"damage":12,"enemies":"The Mushroom Lair","floor":12,"turns":3},{"damage":14,"enemies":"Gremlin Nob","floor":13,"turns":4},{"damage":0,"enemies":"2 Fungi Beasts","floor":14,"turns":4},{"damage":5,"enemies":"Hexaghost","floor":16,"turns":10},{"damage":9,"enemies":"Spheric Guardian","floor":18,"turns":6},{"damage":19,"enemies":"Colosseum Slavers","floor":19,"turns":5},{"damage":8,"enemies":"Colosseum Nobs","floor":19,"turns":5},{"damage":0,"enemies":"Chosen","floor":25,"turns":4},{"damage":10,"enemies":"Centurion and Healer","floor":28,"turns":4},{"damage":0,"enemies":"Snecko","floor":30,"turns":5},{"damage":0,"enemies":"Chosen and Byrds","floor":31,"turns":4},{"damage":56,"enemies":"Automaton","floor":33,"turns":7},{"damage":3,"enemies":"Orb Walker","floor":35,"turns":3},{"damage":24,"enemies":"3 Darklings","floor":41,"turns":4},{"damage":8,"enemies":"Sphere and 2 Shapes","floor":44,"turns":5},{"damage":35,"enemies":"Maw","floor":45,"turns":7},{"damage":3,"enemies":"Jaw Worm Horde","floor":48,"turns":4},{"damage":72,"enemies":"Donu and Deca","floor":50,"turns":8}],"seed_played":"3559974666212336216","potions_obtained":[{"floor":3,"key":"Regen Potion"},{"floor":5,"key":"AttackPotion"},{"floor":10,"key":"PowerPotion"},{"floor":12,"key":"Energy Potion"},{"floor":14,"key":"SteroidPotion"},{"floor":18,"key":"Poison Potion"},{"floor":28,"key":"SpeedPotion"},{"floor":41,"key":"Energy Potion"},{"floor":45,"key":"Strength Potion"}],"is_trial":false,"path_per_floor":["M","M","M","$","M","R","T","R","T","M","M","?","E","M","R","B",null,"M","?","$","?","?","R","?","M","T","R","M","R","M","M","R","B",null,"M","?","?","$","?","R","M","R","T","M","M","$","?","M","R","B",null],"character_chosen":"THE_SILENT","items_purchased":["Backstab","Noxious Fumes","Bag of Preparation","Noxious Fumes","Glass Knife","DollysMirror","Footwork"],"campfire_rested":3,"item_purchase_floors":[4,4,20,20,20,38,46],"current_hp_per_floor":[70,70,70,70,68,68,68,68,68,68,64,52,48,48,48,58,80,71,44,44,44,44,44,44,50,50,50,48,48,54,60,60,24,80,80,76,76,76,76,76,56,76,76,72,44,44,44,53,75,26],"gold":71,"neow_bonus":"THREE_ENEMY_KILL","is_prod":false,"is_daily":false,"chose_seed":false,"campfire_upgraded":7,"win_rate":0.0,"timestamp":1560308965,"path_taken":["M","M","M","$","M","R","?","R","T","M","?","?","E","M","R","BOSS","M","?","$","?","?","R","?","?","T","R","M","R","M","M","R","BOSS","M","?","?","?","?","R","M","R","T","M","M","$","?","M","R","BOSS"],"build_version":"2019-01-23","purchased_purges":1,"victory":true,"max_hp_per_floor":[70,70,70,70,70,70,70,70,70,70,70,70,80,80,80,80,80,80,80,80,80,80,80,80,80,80,80,80,80,80,80,80,80,80,80,76,76,76,76,76,76,76,76,76,76,76,76,76,76,76],"card_choices":[{"not_picked":["Distraction","Backflip"],"picked":"Sucker Punch","floor":1},{"not_picked":["Distraction","Caltrops"],"picked":"Heel Hook","floor":2},{"not_picked":["Outmaneuver","Tactician"],"picked":"Leg Sweep","floor":3},{"not_picked":["Acrobatics","Slice"],"picked":"Backflip","floor":5},{"not_picked":["Poisoned Stab","Outmaneuver"],"picked":"Calculated Gamble","floor":10},{"not_picked":["Dagger Throw","Dagger Spray","Blade Dance"],"picked":"SKIP","floor":11},{"not_picked":["Dagger Throw","Blade Dance"],"picked":"Dagger Spray","floor":11},{"not_picked":["PiercingWail","Sucker Punch"],"picked":"Noxious Fumes","floor":12},{"not_picked":["Bullet Time","Dagger Spray"],"picked":"Bouncing Flask","floor":13},{"not_picked":["Caltrops","Dodge and Roll"],"picked":"Leg Sweep","floor":14},{"not_picked":["Tools of the Trade","Bullet Time"],"picked":"Die Die Die","floor":16},{"not_picked":["Bouncing Flask","Sucker Punch"],"picked":"Footwork","floor":18},{"not_picked":["Caltrops","Sucker Punch"],"picked":"Deadly Poison","floor":19},{"not_picked":["Prepared","Caltrops","Blade Dance"],"picked":"SKIP","floor":25},{"not_picked":["Blade Dance","Outmaneuver","Riddle With Holes"],"picked":"SKIP","floor":28},{"not_picked":["Outmaneuver","Skewer"],"picked":"Calculated Gamble+1","floor":30},{"not_picked":["Heel Hook","Flying Knee","Deflect"],"picked":"SKIP","floor":31},{"not_picked":["Expertise+1","Underhanded Strike","Predator+1"],"picked":"SKIP","floor":35},{"not_picked":["Slice","Blade Dance"],"picked":"Deadly Poison+1","floor":41},{"not_picked":["Poisoned Stab+1","Dodge and Roll"],"picked":"PiercingWail","floor":44},{"not_picked":["Poisoned Stab+1","Slice+1","Expertise+1"],"picked":"SKIP","floor":45},{"not_picked":["Blade Dance+1","Dagger Spray"],"picked":"Noxious Fumes+1","floor":48}],"player_experience":1754,"relics_obtained":[{"floor":7,"key":"Bottled Tornado"},{"floor":9,"key":"Potion Belt"},{"floor":12,"key":"Odd Mushroom"},{"floor":13,"key":"Pear"},{"floor":19,"key":"Bird Faced Urn"},{"floor":19,"key":"Meat on the Bone"},{"floor":26,"key":"Snake Skull"},{"floor":43,"key":"Bronze Scales"}],"event_choices":[{"damage_healed":0,"gold_gain":0,"player_choice":"Fought Mushrooms","damage_taken":0,"max_hp_gain":0,"max_hp_loss":0,"event_name":"Mushrooms","floor":12,"gold_loss":0},{"damage_healed":0,"gold_gain":0,"player_choice":"Fight","damage_taken":0,"max_hp_gain":0,"max_hp_loss":0,"event_name":"Colosseum","floor":19,"gold_loss":0},{"damage_healed":0,"gold_gain":0,"player_choice":"Fought Nobs","damage_taken":0,"max_hp_gain":0,"max_hp_loss":0,"event_name":"Colosseum","floor":19,"gold_loss":0},{"damage_healed":0,"gold_gain":0,"player_choice":"Paid Fearfully","damage_taken":0,"max_hp_gain":0,"max_hp_loss":0,"event_name":"Masked Bandits","floor":21,"gold_loss":37},{"damage_healed":0,"gold_gain":0,"player_choice":"Ignored","damage_taken":0,"max_hp_gain":0,"max_hp_loss":0,"event_name":"Ghosts","floor":22,"gold_loss":0},{"damage_healed":0,"gold_gain":0,"player_choice":"Ignored","damage_taken":0,"max_hp_gain":0,"max_hp_loss":0,"event_name":"Beggar","floor":24,"gold_loss":0},{"damage_healed":0,"gold_gain":0,"player_choice":"Max HP","damage_taken":0,"max_hp_gain":0,"max_hp_loss":4,"event_name":"Winding Halls","floor":36,"gold_loss":0},{"damage_healed":0,"gold_gain":0,"player_choice":"Ignored","damage_taken":0,"max_hp_gain":0,"max_hp_loss":0,"event_name":"Tomb of Lord Red Mask","floor":37,"gold_loss":0},{"cards_removed":["Sucker Punch"],"damage_healed":0,"gold_gain":0,"player_choice":"Removed Attack","damage_taken":0,"max_hp_gain":0,"max_hp_loss":0,"event_name":"Falling","floor":39,"gold_loss":0},{"damage_healed":0,"gold_gain":0,"player_choice":"Ignored","damage_taken":0,"max_hp_gain":0,"max_hp_loss":0,"event_name":"Mysterious Sphere","floor":47,"gold_loss":0}],"is_beta":false,"boss_relics":[{"not_picked":["Calling Bell","HoveringKite"],"picked":"Philosopher\u0027s Stone"},{"not_picked":["Empty Cage","Astrolabe"],"picked":"Fusion Hammer"}],"items_purged_floors":[20],"is_endless":false,"potions_floor_spawned":[3,5,10,12,14,18,28,41,45],"ascension_level":0}