{"gold_per_floor":[109,120,120,136,187,187,112,112,168,168,243,243,270,293,293,395,395,415,415,428,428,428],"floor_reached":22,"playtime":887,"items_purged":["Defend_R"],"score":243,"play_id":"494c7ead-afbf-48e8-ae1f-87e63c2b0f4e","local_time":"20190608002314","is_ascension_mode":true,"campfire_choices":[{"data":"Combust","floor":6,"key":"SMITH"},{"data":"Shrug It Off","floor":8,"key":"SMITH"},{"data":"Bash","floor":10,"key":"SMITH"},{"floor":15,"key":"REST"}],"neow_cost":"NONE","seed_source_timestamp":99289315385500,"circlet_count":0,"master_deck":["Bash+1","Shrug It Off+1","Combust+1","Armaments","Demon Form","Fiend Fire","Intimidate","Body Slam","Immolate","Inflame","Headbutt","Body Slam+1","Infernal Blade"],"relics":["Burning Blood","NeowsBlessing","Bag of Preparation","Tiny Chest","Blue Candle","Darkstone Periapt","Blood Vial","Pandora\u0027s Box","Enchiridion"],"potions_floor_usage":[13,16,20],"damage_taken":[{"damage":0,"enemies":"2 Louse","floor":1,"turns":1},{"damage":0,"enemies":"Cultist","floor":2,"turns":1},{"damage":0,"enemies":"Small Slimes","floor":4,"turns":1},{"damage":27,"enemies":"Lagavulin","floor":13,"turns":6},{"damage":48,"enemies":"The Guardian","floor":16,"turns":17},{"damage":35,"enemies":"Chosen","floor":18,"turns":5},{"damage":13,"enemies":"3 Byrds","floor":20,"turns":4},{"damage":22,"enemies":"Sentry and Sphere","floor":22,"turns":2}],"seed_played":"-3384532262784096192","potions_obtained":[{"floor":1,"key":"Swift Potion"},{"floor":4,"key":"Explosive Potion"},{"floor":18,"key":"AttackPotion"}],"is_trial":false,"path_per_floor":["M","M","?","M","T","R","$","R","T","R","?","T","E","T","R","B",null,"M","?","M","?","M"],"character_chosen":"IRONCLAD","items_purchased":[],"campfire_rested":1,"item_purchase_floors":[],"current_hp_per_floor":[78,80,80,80,80,80,80,80,80,80,69,69,48,48,72,32,68,41,25,20,20,0],"gold":428,"neow_bonus":"THREE_ENEMY_KILL","is_prod":false,"is_daily":false,"chose_seed":false,"campfire_upgraded":3,"win_rate":0,"timestamp":1559942594,"path_taken":["M","M","?","?","?","R","$","R","T","R","?","?","E","?","R","BOSS","M","?","M","?","M"],"build_version":"2019-01-23","purchased_purges":1,"victory":false,"max_hp_per_floor":[80,80,80,80,80,80,80,80,80,80,80,80,80,80,80,80,80,80,80,80,80,80],"card_choices":[{"not_picked":["Searing Blow","Havoc","Reckless Charge"],"picked":"SKIP","floor":1},{"not_picked":["Wild Strike","Perfected Strike"],"picked":"Shrug It Off","floor":2},{"not_picked":["Clothesline","Battle Trance"],"picked":"Combust","floor":4},{"not_picked":["Exhume","Twin Strike"],"picked":"Armaments","floor":13},{"not_picked":["Limit Break","Barricade"],"picked":"Demon Form","floor":16},{"not_picked":["Warcry","Armaments+1"],"picked":"Body Slam+1","floor":18},{"not_picked":["Wild Strike+1","Fire Breathing"],"picked":"Infernal Blade","floor":20}],"player_experience":174784,"relics_obtained":[{"floor":5,"key":"Bag of Preparation"},{"floor":9,"key":"Tiny Chest"},{"floor":12,"key":"Blue Candle"},{"floor":13,"key":"Darkstone Periapt"},{"floor":14,"key":"Blood Vial"},{"floor":19,"key":"Enchiridion"}],"event_choices":[{"cards_removed":["Strike_R"],"damage_healed":0,"gold_gain":0,"player_choice":"Offered Basic","damage_taken":0,"max_hp_gain":0,"max_hp_loss":0,"event_name":"Bonfire Elementals","floor":3,"gold_loss":0},{"damage_healed":0,"gold_gain":75,"player_choice":"Gather Gold","damage_taken":11,"max_hp_gain":0,"max_hp_loss":0,"event_name":"World of Goop","floor":11,"gold_loss":0},{"damage_healed":0,"gold_gain":0,"player_choice":"Obtained Book","damage_taken":16,"max_hp_gain":0,"max_hp_loss":0,"event_name":"Cursed Tome","floor":19,"gold_loss":0},{"cards_removed":["Dual Wield"],"damage_healed":0,"gold_gain":0,"player_choice":"Elegance","damage_taken":0,"max_hp_gain":0,"max_hp_loss":0,"event_name":"Back to Basics","floor":21,"gold_loss":0}],"is_beta":false,"boss_relics":[{"not_picked":["Astrolabe","Philosopher\u0027s Stone"],"picked":"Pandora\u0027s Box"}],"items_purged_floors":[7],"is_endless":false,"potions_floor_spawned":[1,4,18],"killed_by":"Sentry and Sphere","ascension_level":7}