{"gold_per_floor":[118,18,18,18,34,34,63,63,63,26,45,45,95,122,122,122],"floor_reached":16,"playtime":454,"items_purged":["Strike_B"],"score":242,"play_id":"4af33dce-5080-4016-8d50-20a000e4889e","local_time":"20190607130538","is_ascension_mode":true,"campfire_choices":[{"data":"Beam Cell","floor":6,"key":"SMITH"},{"data":"Dualcast","floor":8,"key":"SMITH"},{"data":"Melter","floor":15,"key":"SMITH"}],"neow_cost":"NONE","seed_source_timestamp":1566862043677911,"circlet_count":0,"master_deck":["AscendersBane","Strike_B","Strike_B","Strike_B","Defend_B+1","Defend_B","Defend_B","Defend_B","Zap","Dualcast+1","Beam Cell+1","Conserve Battery","Leap","Darkness+1","Self Repair","Melter+1","Auto Shields"],"relics":["Cracked Core","NeowsBlessing","Blood Vial","Question Card","Happy Flower"],"potions_floor_usage":[],"damage_taken":[{"damage":0,"enemies":"Jaw Worm","floor":1,"turns":1},{"damage":0,"enemies":"2 Louse","floor":5,"turns":1},{"damage":0,"enemies":"Gremlin Nob","floor":7,"turns":1},{"damage":2,"enemies":"Cultist","floor":11,"turns":4},{"damage":34,"enemies":"3 Sentries","floor":14,"turns":8},{"damage":35,"enemies":"Hexaghost","floor":16,"turns":11}],"seed_played":"2181537295293036028","potions_obtained":[{"floor":5,"key":"FearPotion"},{"floor":14,"key":"GamblersBrew"}],"is_trial":false,"path_per_floor":["M","$","?","?","M","R","E","R","T","$","M","?","?","E","R","B"],"character_chosen":"DEFECT","items_purchased":["Conserve Battery","Self Repair"],"campfire_rested":0,"item_purchase_floors":[2,10],"current_hp_per_floor":[64,64,69,69,69,69,69,69,69,69,76,53,53,28,28,0],"gold":122,"neow_bonus":"THREE_ENEMY_KILL","is_prod":false,"is_daily":false,"chose_seed":false,"campfire_upgraded":3,"win_rate":0,"timestamp":1559927138,"path_taken":["M","$","?","?","M","R","E","R","T","?","?","?","?","E","R","BOSS"],"build_version":"2019-01-23","purchased_purges":1,"victory":false,"max_hp_per_floor":[71,71,76,76,76,76,76,76,76,76,76,76,76,76,76,76],"card_choices":[{"not_picked":["Double Energy","Compile Driver"],"picked":"Beam Cell","floor":1},{"not_picked":["Barrage","Hologram"],"picked":"Leap","floor":5},{"not_picked":["Turbo","Streamline"],"picked":"Darkness","floor":7},{"not_picked":["Reprogram","Fusion","Blizzard"],"picked":"Melter","floor":11},{"not_picked":["Coolheaded","Redo","Conserve Battery"],"picked":"Auto Shields","floor":14}],"player_experience":765084,"relics_obtained":[{"floor":7,"key":"Blood Vial"},{"floor":9,"key":"Question Card"},{"floor":14,"key":"Happy Flower"}],"event_choices":[{"damage_healed":0,"gold_gain":0,"player_choice":"Donut","damage_taken":0,"max_hp_gain":5,"max_hp_loss":0,"event_name":"Big Fish","floor":3,"gold_loss":0},{"damage_healed":0,"gold_gain":0,"player_choice":"Ignored","damage_taken":0,"max_hp_gain":0,"max_hp_loss":0,"event_name":"Liars Game","floor":4,"gold_loss":0},{"damage_healed":0,"gold_gain":0,"player_choice":"Entered Light","damage_taken":23,"max_hp_gain":0,"max_hp_loss":0,"event_name":"Shining Light","floor":12,"gold_loss":0,"cards_upgraded":["Darkness","Defend_B"]},{"damage_healed":0,"gold_gain":50,"player_choice":"Pray","damage_taken":0,"max_hp_gain":0,"max_hp_loss":0,"event_name":"Golden Shrine","floor":13,"gold_loss":0}],"is_beta":false,"boss_relics":[],"items_purged_floors":[2],"is_endless":false,"potions_floor_spawned":[5,14],"killed_by":"Hexaghost","ascension_level":17}