{"gold_per_floor":[214,229,246,264,264,264,41,65,141,141,175,175,23,41,41,41],"floor_reached":16,"playtime":487,"items_purged":["Injury"],"score":138,"play_id":"d8547407-4adc-49af-966b-2dae5704c728","local_time":"20190611003858","is_ascension_mode":true,"campfire_choices":[{"data":"Flame Barrier","floor":6,"key":"SMITH"},{"floor":10,"key":"REST"},{"floor":15,"key":"REST"}],"neow_cost":"NONE","seed_source_timestamp":359834408980200,"circlet_count":0,"master_deck":["Strike_R","Strike_R","Strike_R","Strike_R","Strike_R","Defend_R","Defend_R","Defend_R","Defend_R","Bash","True Grit","Cleave","Flame Barrier+1","Power Through"],"relics":["Burning Blood","Golden Idol","Omamori","Bottled Lightning","Peace Pipe","Vajra","PreservedInsect"],"potions_floor_usage":[8,11,11],"damage_taken":[{"damage":9,"enemies":"Small Slimes","floor":1,"turns":5},{"damage":10,"enemies":"2 Louse","floor":2,"turns":3},{"damage":12,"enemies":"Jaw Worm","floor":3,"turns":3},{"damage":10,"enemies":"Lots of Slimes","floor":4,"turns":3},{"damage":15,"enemies":"Exordium Thugs","floor":8,"turns":7},{"damage":45,"enemies":"Lagavulin","floor":11,"turns":7},{"damage":9,"enemies":"Blue Slaver","floor":14,"turns":5},{"damage":34,"enemies":"Hexaghost","floor":16,"turns":10}],"seed_played":"-877242747581189464","potions_obtained":[{"floor":1,"key":"Strength Potion"},{"floor":2,"key":"EssenceOfSteel"},{"floor":8,"key":"SkillPotion"},{"floor":11,"key":"Energy Potion"}],"is_trial":false,"path_per_floor":["M","M","M","M","?","R","$","M","T","R","E","?","$","M","R","B"],"character_chosen":"IRONCLAD","items_purchased":["Omamori","PreservedInsect"],"campfire_rested":2,"item_purchase_floors":[7,13],"current_hp_per_floor":[69,65,59,55,55,55,55,46,46,70,31,13,13,10,34,0],"gold":41,"neow_bonus":"HUNDRED_GOLD","is_prod":false,"is_daily":false,"chose_seed":false,"campfire_upgraded":1,"win_rate":0,"timestamp":1560202738,"path_taken":["M","M","M","M","?","R","$","M","T","R","E","?","?","M","R","BOSS"],"build_version":"2019-01-23","purchased_purges":1,"victory":false,"max_hp_per_floor":[80,80,80,80,80,80,80,80,80,80,80,80,80,80,80,80],"card_choices":[{"not_picked":["Rage","Clash","Pummel"],"picked":"SKIP","floor":1},{"not_picked":["Heavy Blade","Headbutt"],"picked":"True Grit","floor":2},{"not_picked":["Flame Barrier","Carnage"],"picked":"Cleave","floor":3},{"not_picked":["Whirlwind","Sword Boomerang"],"picked":"Flame Barrier","floor":4},{"not_picked":["Intimidate","Flex","Whirlwind"],"picked":"SKIP","floor":8},{"not_picked":["True Grit","Battle Trance","Sentinel"],"picked":"SKIP","floor":11},{"not_picked":["Perfected Strike","Fiend Fire"],"picked":"Power Through","floor":14}],"player_experience":193364,"relics_obtained":[{"floor":9,"key":"Bottled Lightning"},{"floor":11,"key":"Peace Pipe"}],"event_choices":[{"damage_healed":0,"gold_gain":0,"player_choice":"Take Wound","damage_taken":0,"relics_obtained":["Golden Idol"],"max_hp_gain":0,"max_hp_loss":0,"event_name":"Golden Idol","floor":5,"gold_loss":0,"cards_obtained":["Injury"]},{"damage_healed":0,"gold_gain":0,"player_choice":"Success","damage_taken":18,"relics_obtained":["Vajra"],"max_hp_gain":0,"max_hp_loss":0,"event_name":"Scrap Ooze","floor":12,"gold_loss":0}],"is_beta":false,"boss_relics":[],"items_purged_floors":[7],"is_endless":false,"potions_floor_spawned":[1,2,8,11],"killed_by":"Hexaghost","ascension_level":7}