{"gold_per_floor":[109,109,120,45,45,77,77,90,90,117,167,184,184,144,144,215,215,229,229,187,207,187,187,206,221,244,262,262],"floor_reached":28,"playtime":2749,"items_purged":[],"score":462,"play_id":"2df20dde-36ad-49f0-96af-678cb253a93e","local_time":"20190610154226","is_ascension_mode":true,"campfire_choices":[{"data":"Reinforced Body","floor":7.0,"key":"SMITH"},{"data":"Self Repair","floor":13.0,"key":"SMITH"},{"data":"Conserve Battery","floor":15.0,"key":"SMITH"},{"data":"Rainbow","floor":23,"key":"SMITH"}],"neow_cost":"NONE","seed_source_timestamp":0,"circlet_count":0,"master_deck":["AscendersBane","Strike_B","Strike_B","Strike_B","Defend_B","Defend_B","Defend_B","Defend_B","Zap","Glacier","Leap","Reinforced Body+1","Leap","Self Repair+1","Conserve Battery+1","Rainbow+1","Hologram"],"special_seed":0,"relics":["Busted Crown","Letter Opener","Pantograph","Mango","White Beast Statue","Blood Vial"],"potions_floor_usage":[18,21,24,27,28],"damage_taken":[{"damage":1.0,"enemies":"Cultist","floor":1.0,"turns":4.0},{"damage":11.0,"enemies":"Small Slimes","floor":3.0,"turns":4.0},{"damage":41.0,"enemies":"3 Sentries","floor":6.0,"turns":16.0},{"damage":0.0,"enemies":"2 Louse","floor":8.0,"turns":4.0},{"damage":5.0,"enemies":"Lagavulin","floor":10.0,"turns":13.0},{"damage":0.0,"enemies":"Lots of Slimes","floor":12.0,"turns":3.0},{"damage":0.0,"enemies":"Looter","floor":14.0,"turns":4.0},{"damage":47.0,"enemies":"Slime Boss","floor":16.0,"turns":20.0},{"damage":9,"enemies":"Spheric Guardian","floor":18,"turns":8},{"damage":5,"enemies":"2 Thieves","floor":20,"turns":5},{"damage":18,"enemies":"Snake Plant","floor":21,"turns":6},{"damage":30,"enemies":"Cultist and Chosen","floor":24,"turns":10},{"damage":15,"enemies":"Centurion and Healer","floor":25,"turns":13},{"damage":17,"enemies":"Sentry and Sphere","floor":27,"turns":9},{"damage":63,"enemies":"Cultist and Chosen","floor":28,"turns":6}],"seed_played":"3754809492434433175","potions_obtained":[{"floor":1.0,"key":"Regen Potion"},{"floor":8.0,"key":"SkillPotion"},{"floor":10.0,"key":"Strength Potion"},{"floor":16.0,"key":"Regen Potion"},{"floor":18,"key":"SpeedPotion"},{"floor":20,"key":"Regen Potion"},{"floor":21,"key":"AttackPotion"},{"floor":22,"key":"Fire Potion"},{"floor":24,"key":"Block Potion"},{"floor":27,"key":"Energy Potion"}],"is_trial":false,"path_per_floor":["M","?","M","?","?","E","R","M","T","E","?","M","R","M","R","B",null,"M","?","M","M","?","R","M","M","T","M","M"],"character_chosen":"DEFECT","items_purchased":[],"campfire_rested":0,"item_purchase_floors":[],"current_hp_per_floor":[63,68,57,57,57,31,31,31,31,40,40,47,47,57,57,45,79,90,90,90,90,90,90,70,65,65,60,0],"gold":262,"neow_bonus":"BOSS_RELIC","is_prod":false,"is_daily":false,"chose_seed":false,"campfire_upgraded":4,"win_rate":0,"timestamp":1560195746,"path_taken":["M","?","M","?","?","E","R","M","T","E","?","M","R","?","R","BOSS","M","?","M","M","?","R","M","M","T","M","M"],"build_version":"2019-01-23","purchased_purges":0,"victory":false,"max_hp_per_floor":[71,76,76,76,76,76,76,76,76,90,90,90,90,90,90,90,90,90,90,90,90,90,90,90,90,90,90,90],"card_choices":[{"not_picked":[],"picked":"Glacier","floor":1.0},{"not_picked":[],"picked":"Leap","floor":3.0},{"not_picked":["Streamline"],"picked":"SKIP","floor":6.0},{"not_picked":[],"picked":"Leap","floor":8.0},{"not_picked":[],"picked":"Self Repair","floor":10.0},{"not_picked":[],"picked":"Conserve Battery","floor":12.0},{"not_picked":["Redo"],"picked":"SKIP","floor":14.0},{"not_picked":[],"picked":"Rainbow","floor":16.0},{"not_picked":["Scrape"],"picked":"SKIP","floor":18},{"not_picked":["Turbo"],"picked":"SKIP","floor":20},{"not_picked":[],"picked":"Hologram","floor":21},{"not_picked":["Barrage"],"picked":"SKIP","floor":24},{"not_picked":["Reprogram"],"picked":"SKIP","floor":25},{"not_picked":["Rebound"],"picked":"SKIP","floor":27}],"player_experience":785180,"relics_obtained":[{"floor":6.0,"key":"Letter Opener"},{"floor":9.0,"key":"Pantograph"},{"floor":10.0,"key":"Mango"},{"floor":26,"key":"Blood Vial"}],"event_choices":[{"damage_healed":0.0,"max_hp_gain":5.0,"max_hp_loss":0.0,"gold_gain":0.0,"event_name":"Big Fish","player_choice":"Donut","floor":2.0,"gold_loss":0.0,"damage_taken":0.0},{"cards_removed":["Dualcast"],"damage_healed":0.0,"max_hp_gain":0.0,"max_hp_loss":0.0,"gold_gain":0.0,"event_name":"The Cleric","player_choice":"Card Removal","floor":4.0,"gold_loss":75.0,"damage_taken":0.0},{"damage_healed":0.0,"max_hp_gain":0.0,"max_hp_loss":0.0,"gold_gain":0.0,"cards_transformed":["Strike_B"],"event_name":"Living Wall","player_choice":"Change","floor":5.0,"gold_loss":0.0,"damage_taken":0.0,"cards_obtained":["Reinforced Body"]},{"damage_healed":0.0,"max_hp_gain":0.0,"max_hp_loss":0.0,"gold_gain":50.0,"event_name":"Golden Shrine","player_choice":"Pray","floor":11.0,"gold_loss":0.0,"damage_taken":0.0},{"damage_healed":0,"gold_gain":0,"player_choice":"Ignored","damage_taken":0,"max_hp_gain":0,"max_hp_loss":0,"event_name":"The Mausoleum","floor":19,"gold_loss":0},{"damage_healed":0,"gold_gain":0,"player_choice":"Bought 1 Potion","damage_taken":0,"max_hp_gain":0,"max_hp_loss":0,"event_name":"The Woman in Blue","floor":22,"gold_loss":0}],"is_beta":false,"boss_relics":[{"not_picked":["Cursed Key","Snecko Eye"],"picked":"White Beast Statue"}],"items_purged_floors":[],"is_endless":false,"potions_floor_spawned":[1,8,10,16,18,20,21,24,25,27],"killed_by":"Cultist and Chosen","ascension_level":18}