{"gold_per_floor":[117,117,117,117,87,87,99,99,180,196,196,212,212,226,226,330,380,394,413,413,5,5,39,39,39,92,110,110,110,110,130,130,225,225,244,244,244,257,257,282,282,298,598,598,210,210,229,249,249,249],"floor_reached":51,"playtime":2357,"items_purged":["Defend_B"],"score":733,"play_id":"851d73e4-fc17-401c-b598-66e460a4edad","local_time":"20180827001403","is_ascension_mode":false,"campfire_choices":[{"data":"Conserve Battery","floor":6,"key":"SMITH"},{"floor":8,"key":"REST"},{"data":"Storm","floor":13,"key":"SMITH"},{"data":"Conserve Battery","floor":15,"key":"SMITH"},{"floor":24,"key":"REST"},{"data":"Defragment","floor":29,"key":"SMITH"},{"data":"Doom and Gloom","floor":32,"key":"SMITH"},{"data":"Lockon","floor":44,"key":"SMITH"},{"data":"Aggregate","floor":46,"key":"SMITH"},{"floor":49,"key":"REST"}],"neow_cost":"PERCENT_DAMAGE","seed_source_timestamp":40302571041155,"circlet_count":0,"master_deck":["Defend_B+1","Zap+1","Dualcast","Conserve Battery+1","Leap","BootSequence","Storm+1","Conserve Battery+1","Echo Form+1","Lockon+1","Defragment+1","Aggregate+1","Doom and Gloom+1","Genetic Algorithm+1","Writhe","Creative AI+1","Double Energy+1","Hello World+1","Loop+1","Barrage+1","Sweeping Beam+1","Mayhem+1","Rebound+1","Steam Power+1","Static Discharge+1","Heatsinks+1","Hello World+1"],"relics":["Cracked Core","Calipers","Lantern","Gremlin Horn","Blue Candle","Tiny House","Enchiridion","War Paint","Tiny Chest","Kunai","Mummified Hand","Blood Vial","Frozen Egg 2","Astrolabe","Regal Pillow","Old Coin","Thread and Needle"],"potions_floor_usage":[16,16,18,18,23,38],"damage_taken":[{"damage":6,"enemies":"Jaw Worm","floor":1,"turns":4},{"damage":0,"enemies":"2 Louse","floor":7,"turns":3},{"damage":0,"enemies":"Small Slimes","floor":10,"turns":3},{"damage":0,"enemies":"Looter","floor":12,"turns":3},{"damage":0,"enemies":"Blue Slaver","floor":14,"turns":4},{"damage":16,"enemies":"The Guardian","floor":16,"turns":15},{"damage":11,"enemies":"Chosen","floor":18,"turns":6},{"damage":5,"enemies":"3 Byrds","floor":19,"turns":4},{"damage":26,"enemies":"Slavers","floor":23,"turns":6},{"damage":0,"enemies":"Snecko","floor":27,"turns":4},{"damage":0,"enemies":"Cultist and Chosen","floor":31,"turns":4},{"damage":29,"enemies":"Automaton","floor":33,"turns":7},{"damage":13,"enemies":"Orb Walker","floor":35,"turns":3},{"damage":0,"enemies":"Flame Bruiser 1 Orb","floor":38,"turns":2},{"damage":48,"enemies":"2 Orb Walkers","floor":40,"turns":4},{"damage":0,"enemies":"Transient","floor":42,"turns":5},{"damage":21,"enemies":"Maw","floor":47,"turns":6},{"damage":4,"enemies":"Spire Growth","floor":48,"turns":3},{"damage":68,"enemies":"Time Eater","floor":50,"turns":10}],"seed_played":"3221492970451224479","potions_obtained":[{"floor":1,"key":"GamblersBrew"},{"floor":5,"key":"Energy Potion"},{"floor":5,"key":"PowerPotion"},{"floor":7,"key":"Regen Potion"},{"floor":16,"key":"Fire Potion"},{"floor":17,"key":"FairyPotion"},{"floor":18,"key":"EssenceOfSteel"},{"floor":27,"key":"SteroidPotion"},{"floor":35,"key":"Swift Potion"},{"floor":40,"key":"EntropicBrew"},{"floor":48,"key":"Energy Potion"}],"is_trial":false,"path_per_floor":["M","?","?","?","?","R","M","R","T","M","T","M","R","M","R","B",null,"M","M","?","$","T","E","R","?","T","M","?","R","?","M","R","B",null,"M","?","?","M","?","E","?","M","T","R","$","R","M","M","R","B"],"character_chosen":"DEFECT","items_purchased":["War Paint","Doom and Gloom","Tiny Chest","Static Discharge+1","Thread and Needle"],"campfire_rested":3,"item_purchase_floors":[21,21,21,45,45],"current_hp_per_floor":[48,41,46,39,39,39,39,63,63,63,63,63,63,63,63,62,85,74,69,53,53,53,27,52,52,52,54,54,54,54,56,56,29,85,72,72,72,74,74,28,74,74,74,74,74,74,53,51,74,13],"gold":249,"neow_bonus":"ONE_RARE_RELIC","is_prod":false,"is_daily":false,"chose_seed":false,"campfire_upgraded":7,"win_rate":0.0,"timestamp":1535318043,"path_taken":["M","?","?","?","?","R","?","R","T","M","?","M","R","M","R","BOSS","M","?","?","$","?","E","R","?","T","?","?","R","?","M","R","BOSS","M","?","?","M","?","E","?","M","T","R","$","R","M","M","R","BOSS"],"build_version":"2018-08-23v2","purchased_purges":1,"victory":true,"max_hp_per_floor":[75,75,80,80,80,80,80,80,80,80,80,80,80,80,80,80,85,85,85,85,85,85,85,85,85,85,85,85,85,85,85,85,85,85,85,85,85,85,85,85,74,74,74,74,74,74,74,74,74,74],"card_choices":[{"not_picked":["Steam Power","Beam Cell"],"picked":"Conserve Battery","floor":1},{"not_picked":["Barrage","Undo"],"picked":"Leap","floor":7},{"not_picked":["Barrage","Cold Snap"],"picked":"BootSequence","floor":10},{"not_picked":["Heatsinks","Beam Cell"],"picked":"Storm","floor":12},{"not_picked":["Storm","Compile Driver"],"picked":"Conserve Battery","floor":14},{"not_picked":["All For One","Reboot"],"picked":"Echo Form","floor":16},{"not_picked":["Steam","Cold Snap"],"picked":"Lockon","floor":17},{"not_picked":["Darkness","Chill"],"picked":"Defragment","floor":18},{"not_picked":["Coolheaded","BootSequence+1"],"picked":"Aggregate","floor":19},{"not_picked":["Compile Driver","Blizzard+1","Coolheaded"],"picked":"SKIP","floor":23},{"not_picked":["Barrage","Beam Cell"],"picked":"Genetic Algorithm+1","floor":27},{"not_picked":["Leap","Steam Power","Compile Driver+1"],"picked":"SKIP","floor":31},{"not_picked":["Biased Cognition+1","Machine Learning+1"],"picked":"Creative AI+1","floor":33},{"not_picked":["BootSequence","Coolheaded"],"picked":"Barrage+1","floor":35},{"not_picked":["Reprogram+1","Aggregate+1"],"picked":"Sweeping Beam+1","floor":38},{"not_picked":["Dramatic Entrance","Impatience"],"picked":"Mayhem+1","floor":39},{"not_picked":["Fusion+1","Doom and Gloom"],"picked":"Rebound+1","floor":40},{"not_picked":["Rebound+1","Redo"],"picked":"Steam Power+1","floor":42},{"not_picked":["Genetic Algorithm","Compile Driver"],"picked":"Heatsinks+1","floor":47},{"not_picked":["Stack+1","Leap+1"],"picked":"Hello World+1","floor":48}],"player_experience":96847,"relics_obtained":[{"floor":9,"key":"Gremlin Horn"},{"floor":11,"key":"Blue Candle"},{"floor":20,"key":"Enchiridion"},{"floor":22,"key":"Kunai"},{"floor":23,"key":"Mummified Hand"},{"floor":26,"key":"Blood Vial"},{"floor":40,"key":"Regal Pillow"},{"floor":43,"key":"Old Coin"}],"event_choices":[{"event_name":"Golden Wing","player_choice":"Card Removal","floor":2,"damage_taken":0},{"event_name":"Big Fish","player_choice":"Donut","floor":3,"damage_taken":0},{"event_name":"Scrap Ooze","player_choice":"success","floor":4,"damage_taken":7},{"event_name":"The Woman in Blue","player_choice":"Bought 2 Potions","floor":5,"damage_taken":0},{"event_name":"Cursed Tome","player_choice":"Obtained Book","floor":20,"damage_taken":0},{"event_name":"Beggar","player_choice":"Ignored","floor":25,"damage_taken":0},{"event_name":"The Mausoleum","player_choice":"Yes","floor":28,"damage_taken":0},{"event_name":"Back to Basics","player_choice":"Elegance","floor":30,"damage_taken":0},{"event_name":"Falling","player_choice":"Removed Skill","floor":36,"damage_taken":0},{"event_name":"Tomb of Lord Red Mask","player_choice":"Ignored","floor":37,"damage_taken":0},{"event_name":"SensoryStone","player_choice":"Memory 1","floor":39,"damage_taken":0},{"event_name":"The Moai Head","player_choice":"Heal","floor":41,"damage_taken":0}],"is_beta":false,"boss_relics":[{"not_picked":["Eternal Feather","Philosopher\u0027s Stone"],"picked":"Tiny House"},{"not_picked":["Orrery","Pandora\u0027s Box"],"picked":"Astrolabe"}],"items_purged_floors":[21],"is_endless":false,"potions_floor_spawned":[1,7,16,18,27,35,40,48],"ascension_level":0}