{"gold_per_floor":[109,127,127,138,138,138,172,172,172,197,217,105,121,141,141,141],"floor_reached":16,"playtime":749,"items_purged":["Strike_G"],"score":164,"play_id":"34b4fde4-e571-4a39-9ca3-7ae84dddf7cb","local_time":"20190606174926","is_ascension_mode":true,"campfire_choices":[{"floor":6,"key":"REST"},{"floor":8,"key":"REST"},{"floor":15,"key":"REST"}],"neow_cost":"NONE","seed_source_timestamp":335715992131200,"circlet_count":0,"master_deck":["Defend_G","Defend_G","Defend_G","Defend_G","Defend_G","Strike_G","Strike_G","Strike_G","Survivor","Neutralize+1","Tools of the Trade","Underhanded Strike+1","Bouncing Flask","Bouncing Flask","Outmaneuver","Dagger Throw","Envenom","Dash","Die Die Die"],"relics":["Ring of the Snake","The Specimen","Ancient Tea Set","Kunai","Mango"],"potions_floor_usage":[10,10,10,10,10],"damage_taken":[{"damage":0,"enemies":"2 Louse","floor":1,"turns":3},{"damage":0,"enemies":"Jaw Worm","floor":2,"turns":5},{"damage":12,"enemies":"Small Slimes","floor":4,"turns":3},{"damage":15,"enemies":"Lagavulin","floor":7,"turns":5},{"damage":0,"enemies":"Gremlin Nob","floor":10,"turns":3},{"damage":19,"enemies":"3 Louse","floor":11,"turns":3},{"damage":9,"enemies":"Red Slaver","floor":13,"turns":4},{"damage":0,"enemies":"Exordium Thugs","floor":14,"turns":4},{"damage":76,"enemies":"Slime Boss","floor":16,"turns":8}],"seed_played":"1079860121416837062","potions_obtained":[{"floor":2,"key":"EssenceOfSteel"},{"floor":7,"key":"EntropicBrew"},{"floor":11,"key":"Ancient Potion"},{"floor":13,"key":"Weak Potion"}],"is_trial":false,"path_per_floor":["M","M","?","M","?","R","E","R","T","E","M","$","M","M","R","B"],"character_chosen":"THE_SILENT","items_purchased":["Dash"],"campfire_rested":3,"item_purchase_floors":[12],"current_hp_per_floor":[70,70,52,40,26,47,32,53,53,67,48,48,39,39,64,0],"gold":141,"neow_bonus":"TRANSFORM_CARD","is_prod":false,"is_daily":false,"chose_seed":false,"campfire_upgraded":0,"win_rate":0,"timestamp":1559832566,"path_taken":["M","M","?","M","?","R","E","R","T","E","M","?","M","M","R","BOSS"],"build_version":"2019-01-23","purchased_purges":1,"victory":false,"max_hp_per_floor":[70,70,70,70,70,70,70,70,70,84,84,84,84,84,84,84],"card_choices":[{"not_picked":["Deadly Poison","Terror"],"picked":"Underhanded Strike","floor":1},{"not_picked":["Caltrops","Bane"],"picked":"Bouncing Flask","floor":2},{"not_picked":["Acrobatics","Slice"],"picked":"Bouncing Flask","floor":4},{"not_picked":["Distraction","Expertise"],"picked":"Outmaneuver","floor":7},{"not_picked":["Setup","Slice"],"picked":"Dagger Throw","floor":10},{"not_picked":["Deflect","Predator"],"picked":"Envenom","floor":11},{"not_picked":["Endless Agony","Dagger Throw","Flying Knee"],"picked":"SKIP","floor":13},{"not_picked":["Slice","Blade Dance"],"picked":"Die Die Die","floor":14}],"player_experience":167984,"relics_obtained":[{"floor":7,"key":"Ancient Tea Set"},{"floor":9,"key":"Kunai"},{"floor":10,"key":"Mango"}],"event_choices":[{"damage_healed":0,"gold_gain":0,"player_choice":"Success","damage_taken":18,"relics_obtained":["The Specimen"],"max_hp_gain":0,"max_hp_loss":0,"event_name":"Scrap Ooze","floor":3,"gold_loss":0},{"damage_healed":0,"gold_gain":0,"player_choice":"Entered Light","damage_taken":14,"max_hp_gain":0,"max_hp_loss":0,"event_name":"Shining Light","floor":5,"gold_loss":0,"cards_upgraded":["Underhanded Strike","Neutralize"]}],"is_beta":false,"boss_relics":[],"items_purged_floors":[12],"is_endless":false,"potions_floor_spawned":[2,7,11,13],"killed_by":"Slime Boss","ascension_level":4}