{"gold_per_floor":[109,126,426,426,446,446,462,462,462,490,490,502,502,522,522,619,619,633,186,204,204,204],"floor_reached":22,"playtime":1260,"items_purged":["Armaments"],"score":258,"play_id":"cf692b09-6e85-4be8-b483-6e420a89540b","local_time":"20180911161523","is_ascension_mode":true,"campfire_choices":[{"data":"True Grit","floor":6,"key":"SMITH"},{"floor":8,"key":"REST"},{"floor":15,"key":"REST"}],"neow_cost":"PERCENT_DAMAGE","seed_source_timestamp":17986919407394,"circlet_count":0,"master_deck":["Bash","Headbutt","Iron Wave","True Grit+1","Metallicize","Heavy Blade+1","Armaments","Immolate","True Grit","Headbutt","Intimidate","Clothesline","Thunderclap","Body Slam","Demon Form"],"relics":["Burning Blood","Old Coin","Calipers","Art of War","Pandora\u0027s Box","Ice Cream","NlothsMask"],"potions_floor_usage":[10,10,14,18],"damage_taken":[{"damage":3,"enemies":"Jaw Worm","floor":1,"turns":5},{"damage":8,"enemies":"Small Slimes","floor":2,"turns":4},{"damage":1,"enemies":"Cultist","floor":5,"turns":3},{"damage":25,"enemies":"Large Slime","floor":7,"turns":8},{"damage":37,"enemies":"Lagavulin","floor":10,"turns":8},{"damage":13,"enemies":"3 Louse","floor":12,"turns":6},{"damage":4,"enemies":"Gremlin Gang","floor":14,"turns":6},{"damage":61,"enemies":"The Guardian","floor":16,"turns":19},{"damage":53,"enemies":"3 Byrds","floor":18,"turns":5},{"damage":12,"enemies":"Shell Parasite","floor":20,"turns":6},{"damage":33,"enemies":"Sentry and Sphere","floor":22,"turns":3}],"seed_played":"1492874677998217408","potions_obtained":[{"floor":1,"key":"SkillPotion"},{"floor":7,"key":"Strength Potion"},{"floor":12,"key":"SteroidPotion"},{"floor":16,"key":"BloodPotion"}],"is_trial":false,"path_per_floor":["M","M","?","?","M","R","M","R","T","E","?","M","?","M","R","B",null,"M","$","M","?"],"character_chosen":"IRONCLAD","items_purchased":["Demon Form","Ice Cream"],"campfire_rested":2,"item_purchase_floors":[19,19],"current_hp_per_floor":[72,70,63,56,61,61,42,70,70,39,39,32,32,34,62,7,74,36,36,30,30,0],"gold":204,"neow_bonus":"TWENTY_PERCENT_HP_BONUS","is_prod":false,"is_daily":false,"chose_seed":false,"campfire_upgraded":1,"win_rate":0,"timestamp":1536671723,"path_taken":["M","M","?","?","M","R","M","R","T","E","?","?","?","M","R","BOSS","M","$","M","?","M"],"build_version":"2018-09-06","purchased_purges":1,"victory":false,"max_hp_per_floor":[96,96,96,96,96,96,96,96,96,96,96,96,96,96,96,96,96,96,96,96,96,96],"card_choices":[{"not_picked":["Battle Trance","Burning Pact"],"picked":"Headbutt","floor":1},{"not_picked":["Clothesline","Havoc"],"picked":"Iron Wave","floor":2},{"not_picked":["Perfected Strike","Iron Wave"],"picked":"True Grit","floor":5},{"not_picked":["Iron Wave","Bloodletting"],"picked":"Metallicize","floor":7},{"not_picked":["True Grit","Body Slam"],"picked":"Heavy Blade","floor":10},{"not_picked":["Twin Strike","Clash","Corruption"],"picked":"SKIP","floor":12},{"not_picked":["Clothesline","Offering"],"picked":"Armaments","floor":14},{"not_picked":["Juggernaut","Dark Embrace"],"picked":"Immolate","floor":16},{"not_picked":["Dropkick","Iron Wave","Anger"],"picked":"SKIP","floor":18},{"not_picked":["True Grit","Thunderclap","Entrench"],"picked":"SKIP","floor":20}],"player_experience":153579,"relics_obtained":[{"floor":9,"key":"Calipers"},{"floor":10,"key":"Art of War"}],"event_choices":[{"event_name":"Scrap Ooze","player_choice":"success","floor":3,"damage_taken":7},{"event_name":"Golden Wing","player_choice":"Card Removal","floor":4,"damage_taken":0},{"event_name":"Upgrade Shrine","player_choice":"Upgraded","floor":11,"damage_taken":0},{"event_name":"Living Wall","player_choice":"Forget","floor":13,"damage_taken":0},{"event_name":"FaceTrader","player_choice":"Trade","floor":21,"damage_taken":0}],"is_beta":false,"boss_relics":[{"not_picked":["Runic Cube","Busted Crown"],"picked":"Pandora\u0027s Box"}],"items_purged_floors":[19],"is_endless":false,"potions_floor_spawned":[1,7,12,16],"killed_by":"Sentry and Sphere","ascension_level":5}