{"gold_per_floor":[360,535,535,548,138,174,174,210,237,306,306,8,8,8,8,131,131,149,170,170,170,11,11,30,53,53,53,53,53,53,68,68,198,198,216,239,239,239,259,297,9,22,98,122,146,169,210,224,224,224],"floor_reached":51,"playtime":2134,"items_purged":["Doubt","Strike_R","Defend_R"],"score":800,"play_id":"a87ad5a6-cc55-4a1e-867d-59f7389d2850","local_time":"20180829010249","is_ascension_mode":true,"campfire_choices":[{"floor":7,"key":"REST"},{"floor":11,"key":"REST"},{"floor":13,"key":"REST"},{"data":"1","floor":15,"key":"LIFT"},{"data":"2","floor":23,"key":"LIFT"},{"data":"3","floor":27,"key":"LIFT"},{"data":"Heavy Blade","floor":30,"key":"SMITH"},{"data":"Uppercut","floor":32,"key":"SMITH"},{"floor":49,"key":"REST"}],"neow_cost":"CURSE","seed_source_timestamp":216263764988171,"circlet_count":0,"master_deck":["Strike_R","Strike_R","Strike_R","Defend_R","Defend_R","Defend_R","Bash","Heavy Blade+1","Uppercut+1","Double Tap+1","Disarm+1","Ghostly Armor+1","Flex+1","Barricade+1","Armaments+1","Flame Barrier+1","Infernal Blade+1","Disarm+1","True Grit+1","Whirlwind+1","Flex+1","Shockwave+1","Heavy Blade+1","Discovery+1","Inflame+1","Body Slam+1","Thunderclap+1","Infernal Blade+1","Inflame+1"],"relics":["Burning Blood","Golden Idol","Toxic Egg 2","Bag of Preparation","Self Forming Clay","Orichalcum","Girya","Dream Catcher","Busted Crown","Lantern","Fusion Hammer","Ginger","Molten Egg 2","Matryoshka","Question Card"],"potions_floor_usage":[19,19,33,33,33,45,50,50],"damage_taken":[{"damage":1,"enemies":"Cultist","floor":1,"turns":4},{"damage":0,"enemies":"Small Slimes","floor":4,"turns":4},{"damage":49,"enemies":"Lagavulin","floor":6,"turns":7},{"damage":14,"enemies":"Gremlin Nob","floor":8,"turns":4},{"damage":26,"enemies":"Lagavulin Event","floor":10,"turns":7},{"damage":10,"enemies":"The Guardian","floor":16,"turns":11},{"damage":0,"enemies":"Chosen","floor":18,"turns":4},{"damage":7,"enemies":"Spheric Guardian","floor":19,"turns":4},{"damage":0,"enemies":"Cultist and Chosen","floor":24,"turns":6},{"damage":0,"enemies":"Snecko","floor":25,"turns":4},{"damage":0,"enemies":"Chosen and Byrds","floor":31,"turns":3},{"damage":39,"enemies":"Automaton","floor":33,"turns":10},{"damage":18,"enemies":"3 Darklings","floor":35,"turns":5},{"damage":1,"enemies":"Orb Walker","floor":36,"turns":2},{"damage":0,"enemies":"4 Shapes","floor":39,"turns":6},{"damage":16,"enemies":"2 Orb Walkers","floor":40,"turns":6},{"damage":0,"enemies":"Spire Growth","floor":42,"turns":2},{"damage":0,"enemies":"Transient","floor":44,"turns":5},{"damage":9,"enemies":"4 Shapes","floor":45,"turns":2},{"damage":12,"enemies":"Flame Bruiser 2 Orb","floor":46,"turns":2},{"damage":23,"enemies":"Nemesis","floor":47,"turns":5},{"damage":0,"enemies":"Spire Growth","floor":48,"turns":2},{"damage":27,"enemies":"Time Eater","floor":50,"turns":8}],"seed_played":"-6409600181004457845","potions_obtained":[{"floor":10,"key":"GamblersBrew"},{"floor":10,"key":"Block Potion"},{"floor":16,"key":"Fire Potion"},{"floor":19,"key":"Ancient Potion"},{"floor":24,"key":"Dexterity Potion"},{"floor":25,"key":"Dexterity Potion"},{"floor":35,"key":"Swift Potion"},{"floor":40,"key":"Regen Potion"},{"floor":42,"key":"SpeedPotion"},{"floor":46,"key":"Ancient Potion"},{"floor":47,"key":"Regen Potion"}],"is_trial":false,"path_per_floor":["M","?","?","M","$","E","R","E","T","?","R","$","R","$","R","B",null,"M","M","?","?","$","R","M","M","T","R","?","$","R","M","R","B",null,"M","M","?","?","M","E","$","M","T","M","M","M","E","M","R","B"],"character_chosen":"IRONCLAD","items_purchased":["Toxic Egg 2","Double Tap+1","Dream Catcher","Flex+1","Infernal Blade+1","Flex+1","Shockwave+1","Heavy Blade+1","Discovery+1"],"campfire_rested":4,"item_purchase_floors":[5,5,12,12,22,41,41,41,41],"current_hp_per_floor":[80,80,60,66,66,23,47,39,39,19,43,43,67,67,67,63,80,80,79,79,79,79,79,80,80,80,80,80,80,80,80,80,47,80,68,73,73,73,79,69,69,75,75,80,77,71,61,67,80,78],"gold":224,"neow_bonus":"TWO_FIFTY_GOLD","is_prod":false,"is_daily":false,"chose_seed":false,"campfire_upgraded":2,"win_rate":0,"timestamp":1535493769,"path_taken":["M","?","?","M","$","E","R","E","T","?","R","$","R","?","R","BOSS","M","M","?","?","$","R","?","M","T","R","?","?","R","M","R","BOSS","M","M","?","?","M","E","$","M","T","M","M","M","E","?","R","BOSS"],"build_version":"2018-08-23v2","purchased_purges":3,"victory":true,"max_hp_per_floor":[80,80,80,80,80,80,80,80,80,80,80,80,80,80,80,80,80,80,80,80,80,80,80,80,80,80,80,80,80,80,80,80,80,80,80,80,80,80,80,80,80,80,80,80,80,80,80,80,80,80],"card_choices":[{"not_picked":["Warcry","True Grit"],"picked":"Heavy Blade","floor":1},{"not_picked":["Battle Trance","Bloodletting"],"picked":"Uppercut","floor":4},{"not_picked":["Rupture","Carnage"],"picked":"Disarm+1","floor":6},{"not_picked":["Fire Breathing","Combust"],"picked":"Ghostly Armor+1","floor":8},{"not_picked":["Body Slam","Sentinel+1"],"picked":"Cleave","floor":10},{"not_picked":["Berserk","Bludgeon"],"picked":"Barricade","floor":16},{"not_picked":["Perfected Strike"],"picked":"SKIP","floor":18},{"not_picked":[],"picked":"Armaments+1","floor":19},{"not_picked":[],"picked":"Disarm+1","floor":24},{"not_picked":["Wild Strike+1"],"picked":"SKIP","floor":25},{"not_picked":["Twin Strike"],"picked":"SKIP","floor":31},{"not_picked":[],"picked":"True Grit+1","floor":35},{"not_picked":["Clothesline+1"],"picked":"SKIP","floor":36},{"not_picked":["Warcry+1"],"picked":"SKIP","floor":39},{"not_picked":[],"picked":"Whirlwind+1","floor":40},{"not_picked":[],"picked":"Inflame+1","floor":42},{"not_picked":["True Grit+1"],"picked":"SKIP","floor":44},{"not_picked":["Perfected Strike+1"],"picked":"SKIP","floor":45},{"not_picked":[],"picked":"Body Slam+1","floor":46},{"not_picked":[],"picked":"Thunderclap+1","floor":47},{"not_picked":["Perfected Strike+1"],"picked":"Infernal Blade+1","floor":48},{"not_picked":["Twin Strike+1"],"picked":"Inflame+1","floor":49}],"player_experience":121638,"relics_obtained":[{"floor":6,"key":"Bag of Preparation"},{"floor":8,"key":"Self Forming Clay"},{"floor":9,"key":"Orichalcum"},{"floor":10,"key":"Girya"},{"floor":26,"key":"Lantern"},{"floor":40,"key":"Molten Egg 2"},{"floor":43,"key":"Matryoshka"},{"floor":47,"key":"Question Card"}],"event_choices":[{"event_name":"Liars Game","player_choice":"agreed","floor":2,"damage_taken":0},{"event_name":"Golden Idol","player_choice":"Take Damage","floor":3,"damage_taken":0},{"event_name":"Dead Adventurer","player_choice":"Searched \u00272\u0027 times","floor":10,"damage_taken":0},{"event_name":"Fountain of Cleansing","player_choice":"Removed Curse","floor":20,"damage_taken":0},{"event_name":"The Library","player_choice":"Read","floor":21,"damage_taken":0},{"event_name":"Upgrade Shrine","player_choice":"Upgraded","floor":28,"damage_taken":0},{"event_name":"Falling","player_choice":"Removed Attack","floor":37,"damage_taken":0},{"event_name":"WeMeetAgain","player_choice":"Card","floor":38,"damage_taken":0}],"is_beta":false,"boss_relics":[{"not_picked":["Runic Cube","Runic Pyramid"],"picked":"Busted Crown"},{"not_picked":["Calling Bell","Philosopher\u0027s Stone"],"picked":"Fusion Hammer"}],"items_purged_floors":[5,12,22],"is_endless":false,"potions_floor_spawned":[10,10,16,19,24,25,35,40,42,46,47],"ascension_level":1}