{"gold_per_floor":[111,129,404,329,353,353,370,370,417,417,451,451,469,486,486,588,638,657,264,264,110,110,141,141,197,270,280,280,280,312,330,330,427,427,447,463,476,161,179,179,213,213,236,267,267,284,284,314,314,314],"floor_reached":51,"playtime":2353,"items_purged":["Regret","Defend_R","Defend_R"],"score":968,"play_id":"9071ff45-ff35-4c0c-8d05-314738fb9675","local_time":"20180829014307","is_ascension_mode":true,"campfire_choices":[{"data":"Double Tap","floor":6,"key":"SMITH"},{"data":"Inflame","floor":8,"key":"SMITH"},{"data":"Cleave","floor":10,"key":"SMITH"},{"data":"Feed","floor":15,"key":"SMITH"},{"floor":24,"key":"REST"},{"floor":28,"key":"REST"},{"floor":32,"key":"REST"},{"floor":40,"key":"REST"},{"floor":49,"key":"REST"}],"neow_cost":"NONE","seed_source_timestamp":218462242094743,"circlet_count":0,"master_deck":["Strike_R+1","Strike_R+1","Defend_R","Defend_R","Double Tap+1","Inflame+1","Cleave+1","Feed+1","Flex","Uppercut+1","True Grit+1","Shame","Power Through+1","Iron Wave+1","Limit Break+1","Berserk+1","Disarm+1","Inflame+1","Heavy Blade+1","Shrug It Off+1","Body Slam","Infernal Blade+1","Evolve+1","Fire Breathing+1","Ghostly Armor+1","Normality"],"relics":["Burning Blood","Vajra","Boot","Mummified Hand","Tiny House","Toxic Egg 2","MutagenicStrength","Orichalcum","Pear","Regal Pillow","Tiny Chest","Mercury Hourglass","Red Skull","Champion Belt","Astrolabe","Whetstone","Incense Burner","Strawberry","Bag of Preparation","The Courier","Ornamental Fan","Question Card"],"potions_floor_usage":[11,16,25,25,31,33,41,44,46,50],"damage_taken":[{"damage":7,"enemies":"2 Louse","floor":1,"turns":2},{"damage":1,"enemies":"Cultist","floor":2,"turns":4},{"damage":3,"enemies":"Small Slimes","floor":7,"turns":3},{"damage":22,"enemies":"3 Sentries","floor":11,"turns":4},{"damage":6,"enemies":"Exordium Thugs","floor":13,"turns":3},{"damage":7,"enemies":"Exordium Wildlife","floor":14,"turns":3},{"damage":18,"enemies":"Slime Boss","floor":16,"turns":6},{"damage":33,"enemies":"Spheric Guardian","floor":18,"turns":4},{"damage":34,"enemies":"Book of Stabbing","floor":23,"turns":6},{"damage":75,"enemies":"Gremlin Leader","floor":25,"turns":8},{"damage":0,"enemies":"Chosen","floor":27,"turns":3},{"damage":35,"enemies":"Book of Stabbing","floor":30,"turns":5},{"damage":15,"enemies":"Snake Plant","floor":31,"turns":2},{"damage":41,"enemies":"Collector","floor":33,"turns":11},{"damage":20,"enemies":"3 Shapes","floor":35,"turns":3},{"damage":45,"enemies":"Flame Bruiser 1 Orb","floor":36,"turns":5},{"damage":17,"enemies":"3 Darklings","floor":37,"turns":6},{"damage":0,"enemies":"Maw","floor":39,"turns":4},{"damage":45,"enemies":"Giant Head","floor":41,"turns":7},{"damage":33,"enemies":"Nemesis","floor":44,"turns":7},{"damage":28,"enemies":"4 Shapes","floor":46,"turns":3},{"damage":4,"enemies":"Giant Head","floor":48,"turns":5},{"damage":66,"enemies":"Time Eater","floor":50,"turns":11}],"seed_played":"5507443990118337690","potions_obtained":[{"floor":2,"key":"Fire Potion"},{"floor":13,"key":"FearPotion"},{"floor":16,"key":"Ancient Potion"},{"floor":17,"key":"Swift Potion"},{"floor":23,"key":"SkillPotion"},{"floor":30,"key":"Fire Potion"},{"floor":36,"key":"SteroidPotion"},{"floor":39,"key":"Regen Potion"},{"floor":44,"key":"Fire Potion"},{"floor":46,"key":"Energy Potion"}],"is_trial":false,"path_per_floor":["M","M","?","$","T","R","M","R","T","R","E","?","M","M","R","B",null,"M","$","?","$","?","E","R","E","T","M","R","T","E","M","R","B",null,"M","M","M","$","M","R","E","?","T","E","?","M","T","E","R","B"],"character_chosen":"IRONCLAD","items_purchased":["Toxic Egg 2","True Grit+1","Orichalcum","Infernal Blade+1","Whetstone"],"campfire_rested":5,"item_purchase_floors":[19,19,21,38,38],"current_hp_per_floor":[79,80,80,80,80,80,80,80,80,80,64,80,80,82,82,74,92,65,65,65,65,75,47,92,23,23,29,74,74,45,36,81,46,102,92,53,42,42,52,100,61,61,68,56,56,34,34,36,86,26],"gold":314,"neow_bonus":"ONE_RANDOM_RARE_CARD","is_prod":false,"is_daily":false,"chose_seed":false,"campfire_upgraded":4,"win_rate":0,"timestamp":1535496187,"path_taken":["M","M","?","?","?","R","?","R","T","R","E","?","M","M","R","BOSS","M","$","?","$","?","E","R","E","T","M","R","?","E","M","R","BOSS","M","?","M","$","M","R","E","?","T","E","?","?","?","E","R","BOSS"],"build_version":"2018-08-23v2","purchased_purges":3,"victory":true,"max_hp_per_floor":[80,80,80,80,80,80,80,80,80,80,80,80,80,83,83,87,92,92,92,92,92,102,102,102,102,102,102,102,102,102,102,102,102,102,106,106,106,106,110,110,110,110,117,117,117,117,117,117,117,117],"card_choices":[{"not_picked":["Body Slam","Twin Strike"],"picked":"Dropkick","floor":1},{"not_picked":["Clash","Clothesline"],"picked":"Inflame","floor":2},{"not_picked":["Thunderclap","Feel No Pain"],"picked":"Cleave","floor":7},{"not_picked":["Cleave","Intimidate","Warcry"],"picked":"SKIP","floor":11},{"not_picked":["Headbutt","Reckless Charge"],"picked":"Feed","floor":13},{"not_picked":["Pommel Strike","Intimidate"],"picked":"Flex","floor":14},{"not_picked":["Sever Soul","Inflame"],"picked":"Uppercut+1","floor":18},{"not_picked":["Iron Wave","Hemokinesis"],"picked":"Power Through+1","floor":23},{"not_picked":["Rampage","Perfected Strike","Combust"],"picked":"SKIP","floor":25},{"not_picked":["Sever Soul","Thunderclap","Wild Strike+1"],"picked":"SKIP","floor":27},{"not_picked":["Reaper","Havoc+1","Pummel"],"picked":"SKIP","floor":30},{"not_picked":["Havoc+1","True Grit+1"],"picked":"Iron Wave+1","floor":31},{"not_picked":["Juggernaut","Immolate"],"picked":"Limit Break+1","floor":33},{"not_picked":["Corruption+1","Perfected Strike"],"picked":"Heavy Blade","floor":35},{"not_picked":["Havoc+1","Twin Strike"],"picked":"Shrug It Off+1","floor":36},{"not_picked":["Cleave+1","Iron Wave"],"picked":"Body Slam","floor":37},{"not_picked":["Havoc+1","Perfected Strike+1"],"picked":"Evolve+1","floor":39},{"not_picked":["Iron Wave","Warcry+1"],"picked":"Fire Breathing+1","floor":41},{"not_picked":["Cleave","Offering+1"],"picked":"Ghostly Armor+1","floor":44},{"not_picked":["Thunderclap","Cleave","Uppercut+1"],"picked":"SKIP","floor":46},{"not_picked":["Bloodletting+1","Iron Wave","Clothesline"],"picked":"SKIP","floor":48}],"player_experience":123772,"relics_obtained":[{"floor":5,"key":"Vajra"},{"floor":9,"key":"Boot"},{"floor":11,"key":"Mummified Hand"},{"floor":23,"key":"Regal Pillow"},{"floor":25,"key":"Tiny Chest"},{"floor":26,"key":"Mercury Hourglass"},{"floor":29,"key":"Red Skull"},{"floor":30,"key":"Champion Belt"},{"floor":41,"key":"Incense Burner"},{"floor":43,"key":"Strawberry"},{"floor":44,"key":"Bag of Preparation"},{"floor":47,"key":"Ornamental Fan"},{"floor":48,"key":"Question Card"}],"event_choices":[{"event_name":"Golden Shrine","player_choice":"Desecrate","floor":3,"damage_taken":0},{"event_name":"Bonfire Elementals","player_choice":"UNCOMMON","floor":12,"damage_taken":0},{"event_name":"Drug Dealer","player_choice":"Inject Mutagens","floor":20,"damage_taken":0},{"event_name":"Addict","player_choice":"Stole Relic","floor":22,"damage_taken":0},{"event_name":"Falling","player_choice":"Removed Attack","floor":42,"damage_taken":0},{"event_name":"Accursed Blacksmith","player_choice":"Rummage","floor":45,"damage_taken":0}],"is_beta":false,"boss_relics":[{"not_picked":["Fusion Hammer","Sozu"],"picked":"Tiny House"},{"not_picked":["Snecko Eye","Runic Cube"],"picked":"Astrolabe"}],"items_purged_floors":[4,19,38],"is_endless":false,"potions_floor_spawned":[2,13,16,23,30,36,39,44,46],"ascension_level":2}