{"gold_per_floor":[112,112,130,130,48,48,60,70,96,108,139,139,150,185,185,287,287,227,152,152,162,262,262],"floor_reached":23,"playtime":1885,"items_purged":["Strike_B"],"score":349,"play_id":"ca508fcc-3cd6-4b8a-b1ba-006d18ce820e","local_time":"20180922094852","is_ascension_mode":true,"campfire_choices":[{"data":"Zap","floor":6.0,"key":"SMITH"},{"floor":12.0,"key":"REST"},{"data":"Lockon","floor":15,"key":"SMITH"}],"neow_cost":"NONE","seed_source_timestamp":0,"circlet_count":0,"master_deck":["Strike_B","Strike_B","Strike_B","Defend_B","Defend_B","Defend_B","Defend_B","Zap+1","Dualcast","Fission","Loop","Chill","Seek","Genetic Algorithm","Biased Cognition","Darkness+1","Lockon+1","Multi-Cast","Buffer","Coolheaded+1","Auto Shields+1"],"special_seed":0,"relics":["Cracked Core","WarpedTongs","Art of War","PreservedInsect","Mango","Cursed Key","Girya","Kunai"],"potions_floor_usage":[16,22],"damage_taken":[{"damage":3.0,"enemies":"Jaw Worm","floor":1.0,"turns":4.0},{"damage":7.0,"enemies":"Cultist","floor":3.0,"turns":4.0},{"damage":8.0,"enemies":"Small Slimes","floor":7.0,"turns":2.0},{"damage":0.0,"enemies":"2 Fungi Beasts","floor":8.0,"turns":4.0},{"damage":3.0,"enemies":"Blue Slaver","floor":10.0,"turns":3.0},{"damage":5.0,"enemies":"3 Sentries","floor":11.0,"turns":6.0},{"damage":6.0,"enemies":"Exordium Thugs","floor":13.0,"turns":4.0},{"damage":0,"enemies":"Lagavulin","floor":14,"turns":4},{"damage":8,"enemies":"Hexaghost","floor":16,"turns":8},{"damage":1,"enemies":"2 Thieves","floor":18,"turns":4},{"damage":0,"enemies":"Chosen","floor":21,"turns":3},{"damage":19,"enemies":"Colosseum Slavers","floor":22,"turns":6},{"damage":54,"enemies":"Colosseum Nobs","floor":22,"turns":5},{"damage":8,"enemies":"Slavers","floor":23,"turns":2}],"seed_played":"5923775794772055547","potions_obtained":[{"floor":1.0,"key":"AttackPotion"},{"floor":7.0,"key":"SpeedPotion"},{"floor":13,"key":"FearPotion"},{"floor":14,"key":"SpeedPotion"},{"floor":21,"key":"SpeedPotion"}],"is_trial":false,"path_per_floor":["M","?","M","?","$","R","M","M","T","M","E","R","M","E","R","B",null,"M","$","?","M","?"],"character_chosen":"DEFECT","items_purchased":["Seek"],"campfire_rested":1,"item_purchase_floors":[5],"current_hp_per_floor":[65,65,58,51,51,51,43,43,43,40,35,57,51,65,65,57,81,80,80,80,80,7,0],"gold":262,"neow_bonus":"ONE_RANDOM_RARE_CARD","is_prod":false,"is_daily":false,"chose_seed":false,"campfire_upgraded":2,"win_rate":0,"timestamp":1537627732,"path_taken":["M","?","M","?","$","R","M","?","T","M","E","R","M","E","R","BOSS","M","$","?","M","?","E"],"build_version":"2018-09-20","purchased_purges":1,"victory":false,"max_hp_per_floor":[75,75,75,75,75,75,75,75,75,75,75,75,75,89,89,89,89,89,89,89,89,89,89],"card_choices":[{"not_picked":["Rebound","Recycle"],"picked":"Loop","floor":1.0},{"not_picked":["Steam","Gash"],"picked":"Chill","floor":3.0},{"not_picked":["Steam Power","Scrape"],"picked":"Genetic Algorithm","floor":7.0},{"not_picked":["Gash","Redo"],"picked":"Biased Cognition","floor":8.0},{"not_picked":["Steam","Gash","Leap"],"picked":"SKIP","floor":10.0},{"not_picked":["Redo","Steam"],"picked":"Darkness","floor":11.0},{"not_picked":["Barrage","Ball Lightning"],"picked":"Lockon","floor":13},{"not_picked":["Streamline","Leap"],"picked":"Multi-Cast","floor":14},{"not_picked":["Hyperbeam","Meteor Strike"],"picked":"Buffer","floor":16},{"not_picked":["Cold Snap+1","Conserve Battery"],"picked":"Coolheaded+1","floor":18},{"not_picked":["Tempest","Go for the Eyes","Stack"],"picked":"SKIP","floor":21},{"not_picked":["Go for the Eyes","Beam Cell+1"],"picked":"Auto Shields+1","floor":22}],"player_experience":600773,"relics_obtained":[{"floor":9.0,"key":"Art of War"},{"floor":11.0,"key":"PreservedInsect"},{"floor":14,"key":"Mango"},{"floor":22,"key":"Girya"},{"floor":22,"key":"Kunai"}],"event_choices":[{"event_name":"Accursed Blacksmith","player_choice":"Rummage","floor":2.0,"damage_taken":0.0},{"event_name":"Golden Wing","player_choice":"Card Removal","floor":4.0,"damage_taken":0.0},{"event_name":"Upgrade Shrine","player_choice":"Upgraded","floor":20,"damage_taken":0},{"event_name":"Colosseum","player_choice":"Fight","floor":22,"damage_taken":0},{"event_name":"Colosseum","player_choice":"Fought Nobs","floor":22,"damage_taken":0}],"is_beta":false,"boss_relics":[{"not_picked":["Inserter","Black Star"],"picked":"Cursed Key"}],"items_purged_floors":[19],"is_endless":false,"potions_floor_spawned":[1,7,13,14,21,22],"killed_by":"Slavers","ascension_level":8}