{"gold_per_floor":[109,109,69,80,98,98,129,129,152,152,152,176,212,233,233,357,357,377,393,239,239,85,123,142,142,197,213,213,232,251,266,266,389,389,412,432,163,163,183,223,223,241,266,266,266,599,610,305,305,305],"floor_reached":51,"playtime":3479,"items_purged":["Strike_P","Strike_P","Nirvana+1","Strike_P+1"],"score":857,"play_id":"0c2a83b3-391f-4fde-a6d8-6d7ea46fa4f6","local_time":"20190912011540","is_ascension_mode":true,"campfire_choices":[{"data":"Eruption","floor":6.0,"key":"SMITH"},{"data":"Ragnarok","floor":8.0,"key":"SMITH"},{"floor":11.0,"key":"REST"},{"data":"Devotion","floor":15.0,"key":"SMITH"},{"data":"ThirdEye","floor":25.0,"key":"SMITH"},{"data":"DevaForm","floor":28.0,"key":"SMITH"},{"data":"Nirvana","floor":32.0,"key":"SMITH"},{"data":"Wish","floor":41.0,"key":"SMITH"},{"data":"TalkToTheHand","floor":49.0,"key":"SMITH"}],"neow_cost":"NONE","seed_source_timestamp":476212976304997,"circlet_count":0,"master_deck":["Defend_P+1","Defend_P+1","Defend_P+1","Eruption+1","Weave+1","CrushJoints+1","Ragnarok+1","Devotion+1","Meditate+1","DevaForm+1","Devotion+1","ThirdEye+1","Wish+1","WreathOfFlame+1","TalkToTheHand+1"],"special_seed":0,"relics":["Astrolabe","Bronze Scales","Bag of Preparation","StoneCalendar","Busted Crown","Matryoshka","Tiny Chest","Omamori","Runic Pyramid","Lee\u0027s Waffle","Bottled Flame","Kunai","Whetstone","Mark of the Bloom"],"potions_floor_usage":[50,50,50],"damage_taken":[{"damage":2.0,"enemies":"Jaw Worm","floor":1.0,"turns":2.0},{"damage":0.0,"enemies":"Small Slimes","floor":4.0,"turns":2.0},{"damage":0.0,"enemies":"Cultist","floor":5.0,"turns":2.0},{"damage":18.0,"enemies":"3 Sentries","floor":7.0,"turns":3.0},{"damage":9.0,"enemies":"Exordium Wildlife","floor":12.0,"turns":2.0},{"damage":0.0,"enemies":"Gremlin Nob","floor":13.0,"turns":2.0},{"damage":2.0,"enemies":"3 Louse","floor":14.0,"turns":2.0},{"damage":14.0,"enemies":"Hexaghost","floor":16.0,"turns":5.0},{"damage":7.0,"enemies":"Chosen","floor":18.0,"turns":4.0},{"damage":10.0,"enemies":"3 Byrds","floor":19.0,"turns":3.0},{"damage":2.0,"enemies":"Book of Stabbing","floor":23.0,"turns":4.0},{"damage":12.0,"enemies":"Snake Plant","floor":24.0,"turns":4.0},{"damage":9.0,"enemies":"Cultist and Chosen","floor":27.0,"turns":3.0},{"damage":5.0,"enemies":"Centurion and Healer","floor":29.0,"turns":6.0},{"damage":0.0,"enemies":"Chosen and Byrds","floor":30.0,"turns":4.0},{"damage":9.0,"enemies":"Shelled Parasite and Fungi","floor":31.0,"turns":6.0},{"damage":6.0,"enemies":"Champ","floor":33.0,"turns":7.0},{"damage":0.0,"enemies":"3 Darklings","floor":35.0,"turns":6.0},{"damage":27.0,"enemies":"3 Shapes","floor":36.0,"turns":3.0},{"damage":0.0,"enemies":"3 Darklings","floor":39.0,"turns":5.0},{"damage":0.0,"enemies":"Nemesis","floor":40.0,"turns":5.0},{"damage":6.0,"enemies":"Maw","floor":42.0,"turns":4.0},{"damage":0.0,"enemies":"Writhing Mass","floor":47.0,"turns":5.0},{"damage":19,"enemies":"Awakened One","floor":50,"turns":136}],"seed_played":"-5208663331596099145","potions_obtained":[{"floor":3.0,"key":"PowerPotion"},{"floor":3.0,"key":"SteroidPotion"},{"floor":3.0,"key":"Poison Potion"},{"floor":7.0,"key":"Regen Potion"},{"floor":13.0,"key":"Weak Potion"},{"floor":16.0,"key":"SpeedPotion"},{"floor":24.0,"key":"Weak Potion"},{"floor":31.0,"key":"SteroidPotion"},{"floor":39.0,"key":"Poison Potion"},{"floor":40.0,"key":"Dexterity Potion"},{"floor":42.0,"key":"Explosive Potion"},{"floor":47.0,"key":"FearPotion"}],"is_trial":false,"path_per_floor":["M","?","?","M","M","R","E","R","T","?","R","M","E","M","R","B",null,"M","M","$","?","$","E","M","R","T","M","R","M","M","M","R","B",null,"M","M","$","?","M","E","R","M","T","?","?","?","M","$","R","B",null],"character_chosen":"WATCHER","items_purchased":["Devotion","ThirdEye","Lee\u0027s Waffle","GamblersBrew","TalkToTheHand"],"campfire_rested":1,"item_purchase_floors":[20,22,37,48,48],"current_hp_per_floor":[63,63,63,63,63,63,45,45,45,29,48,39,39,37,37,35,65,58,48,48,48,48,46,34,34,34,25,25,20,20,11,11,5,65,65,38,72,72,72,72,72,66,66,66,66,66,66,66,66,47],"gold":305,"neow_bonus":"BOSS_RELIC","is_prod":false,"is_daily":false,"chose_seed":false,"campfire_upgraded":8,"win_rate":0,"timestamp":1568225740,"path_taken":["M","?","?","M","?","R","E","R","T","?","R","M","E","M","R","BOSS","M","M","$","?","$","E","M","R","T","M","R","M","?","M","R","BOSS","M","?","$","?","M","E","R","M","T","?","?","?","M","$","R","BOSS"],"build_version":"2019-09-10","purchased_purges":4,"victory":true,"max_hp_per_floor":[65,65,65,65,65,65,65,65,65,65,65,65,65,65,65,65,65,65,65,65,65,65,65,65,65,65,65,65,65,65,65,65,65,65,65,65,72,72,72,72,72,72,72,72,68,68,68,68,68,68],"card_choices":[{"not_picked":["CutThroughFate","FearNoEvil","Swivel"],"picked":"SKIP","floor":1.0},{"not_picked":["CutThroughFate","FollowUp","EmptyFist"],"picked":"SKIP","floor":4.0},{"not_picked":["EmptyBody","Crescendo","BowlingBash"],"picked":"SKIP","floor":5.0},{"not_picked":["JustLucky","Protect"],"picked":"Ragnarok","floor":7.0},{"not_picked":["Consecrate","FollowUp","CrushJoints"],"picked":"SKIP","floor":12.0},{"not_picked":["EmptyBody","Sanctity"],"picked":"Devotion","floor":13.0},{"not_picked":["FlyingSleeves","Sanctity"],"picked":"Meditate","floor":14.0},{"not_picked":["FlowState","Unraveling"],"picked":"DevaForm","floor":16.0},{"not_picked":["CrushJoints"],"picked":"SKIP","floor":18.0},{"not_picked":["Collect"],"picked":"SKIP","floor":19.0},{"not_picked":["CarveReality"],"picked":"SKIP","floor":23.0},{"not_picked":["StepAndStrike+1"],"picked":"SKIP","floor":24.0},{"not_picked":["CrushJoints"],"picked":"SKIP","floor":27.0},{"not_picked":["Clarity"],"picked":"SKIP","floor":29.0},{"not_picked":["Meditate"],"picked":"SKIP","floor":30.0},{"not_picked":["CutThroughFate"],"picked":"SKIP","floor":31.0},{"not_picked":[],"picked":"Wish","floor":33.0},{"not_picked":["JustLucky+1"],"picked":"SKIP","floor":35.0},{"not_picked":["Halt"],"picked":"SKIP","floor":36.0},{"not_picked":["FollowUp"],"picked":"SKIP","floor":39.0},{"not_picked":[],"picked":"WreathOfFlame+1","floor":40.0},{"not_picked":["BowlingBash"],"picked":"SKIP","floor":42.0},{"not_picked":["BowlingBash+1"],"picked":"SKIP","floor":47.0}],"player_experience":1087663,"relics_obtained":[{"floor":7.0,"key":"Bronze Scales"},{"floor":9.0,"key":"Bag of Preparation"},{"floor":13.0,"key":"StoneCalendar"},{"floor":23.0,"key":"Matryoshka"},{"floor":26.0,"key":"Tiny Chest"},{"floor":26.0,"key":"Omamori"},{"floor":40.0,"key":"Bottled Flame"},{"floor":43.0,"key":"Kunai"},{"floor":43.0,"key":"Whetstone"}],"event_choices":[{"damage_healed":0.0,"max_hp_gain":0.0,"max_hp_loss":0.0,"gold_gain":0.0,"event_name":"Liars Game","player_choice":"Ignored","floor":2.0,"gold_loss":0.0,"damage_taken":0.0},{"damage_healed":0.0,"max_hp_gain":0.0,"max_hp_loss":0.0,"gold_gain":0.0,"event_name":"The Woman in Blue","player_choice":"Bought 3 Potions","floor":3.0,"gold_loss":0.0,"damage_taken":0.0},{"damage_healed":0.0,"max_hp_gain":0.0,"max_hp_loss":0.0,"gold_gain":0.0,"event_name":"Golden Idol","player_choice":"Take Damage","floor":10.0,"gold_loss":0.0,"damage_taken":16.0,"relics_obtained":["Golden Idol"]},{"damage_healed":0.0,"max_hp_gain":0.0,"max_hp_loss":0.0,"gold_gain":0.0,"cards_transformed":["Vengeance"],"event_name":"Transmorgrifier","player_choice":"Transformed","floor":21.0,"gold_loss":0.0,"damage_taken":0.0,"cards_obtained":["Nirvana"]},{"damage_healed":0.0,"max_hp_gain":0.0,"max_hp_loss":0.0,"gold_gain":0.0,"event_name":"SensoryStone","player_choice":"Memory 1","floor":38.0,"gold_loss":0.0,"damage_taken":0.0},{"damage_healed":0.0,"max_hp_gain":0.0,"max_hp_loss":0.0,"gold_gain":0.0,"event_name":"MindBloom","player_choice":"Upgrade","floor":44.0,"gold_loss":0.0,"damage_taken":0.0,"cards_upgraded":["Defend_P","Defend_P","Defend_P","Meditate","Devotion"],"relics_obtained":["Mark of the Bloom"]},{"damage_healed":0.0,"max_hp_gain":0.0,"max_hp_loss":4.0,"gold_gain":0.0,"event_name":"Winding Halls","player_choice":"Max HP","floor":45.0,"gold_loss":0.0,"damage_taken":0.0},{"damage_healed":0.0,"max_hp_gain":0.0,"max_hp_loss":0.0,"gold_gain":333.0,"event_name":"The Moai Head","player_choice":"Gave Idol","floor":46.0,"relics_lost":["Golden Idol"],"gold_loss":0.0,"damage_taken":0.0}],"is_beta":true,"boss_relics":[{"not_picked":["SacredBark","Cursed Key"],"picked":"Busted Crown"},{"not_picked":["Snecko Eye","Tiny House"],"picked":"Runic Pyramid"}],"items_purged_floors":[20,22,37,48],"is_endless":false,"potions_floor_spawned":[4,7,13,16,24,31,39,40,42,47],"ascension_level":2}