{"gold_per_floor":[115,115,115,290,61,92,112,137,137,137],"floor_reached":10,"playtime":413,"items_purged":["Doubt"],"score":89,"play_id":"eeaf1b76-8911-4536-bffe-5bb5ef387311","local_time":"20190607105800","is_ascension_mode":true,"campfire_choices":[],"neow_cost":"NONE","seed_source_timestamp":8168748685195,"circlet_count":0,"master_deck":["Strike_R","Strike_R","Strike_R","Strike_R","Strike_R","Defend_R","Defend_R","Defend_R","Defend_R","Bash","Panacea","Shockwave"],"relics":["Burning Blood","Ice Cream","Darkstone Periapt","PreservedInsect","Shovel","Kunai","Bottled Flame"],"potions_floor_usage":[6,10],"damage_taken":[{"damage":7,"enemies":"Small Slimes","floor":1,"turns":3},{"damage":12,"enemies":"Gremlin Nob","floor":6,"turns":3},{"damage":10,"enemies":"Jaw Worm","floor":7,"turns":4},{"damage":25,"enemies":"Lagavulin","floor":8,"turns":5},{"damage":24,"enemies":"3 Sentries","floor":10,"turns":5}],"seed_played":"-2337581611165058828","potions_obtained":[{"floor":1,"key":"AttackPotion"},{"floor":7,"key":"GamblersBrew"},{"floor":8,"key":"Ancient Potion"}],"is_trial":false,"path_per_floor":["M","?","T","?","$","E","M","E","T","E"],"character_chosen":"IRONCLAD","items_purchased":["PreservedInsect"],"campfire_rested":0,"item_purchase_floors":[5],"current_hp_per_floor":[79,46,46,52,52,46,42,23,23,0],"gold":137,"neow_bonus":"RANDOM_COLORLESS","is_prod":false,"is_daily":false,"chose_seed":false,"campfire_upgraded":0,"win_rate":0,"timestamp":1559897880,"path_taken":["M","?","?","?","?","E","?","E","T","E"],"build_version":"2019-01-23","purchased_purges":1,"victory":false,"max_hp_per_floor":[80,80,80,86,86,86,86,86,86,86],"card_choices":[{"not_picked":["Whirlwind","Sword Boomerang"],"picked":"Shockwave","floor":1},{"not_picked":["Heavy Blade","Fiend Fire","Entrench"],"picked":"SKIP","floor":6},{"not_picked":["Armaments","Burning Pact","Anger"],"picked":"SKIP","floor":7},{"not_picked":["Entrench","Perfected Strike","Anger"],"picked":"SKIP","floor":8}],"player_experience":195177,"relics_obtained":[{"floor":3,"key":"Darkstone Periapt"},{"floor":6,"key":"Shovel"},{"floor":8,"key":"Kunai"},{"floor":9,"key":"Bottled Flame"}],"event_choices":[{"damage_healed":0,"gold_gain":0,"player_choice":"Success","damage_taken":33,"relics_obtained":["Ice Cream"],"max_hp_gain":0,"max_hp_loss":0,"event_name":"Scrap Ooze","floor":2,"gold_loss":0},{"damage_healed":0,"gold_gain":175,"player_choice":"AGREE","damage_taken":0,"max_hp_gain":0,"max_hp_loss":0,"event_name":"Liars Game","floor":4,"gold_loss":0,"cards_obtained":["Doubt"]}],"is_beta":false,"boss_relics":[],"items_purged_floors":[5],"is_endless":false,"potions_floor_spawned":[1,7,8],"killed_by":"3 Sentries","ascension_level":4}