{"gold_per_floor":[119,119,119,137,137,137,168,4,4,35,35,35,55,83,83,157,157,177,196,34,0,16,16,49,63,63,63,73,86,86,86,86,165,165,184,12,12,27,27,62,162,162],"floor_reached":42,"playtime":5356,"items_purged":[],"score":974,"play_id":"079ea441-8c8f-465d-93b4-ef5471b9afa6","local_time":"20190928115929","is_ascension_mode":true,"campfire_choices":[{"data":"True Grit","floor":6.0,"key":"SMITH"},{"data":"Fire Breathing","floor":12.0,"key":"SMITH"},{"data":"Combust","floor":15.0,"key":"SMITH"},{"data":"Demon Form","floor":23.0,"key":"SMITH"},{"data":"Heavy Blade","floor":30.0,"key":"SMITH"},{"floor":32.0,"key":"REST"}],"neow_cost":"NONE","seed_source_timestamp":987710310666600,"circlet_count":0,"master_deck":["AscendersBane","Strike_R","Strike_R","Strike_R","Defend_R","Defend_R+1","Defend_R","Defend_R","Bash","True Grit+1","Reaper","Combust+1","Evolve","Fire Breathing+1","Demon Form+1","Flame Barrier+1","Wild Strike","Wild Strike","Power Through","Power Through","Heavy Blade+1","Pummel","Double Tap+1","Power Through+1"],"special_seed":0,"relics":["Black Blood","NeowsBlessing","Boot","Smiling Mask","Omamori","Oddly Smooth Stone","MealTicket","Meat on the Bone","Velvet Choker","Vajra","Anchor","Strawberry","War Paint","Kunai","Peace Pipe"],"potions_floor_usage":[40,40,42],"damage_taken":[{"damage":0.0,"enemies":"Jaw Worm","floor":1.0,"turns":1.0},{"damage":0.0,"enemies":"2 Louse","floor":4.0,"turns":2.0},{"damage":0.0,"enemies":"Lagavulin","floor":7.0,"turns":1.0},{"damage":31.0,"enemies":"3 Sentries","floor":10.0,"turns":7.0},{"damage":3.0,"enemies":"Cultist","floor":13.0,"turns":4.0},{"damage":28.0,"enemies":"Gremlin Nob","floor":14.0,"turns":4.0},{"damage":35.0,"enemies":"Slime Boss","floor":16.0,"turns":6.0},{"damage":63.0,"enemies":"Shell Parasite","floor":18.0,"turns":7.0},{"damage":15.0,"enemies":"Chosen","floor":19.0,"turns":5.0},{"damage":19.0,"enemies":"Centurion and Healer","floor":22.0,"turns":8.0},{"damage":64.0,"enemies":"Gremlin Leader","floor":24.0,"turns":6.0},{"damage":57.0,"enemies":"Shelled Parasite and Fungi","floor":25.0,"turns":7.0},{"damage":36.0,"enemies":"Snake Plant","floor":28.0,"turns":4.0},{"damage":19.0,"enemies":"Sentry and Sphere","floor":29.0,"turns":6.0},{"damage":41.0,"enemies":"Champ","floor":33.0,"turns":11.0},{"damage":50,"enemies":"3 Darklings","floor":35,"turns":5},{"damage":39,"enemies":"3 Shapes","floor":38,"turns":8},{"damage":115,"enemies":"Reptomancer","floor":40,"turns":8},{"damage":13,"enemies":"Mind Bloom Boss Battle","floor":41,"turns":6},{"damage":77,"enemies":"2 Orb Walkers","floor":42,"turns":3}],"seed_played":"-3387809085791506592","potions_obtained":[{"floor":1.0,"key":"LiquidBronze"},{"floor":4.0,"key":"EntropicBrew"},{"floor":28.0,"key":"Explosive Potion"},{"floor":38,"key":"Fire Potion"},{"floor":41,"key":"BloodPotion"}],"is_trial":false,"path_per_floor":["M","$","?","M","?","R","E","$","T","E","?","R","M","E","R","B",null,"M","M","$","?","M","R","E","M","T","?","M","M","R","?","R","B",null,"M","$","?","M","?","E","?","?"],"character_chosen":"IRONCLAD","items_purchased":["Omamori","Vajra","War Paint"],"campfire_rested":1,"item_purchase_floors":[8,20,36],"current_hp_per_floor":[74,74,69,75,75,75,75,75,75,59,59,59,62,45,45,34,65,28,31,46,46,55,55,54,29,36,36,34,53,53,53,77,54,75,54,69,69,66,82,27,43,0],"gold":162,"neow_bonus":"THREE_ENEMY_KILL","is_prod":false,"is_daily":false,"chose_seed":false,"campfire_upgraded":5,"win_rate":0,"timestamp":1569697169,"path_taken":["M","$","?","M","?","R","E","$","T","E","?","R","M","E","R","BOSS","M","M","$","?","M","R","E","M","T","?","M","?","R","?","R","BOSS","M","$","?","M","?","E","?","?"],"build_version":"2019-09-27","purchased_purges":0,"victory":false,"max_hp_per_floor":[75,75,75,75,75,75,75,75,75,75,75,75,75,75,75,75,75,75,75,75,75,75,75,75,75,82,82,82,82,82,82,82,82,82,82,82,82,82,82,82,82,82],"card_choices":[{"not_picked":["Bloodletting","Body Slam"],"picked":"True Grit","floor":1.0},{"not_picked":["True Grit","Flex","Clash"],"picked":"SKIP","floor":4.0},{"not_picked":["Twin Strike","Barricade"],"picked":"Combust","floor":7.0},{"not_picked":["Rage","Havoc"],"picked":"Evolve","floor":10.0},{"not_picked":["Anger","Headbutt"],"picked":"Carnage","floor":13.0},{"not_picked":["Blood for Blood","True Grit","Body Slam"],"picked":"SKIP","floor":14.0},{"not_picked":["Barricade","Berserk"],"picked":"Demon Form","floor":16.0},{"not_picked":["Seeing Red","Twin Strike"],"picked":"Flame Barrier+1","floor":18.0},{"not_picked":["Ghostly Armor","Hemokinesis"],"picked":"Wild Strike","floor":19.0},{"not_picked":["Shrug It Off","Corruption"],"picked":"Wild Strike","floor":22.0},{"not_picked":["Reaper","Entrench"],"picked":"Power Through","floor":24.0},{"not_picked":["Twin Strike","Sentinel"],"picked":"Power Through","floor":25.0},{"not_picked":["Thunderclap","Blood for Blood"],"picked":"Heavy Blade","floor":28.0},{"not_picked":["True Grit","Havoc"],"picked":"Pummel","floor":29.0},{"not_picked":["Barricade","Bludgeon"],"picked":"Double Tap","floor":33.0},{"not_picked":["Havoc","Bloodletting+1","Hemokinesis+1"],"picked":"SKIP","floor":35},{"not_picked":["Blood for Blood+1","Thunderclap","Cleave"],"picked":"SKIP","floor":38},{"not_picked":["Hemokinesis","Corruption+1"],"picked":"Power Through+1","floor":40}],"player_experience":1084845,"relics_obtained":[{"floor":7.0,"key":"Smiling Mask"},{"floor":9.0,"key":"Oddly Smooth Stone"},{"floor":10.0,"key":"MealTicket"},{"floor":14.0,"key":"Meat on the Bone"},{"floor":24.0,"key":"Anchor"},{"floor":26.0,"key":"Strawberry"},{"floor":40,"key":"Kunai"},{"floor":41,"key":"Peace Pipe"}],"event_choices":[{"damage_healed":0.0,"max_hp_gain":0.0,"max_hp_loss":0.0,"gold_gain":0.0,"event_name":"Scrap Ooze","player_choice":"Success","floor":3.0,"gold_loss":0.0,"damage_taken":5.0,"relics_obtained":["Boot"]},{"damage_healed":0.0,"max_hp_gain":0.0,"max_hp_loss":0.0,"gold_gain":0.0,"cards_transformed":["Strike_R"],"event_name":"Living Wall","player_choice":"Change","floor":5.0,"gold_loss":0.0,"damage_taken":0.0,"cards_obtained":["Reaper"]},{"damage_healed":0.0,"max_hp_gain":0.0,"max_hp_loss":0.0,"gold_gain":0.0,"cards_transformed":["Strike_R"],"event_name":"Transmorgrifier","player_choice":"Transformed","floor":11.0,"gold_loss":0.0,"damage_taken":0.0,"cards_obtained":["Fire Breathing"]},{"damage_healed":0.0,"max_hp_gain":0.0,"max_hp_loss":0.0,"gold_gain":0.0,"event_name":"Masked Bandits","player_choice":"Paid Fearfully","floor":21.0,"gold_loss":34.0,"damage_taken":0.0},{"damage_healed":0.0,"max_hp_gain":0.0,"max_hp_loss":0.0,"gold_gain":0.0,"event_name":"N\u0027loth","player_choice":"Ignored","floor":27.0,"gold_loss":0.0,"damage_taken":0.0},{"damage_healed":0.0,"max_hp_gain":0.0,"max_hp_loss":0.0,"gold_gain":0.0,"event_name":"Forgotten Altar","player_choice":"Smashed Altar","floor":31.0,"gold_loss":0.0,"damage_taken":0.0,"cards_obtained":["Decay"]},{"cards_removed":["Carnage"],"damage_healed":0,"gold_gain":0,"player_choice":"Removed Attack","damage_taken":0,"max_hp_gain":0,"max_hp_loss":0,"event_name":"Falling","floor":37,"gold_loss":0},{"damage_healed":16,"gold_gain":0,"player_choice":"Writhe","damage_taken":0,"max_hp_gain":0,"max_hp_loss":0,"event_name":"Winding Halls","floor":39,"gold_loss":0,"cards_obtained":["Writhe"]},{"damage_healed":0,"gold_gain":0,"player_choice":"Fight","damage_taken":0,"max_hp_gain":0,"max_hp_loss":0,"event_name":"MindBloom","floor":41,"gold_loss":0},{"damage_healed":0,"gold_gain":0,"player_choice":"Fight","damage_taken":0,"max_hp_gain":0,"max_hp_loss":0,"event_name":"Mysterious Sphere","floor":42,"gold_loss":0}],"is_beta":true,"boss_relics":[{"not_picked":["Coffee Dripper","Black Star"],"picked":"Velvet Choker"},{"not_picked":["Astrolabe","SlaversCollar"],"picked":"Black Blood"}],"items_purged_floors":[],"is_endless":false,"potions_floor_spawned":[1,4,13,18,19,24,28,29,38,41],"killed_by":"2 Orb Walkers","ascension_level":20}