{"gold_per_floor":[110,125,125,145,110,120,120,138,138,138,168,168,198,214,214,312,312,326,32,32,32,29,29,86,86,159,190,190,202,202,221,221,221],"floor_reached":33,"playtime":2236,"items_purged":[],"score":295,"play_id":"478c1d04-06fb-49d4-bdd6-01167c39c86d","local_time":"20190925003051","is_ascension_mode":false,"campfire_choices":[{"data":"Hologram","floor":7,"key":"SMITH"},{"data":"Conserve Battery","floor":10,"key":"SMITH"},{"floor":12,"key":"REST"},{"floor":15,"key":"REST"},{"data":"Sunder","floor":23,"key":"SMITH"},{"floor":25,"key":"REST"},{"data":"Gash","floor":28,"key":"SMITH"},{"floor":32,"key":"REST"}],"neow_cost":"NONE","seed_source_timestamp":1069944259006100,"circlet_count":0,"master_deck":["Strike_B","Strike_B+1","Defend_B","Defend_B+1","Defend_B","Defend_B","Zap","Dualcast+1","Glacier+1","Hologram+1","Gash+1","Go for the Eyes","Conserve Battery+1","Stack","Sweeping Beam","Auto Shields","Machine Learning","Rebound","Sunder+1","Biased Cognition","Force Field","Streamline","Decay","FTL"],"relics":["Cracked Core","War Paint","Matryoshka","Gambling Chip","Sundial","Black Star","StoneCalendar","Tiny Chest","Vajra","Bag of Preparation","Mummified Hand","Calipers","Strawberry"],"potions_floor_usage":[6,18,24,33,33,33,33],"damage_taken":[{"damage":0,"enemies":"Jaw Worm","floor":1,"turns":3},{"damage":0,"enemies":"2 Louse","floor":2,"turns":2},{"damage":7,"enemies":"Small Slimes","floor":4,"turns":3},{"damage":0,"enemies":"Exordium Thugs","floor":6,"turns":5},{"damage":8,"enemies":"Large Slime","floor":8,"turns":6},{"damage":28,"enemies":"3 Sentries","floor":11,"turns":9},{"damage":33,"enemies":"Gremlin Nob","floor":13,"turns":5},{"damage":8,"enemies":"3 Louse","floor":14,"turns":3},{"damage":15,"enemies":"The Guardian","floor":16,"turns":13},{"damage":1,"enemies":"Shell Parasite","floor":18,"turns":8},{"damage":15,"enemies":"2 Thieves","floor":22,"turns":4},{"damage":39,"enemies":"Gremlin Leader","floor":24,"turns":8},{"damage":8,"enemies":"Book of Stabbing","floor":27,"turns":7},{"damage":23,"enemies":"3 Cultists","floor":29,"turns":6},{"damage":9,"enemies":"Snake Plant","floor":31,"turns":6},{"damage":56,"enemies":"Collector","floor":33,"turns":7}],"seed_played":"-1406696070914318705","potions_obtained":[{"floor":4,"key":"Block Potion"},{"floor":11,"key":"Energy Potion"},{"floor":14,"key":"Regen Potion"},{"floor":22,"key":"SneckoOil"},{"floor":31,"key":"EntropicBrew"}],"is_trial":false,"path_per_floor":["M","M","?","M","?","M","R","M","T","R","E","R","E","M","R","B",null,"M","$","?","?","M","R","E","R","T","E","R","M","?","M","R","B"],"character_chosen":"DEFECT","items_purchased":["StoneCalendar"],"campfire_rested":4,"item_purchase_floors":[19],"current_hp_per_floor":[75,75,60,53,71,71,71,63,63,63,35,57,24,16,38,23,75,74,74,74,74,59,59,29,51,51,50,50,27,27,18,42,0],"gold":221,"neow_bonus":"RANDOM_COMMON_RELIC","is_prod":false,"is_daily":false,"chose_seed":false,"campfire_upgraded":4,"win_rate":0,"timestamp":1569385851,"path_taken":["M","M","?","M","?","M","R","M","T","R","E","R","E","M","R","BOSS","M","$","?","?","M","R","E","R","T","E","R","?","?","M","R","BOSS"],"build_version":"2019-07-17","purchased_purges":0,"victory":false,"max_hp_per_floor":[75,75,75,75,75,75,75,75,75,75,75,75,75,75,75,75,75,75,75,75,75,75,75,75,75,75,82,82,82,82,82,82,82],"card_choices":[{"not_picked":["Compile Driver","BootSequence"],"picked":"Glacier","floor":1},{"not_picked":["Consume","Tempest"],"picked":"Hologram","floor":2},{"not_picked":["Steam","Chaos"],"picked":"Gash","floor":4},{"not_picked":["Compile Driver","Leap"],"picked":"Go for the Eyes","floor":6},{"not_picked":["Coolheaded","Barrage"],"picked":"Conserve Battery","floor":8},{"not_picked":["Buffer","Hologram"],"picked":"Stack","floor":11},{"not_picked":["Ball Lightning","Lockon"],"picked":"Sweeping Beam","floor":13},{"not_picked":["Consume","Chill"],"picked":"Auto Shields","floor":14},{"not_picked":["Rainbow","Electrodynamics"],"picked":"Machine Learning","floor":16},{"not_picked":["Cold Snap","Streamline"],"picked":"Rebound","floor":18},{"not_picked":["Stack+1","Redo","Leap"],"picked":"SKIP","floor":22},{"not_picked":["Recycle","Compile Driver","Rip and Tear"],"picked":"SKIP","floor":24},{"not_picked":["Reboot","Go for the Eyes","Lockon"],"picked":"SKIP","floor":27},{"not_picked":["Hologram","Hello World"],"picked":"Streamline","floor":29},{"not_picked":["Compile Driver","Lockon"],"picked":"FTL","floor":31}],"player_experience":71180,"relics_obtained":[{"floor":9,"key":"Matryoshka"},{"floor":11,"key":"Gambling Chip"},{"floor":13,"key":"Sundial"},{"floor":24,"key":"Tiny Chest"},{"floor":24,"key":"Vajra"},{"floor":26,"key":"Bag of Preparation"},{"floor":26,"key":"Mummified Hand"},{"floor":27,"key":"Calipers"},{"floor":27,"key":"Strawberry"}],"event_choices":[{"damage_healed":0,"gold_gain":0,"player_choice":"Entered Light","damage_taken":15,"max_hp_gain":0,"max_hp_loss":0,"event_name":"Shining Light","floor":3,"gold_loss":0,"cards_upgraded":["Strike_B","Glacier"]},{"damage_healed":18,"gold_gain":0,"player_choice":"Healed","damage_taken":0,"max_hp_gain":0,"max_hp_loss":0,"event_name":"The Cleric","floor":5,"gold_loss":35},{"damage_healed":0,"gold_gain":0,"player_choice":"Read","damage_taken":0,"max_hp_gain":0,"max_hp_loss":0,"event_name":"The Library","floor":20,"gold_loss":0,"cards_obtained":["Sunder"]},{"damage_healed":0,"gold_gain":0,"cards_transformed":["Strike_B","Strike_B"],"player_choice":"Became Test Subject","damage_taken":0,"max_hp_gain":0,"max_hp_loss":0,"event_name":"Drug Dealer","floor":21,"gold_loss":0,"cards_obtained":["Biased Cognition","Force Field"]},{"damage_healed":0,"gold_gain":0,"player_choice":"Smashed Altar","damage_taken":0,"max_hp_gain":0,"max_hp_loss":0,"event_name":"Forgotten Altar","floor":30,"gold_loss":0,"cards_obtained":["Decay"]}],"is_beta":false,"boss_relics":[{"not_picked":["Runic Dome","Tiny House"],"picked":"Black Star"}],"items_purged_floors":[],"is_endless":false,"potions_floor_spawned":[4,11,14,22,31],"killed_by":"Collector","ascension_level":0}