{"gold_per_floor":[111,111,37,47,47,71,71,71,93,93,115,115,155,182,182,239,239,255,267,267],"floor_reached":20,"playtime":369,"items_purged":[],"score":414,"play_id":"523c60e1-e8ca-4f21-9c0a-d5632564cfe7","local_time":"20190808111932","is_ascension_mode":true,"campfire_choices":[{"data":"Whirlwind","floor":7.0,"key":"SMITH"},{"data":"Bash","floor":10.0,"key":"SMITH"},{"data":"Demon Form","floor":15.0,"key":"SMITH"}],"neow_cost":"NONE","seed_source_timestamp":6256598572564,"circlet_count":0,"master_deck":["Strike_R","Strike_R","Strike_R","Strike_R","Defend_R","Defend_R","Defend_R","Defend_R","Bash+1","AscMod:ascendersbane","Whirlwind+1","Disarm","Clothesline","Shrug It Off","Demon Form+1","Double Tap","True Grit"],"special_seed":0,"relics":["Sozu","Shuriken","Smiling Mask","Orichalcum","Mummified Hand","Runic Dome"],"potions_floor_usage":[],"damage_taken":[{"damage":1.0,"enemies":"2 Louse","floor":1.0,"turns":3.0},{"damage":0.0,"enemies":"Cultist","floor":4.0,"turns":4.0},{"damage":16.0,"enemies":"Lagavulin","floor":6.0,"turns":7.0},{"damage":25.0,"enemies":"Gremlin Nob","floor":11.0,"turns":4.0},{"damage":11.0,"enemies":"3 Sentries","floor":14.0,"turns":3.0},{"damage":2.0,"enemies":"Slime Boss","floor":16.0,"turns":5.0},{"damage":10.0,"enemies":"Spheric Guardian","floor":18.0,"turns":4.0},{"damage":19,"enemies":"Shell Parasite","floor":19,"turns":4},{"damage":30,"enemies":"Masked Bandits","floor":20,"turns":2}],"seed_played":"-655733208727838964","potions_obtained":[],"is_trial":false,"path_per_floor":["M","?","$","M","?","E","R","$","T","R","E","?","?","E","R","B",null,"M","M","?"],"character_chosen":"IRONCLAD","items_purchased":["Disarm"],"campfire_rested":0,"item_purchase_floors":[3],"current_hp_per_floor":[67,67,67,67,67,51,51,51,51,51,26,30,30,19,19,17,55,45,26,0],"gold":267,"neow_bonus":"BOSS_RELIC","is_prod":false,"is_daily":false,"chose_seed":false,"campfire_upgraded":3,"win_rate":0,"timestamp":1565237972,"path_taken":["M","?","?","?","?","E","R","$","T","R","E","?","?","E","R","BOSS","M","?","?"],"build_version":"2019-07-18","purchased_purges":0,"victory":false,"max_hp_per_floor":[75,75,75,75,75,75,75,75,75,75,75,80,80,80,80,80,80,80,80,80],"card_choices":[{"not_picked":["Body Slam","Iron Wave"],"picked":"Whirlwind","floor":1.0},{"not_picked":["Cleave","Headbutt"],"picked":"Clothesline","floor":4.0},{"not_picked":["Intimidate","Warcry"],"picked":"Shrug It Off","floor":6.0},{"not_picked":["Reaper","Sword Boomerang"],"picked":"Demon Form","floor":11.0},{"not_picked":["Heavy Blade","Anger","Clothesline"],"picked":"SKIP","floor":14.0},{"not_picked":["Fiend Fire","Berserk"],"picked":"Double Tap","floor":16.0},{"not_picked":["Wild Strike","Combust"],"picked":"True Grit","floor":18.0},{"not_picked":["Warcry","True Grit","Twin Strike"],"picked":"SKIP","floor":19}],"player_experience":1053070,"relics_obtained":[{"floor":6.0,"key":"Shuriken"},{"floor":9.0,"key":"Smiling Mask"},{"floor":11.0,"key":"Orichalcum"},{"floor":14.0,"key":"Mummified Hand"}],"event_choices":[{"cards_removed":["Strike_R"],"damage_healed":0.0,"max_hp_gain":0.0,"max_hp_loss":0.0,"gold_gain":0.0,"event_name":"Bonfire Elementals","player_choice":"Offered Basic","floor":2.0,"gold_loss":0.0,"damage_taken":0.0},{"damage_healed":0.0,"max_hp_gain":0.0,"max_hp_loss":0.0,"gold_gain":0.0,"event_name":"Scrap Ooze","player_choice":"Fled","floor":5.0,"gold_loss":0.0,"damage_taken":0.0},{"damage_healed":0.0,"max_hp_gain":5.0,"max_hp_loss":0.0,"gold_gain":0.0,"event_name":"Big Fish","player_choice":"Donut","floor":12.0,"gold_loss":0.0,"damage_taken":0.0},{"damage_healed":0.0,"max_hp_gain":0.0,"max_hp_loss":0.0,"gold_gain":50.0,"event_name":"Golden Shrine","player_choice":"Pray","floor":13.0,"gold_loss":0.0,"damage_taken":0.0},{"damage_healed":0,"gold_gain":0,"player_choice":"Fought Bandits","damage_taken":0,"max_hp_gain":0,"max_hp_loss":0,"event_name":"Masked Bandits","floor":20,"gold_loss":0}],"is_beta":true,"boss_relics":[{"not_picked":["Orrery","Fusion Hammer"],"picked":"Runic Dome"}],"items_purged_floors":[],"is_endless":false,"potions_floor_spawned":[6,11,19],"killed_by":"Masked Bandits","ascension_level":24}