{"gold_per_floor":[19,19,19,19,33,33,68,88,113,113,127,142,142,176,176,267,267,287,287,34,0,275,275,310,328,328,228,228,248,268,288,288,381,381,395,420,438,142,142,182,182,205,205,221,93,126,150,0,0,0],"floor_reached":50,"playtime":2169,"items_purged":["Pain","Normality","Regret","Decay"],"score":1139,"play_id":"3027b71d-c964-447d-8c77-8409646a70c3","local_time":"20190928155656","is_ascension_mode":true,"campfire_choices":[{"data":"Uppercut","floor":6.0,"key":"SMITH"},{"floor":10.0,"key":"REST"},{"floor":15.0,"key":"REST"},{"floor":23.0,"key":"REST"},{"data":"Discovery","floor":28.0,"key":"SMITH"},{"floor":32.0,"key":"REST"},{"data":"Strike_R","floor":41.0,"key":"PURGE"},{"data":"Barricade","floor":49.0,"key":"SMITH"}],"neow_cost":"NO_GOLD","seed_source_timestamp":1004923809537900,"circlet_count":0,"master_deck":["AscendersBane","Strike_R","Strike_R","Strike_R","Defend_R","Defend_R","Defend_R","Defend_R","Bash","Offering","Feel No Pain","Uppercut+1","Headbutt","Metallicize","Feed","Fiend Fire","Body Slam","Ghostly Armor","Disarm","Discovery+1","Infernal Blade+1","Spot Weakness","Battle Trance","Reaper","CurseOfTheBell","Disarm+1","Heavy Blade+1","Warcry+1","Juggernaut","Spot Weakness","Battle Trance","Barricade+1","Power Through+1"],"special_seed":0,"relics":["Burning Blood","Golden Idol","WarpedTongs","Happy Flower","Bag of Marbles","Mercury Hourglass","Torii","Cursed Key","Bag of Preparation","Calling Bell","Pen Nib","White Beast Statue","Magic Flower","Vajra","Peace Pipe","Shuriken","Orichalcum"],"potions_floor_usage":[],"damage_taken":[{"damage":13.0,"enemies":"Jaw Worm","floor":1.0,"turns":3.0},{"damage":11.0,"enemies":"Cultist","floor":5.0,"turns":3.0},{"damage":22.0,"enemies":"Lagavulin","floor":7.0,"turns":6.0},{"damage":16.0,"enemies":"Small Slimes","floor":8.0,"turns":2.0},{"damage":9.0,"enemies":"Blue Slaver","floor":11.0,"turns":2.0},{"damage":9.0,"enemies":"Looter","floor":12.0,"turns":2.0},{"damage":11.0,"enemies":"3 Sentries","floor":14.0,"turns":8.0},{"damage":23.0,"enemies":"The Guardian","floor":16.0,"turns":14.0},{"damage":27.0,"enemies":"2 Thieves","floor":18.0,"turns":4.0},{"damage":11.0,"enemies":"Book of Stabbing","floor":24.0,"turns":6.0},{"damage":6.0,"enemies":"Chosen","floor":25.0,"turns":4.0},{"damage":12.0,"enemies":"3 Cultists","floor":29.0,"turns":4.0},{"damage":18.0,"enemies":"Snake Plant","floor":30.0,"turns":4.0},{"damage":1.0,"enemies":"Centurion and Healer","floor":31.0,"turns":6.0},{"damage":60.0,"enemies":"Collector","floor":33.0,"turns":6.0},{"damage":52.0,"enemies":"3 Darklings","floor":35.0,"turns":7.0},{"damage":0.0,"enemies":"Orb Walker","floor":36.0,"turns":1.0},{"damage":42.0,"enemies":"3 Darklings","floor":37.0,"turns":6.0},{"damage":61.0,"enemies":"Nemesis","floor":40.0,"turns":11.0},{"damage":37.0,"enemies":"Jaw Worm Horde","floor":42.0,"turns":5.0},{"damage":7.0,"enemies":"Sphere and 2 Shapes","floor":44.0,"turns":4.0},{"damage":81.0,"enemies":"Giant Head","floor":46.0,"turns":8.0},{"damage":6.0,"enemies":"Maw","floor":47.0,"turns":7.0},{"damage":90,"enemies":"Donu and Deca","floor":50,"turns":6}],"seed_played":"1016060287118620993","potions_obtained":[{"floor":5.0,"key":"Ancient Potion"},{"floor":12.0,"key":"Explosive Potion"},{"floor":25.0,"key":"Weak Potion"},{"floor":36.0,"key":"EntropicBrew"},{"floor":40.0,"key":"Explosive Potion"},{"floor":42.0,"key":"SkillPotion"},{"floor":46.0,"key":"Dexterity Potion"}],"is_trial":false,"path_per_floor":["M","?","$","?","M","R","E","M","T","R","M","M","?","E","R","B",null,"M","?","$","?","?","R","E","M","T","$","R","M","M","M","R","B",null,"M","M","M","$","?","E","R","M","T","M","$","E","M","$","R","B"],"character_chosen":"IRONCLAD","items_purchased":["Disarm","Discovery","Vajra","Spot Weakness","Battle Trance"],"campfire_rested":4,"item_purchase_floors":[20,20,38,45,45],"current_hp_per_floor":[61,61,61,61,56,56,40,30,30,50,47,44,39,34,54,41,64,47,47,47,47,47,69,64,64,64,64,64,62,50,59,84,30,71,84,87,72,72,72,65,65,78,78,85,85,37,57,57,57,0],"gold":0,"neow_bonus":"THREE_RARE_CARDS","is_prod":false,"is_daily":false,"chose_seed":false,"campfire_upgraded":3,"win_rate":0,"timestamp":1569711416,"path_taken":["M","?","$","?","M","R","E","?","T","R","M","M","?","E","R","BOSS","M","?","$","?","?","R","E","?","T","$","R","M","M","M","R","BOSS","M","M","M","$","?","E","R","M","T","M","?","E","M","$","R","BOSS"],"build_version":"2019-09-27","purchased_purges":4,"victory":false,"max_hp_per_floor":[75,68,68,68,68,68,68,68,68,68,68,68,68,68,68,72,72,76,76,76,76,76,76,76,76,76,76,76,80,80,84,84,84,84,87,87,87,87,87,87,87,91,91,94,94,94,94,94,94,94],"card_choices":[{"not_picked":["Demon Form","Exhume"],"picked":"Offering","floor":0.0},{"not_picked":["Pommel Strike","Sever Soul"],"picked":"Feel No Pain","floor":1.0},{"not_picked":["Havoc","Sword Boomerang"],"picked":"Uppercut","floor":5.0},{"not_picked":["Perfected Strike","Warcry"],"picked":"Headbutt","floor":7.0},{"not_picked":["Wild Strike","Warcry","Flex"],"picked":"SKIP","floor":8.0},{"not_picked":["Heavy Blade","Intimidate","Clothesline"],"picked":"SKIP","floor":11.0},{"not_picked":["Clothesline","Anger"],"picked":"Metallicize","floor":12.0},{"not_picked":["Fire Breathing","Armaments"],"picked":"Feed","floor":14.0},{"not_picked":["Demon Form","Feed"],"picked":"Fiend Fire","floor":16.0},{"not_picked":["Pommel Strike+1","Twin Strike+1"],"picked":"Body Slam","floor":18.0},{"not_picked":["Sentinel","Thunderclap"],"picked":"Infernal Blade+1","floor":24.0},{"not_picked":["Seeing Red","Havoc","Flex"],"picked":"SKIP","floor":25.0},{"not_picked":["Wild Strike","Twin Strike","Anger"],"picked":"SKIP","floor":29.0},{"not_picked":["Flame Barrier","Pommel Strike"],"picked":"Spot Weakness","floor":30.0},{"not_picked":["Iron Wave","Warcry"],"picked":"Battle Trance","floor":31.0},{"not_picked":["Demon Form","Immolate"],"picked":"Reaper","floor":33.0},{"not_picked":["Headbutt","Clothesline"],"picked":"Disarm+1","floor":35.0},{"not_picked":["Iron Wave","Evolve","Havoc+1"],"picked":"SKIP","floor":36.0},{"not_picked":["Blood for Blood","Sever Soul","Carnage"],"picked":"SKIP","floor":37.0},{"not_picked":["Bloodletting","Cleave"],"picked":"Heavy Blade+1","floor":40.0},{"not_picked":["Pommel Strike","Anger+1"],"picked":"Warcry+1","floor":42.0},{"not_picked":["Power Through","Uppercut"],"picked":"Juggernaut","floor":44.0},{"not_picked":["Fire Breathing","Heavy Blade"],"picked":"Barricade","floor":46.0},{"not_picked":["Rage","Hemokinesis"],"picked":"Power Through+1","floor":47.0}],"player_experience":1100862,"relics_obtained":[{"floor":7.0,"key":"Happy Flower"},{"floor":9.0,"key":"Bag of Marbles"},{"floor":14.0,"key":"Torii"},{"floor":24.0,"key":"Bag of Preparation"},{"floor":34.0,"key":"Pen Nib"},{"floor":34.0,"key":"White Beast Statue"},{"floor":34.0,"key":"Magic Flower"},{"floor":40.0,"key":"Peace Pipe"},{"floor":43.0,"key":"Shuriken"},{"floor":46.0,"key":"Orichalcum"}],"event_choices":[{"damage_healed":0.0,"max_hp_gain":0.0,"max_hp_loss":7.0,"gold_gain":0.0,"event_name":"Golden Idol","player_choice":"Lose Max HP","floor":2.0,"gold_loss":0.0,"damage_taken":0.0,"relics_obtained":["Golden Idol"]},{"damage_healed":0.0,"max_hp_gain":0.0,"max_hp_loss":0.0,"gold_gain":0.0,"event_name":"Accursed Blacksmith","player_choice":"Rummage","floor":4.0,"gold_loss":0.0,"damage_taken":0.0,"relics_obtained":["WarpedTongs"],"cards_obtained":["Pain"]},{"damage_healed":0.0,"max_hp_gain":0.0,"max_hp_loss":0.0,"gold_gain":0.0,"event_name":"Scrap Ooze","player_choice":"Success","floor":13.0,"gold_loss":0.0,"damage_taken":5.0,"relics_obtained":["Mercury Hourglass"]},{"damage_healed":0.0,"max_hp_gain":0.0,"max_hp_loss":0.0,"gold_gain":0.0,"event_name":"The Library","player_choice":"Read","floor":19.0,"gold_loss":0.0,"damage_taken":0.0,"cards_obtained":["Ghostly Armor"]},{"damage_healed":0.0,"max_hp_gain":0.0,"max_hp_loss":0.0,"gold_gain":0.0,"event_name":"Masked Bandits","player_choice":"Paid Fearfully","floor":21.0,"gold_loss":34.0,"damage_taken":0.0},{"damage_healed":0.0,"max_hp_gain":0.0,"max_hp_loss":0.0,"gold_gain":275.0,"event_name":"Golden Shrine","player_choice":"Desecrate","floor":22.0,"gold_loss":0.0,"damage_taken":0.0,"cards_obtained":["Regret"]},{"cards_removed":["Strike_R"],"damage_healed":0.0,"max_hp_gain":0.0,"max_hp_loss":0.0,"gold_gain":0.0,"event_name":"Bonfire Elementals","player_choice":"Offered Basic","floor":39.0,"gold_loss":0.0,"damage_taken":0.0}],"is_beta":true,"boss_relics":[{"not_picked":["Astrolabe","Velvet Choker"],"picked":"Cursed Key"},{"not_picked":["Philosopher\u0027s Stone","Mark of Pain"],"picked":"Calling Bell"}],"items_purged_floors":[20,27,38,48],"is_endless":false,"potions_floor_spawned":[5,12,14,25,30,35,36,37,40,42,44,46,47],"killed_by":"Donu and Deca","ascension_level":20}