{"gold_per_floor":[144,144,189,234,279,324,414,459,459,459,504,335,425,470,470,770,770,815,815,815,860,905,995,995,995,1020,871,916,961,1051,1096,1096,1396,1726,1771,1816,1841,1886,1886,1976,2021,2066,2066,2066,2156,2156,70,115,115,115],"floor_reached":51,"playtime":2160,"items_purged":[],"score":1490,"play_id":"3329db35-e3b2-469f-92e0-f713cc407426","local_time":"20180702162412","daily_mods":["Insanity","Midas","Vintage"],"is_ascension_mode":false,"campfire_choices":[{"floor":15,"key":"REST"},{"floor":25,"key":"REST"},{"floor":32,"key":"REST"},{"floor":44,"key":"REST"},{"floor":49,"key":"REST"}],"neow_cost":"","seed_source_timestamp":0,"circlet_count":0,"master_deck":["Compile Driver","FTL","Barrage+1","Hologram","Electrodynamics","White Noise","Self Repair","Blizzard","Chaos","Creative AI","Rebound","Auto Shields","Tempest","Loop","Rainbow","Heatsinks","Rebound+1","Lockon","Go for the Eyes","Capacitor","Steam Power","Darkness","Double Energy","Leap","Doom and Gloom","Biased Cognition","Defend_B","Darkness","Rebound","Fission","Thunder Strike","Lockon","Force Field","Buffer","Barrage","Amplify","Coolheaded","Lockon","Biased Cognition","Blizzard","Thunder Strike","Sunder","Meteor Strike","Core Surge","Auto Shields","Rainbow","Streamline","Reinforced Body","Fusion","Chaos","Storm","Go for the Eyes+1","Scrape+1","Beam Cell+1","Hologram","Biased Cognition","Hologram+1","Apotheosis","Scrape+1","Thunder Strike+1","Doubt","Clumsy","Normality","Blind","Secret Weapon","Dark Shackles","Hologram+1","Core Surge+1","Sweeping Beam+1","Panacea","Ball Lightning+1","Jack Of All Trades","Dramatic Entrance+1","Master of Strategy","Deep Breath","Transmutation","Enlightenment","Dark Shackles","Mind Blast+1","Blind","Panache","Blind","Secret Technique","Finesse","Dramatic Entrance+1","Mind Blast+1","Good Instincts","Finesse","Lockon+1"],"special_seed":17714,"relics":["Cracked Core","Lantern","Anchor","Pear","The Courier","Strawberry","Sundial","Gremlin Horn","Mercury Hourglass","Molten Egg 2","Ornamental Fan","Whetstone","Potion Belt","Inserter","Orichalcum","Centennial Puzzle","Bottled Flame","Bottled Tornado","Peace Pipe","Oddly Smooth Stone","Regal Pillow","Darkstone Periapt","Letter Opener","Meat on the Bone","Bag of Marbles","Calling Bell","Tiny Chest","Kunai","Old Coin","Matryoshka","Bronze Scales","Mummified Hand","Blood Vial","DataDisk","Dream Catcher","Happy Flower","Symbiotic Virus","Smiling Mask","Bag of Preparation","Art of War","Ice Cream","Thread and Needle","Ancient Tea Set"],"potions_floor_usage":[7,13,33,33,33,33,45,46,46,50],"damage_taken":[{"damage":9,"enemies":"Jaw Worm","floor":1,"turns":2},{"damage":6,"enemies":"Small Slimes","floor":3,"turns":3},{"damage":0,"enemies":"Cultist","floor":4,"turns":3},{"damage":2,"enemies":"2 Fungi Beasts","floor":5,"turns":3},{"damage":0,"enemies":"Exordium Thugs","floor":6,"turns":3},{"damage":0,"enemies":"3 Sentries","floor":7,"turns":2},{"damage":1,"enemies":"Large Slime","floor":8,"turns":3},{"damage":0,"enemies":"3 Louse","floor":11,"turns":2},{"damage":12,"enemies":"Gremlin Nob","floor":13,"turns":3},{"damage":0,"enemies":"Lots of Slimes","floor":14,"turns":3},{"damage":0,"enemies":"Slime Boss","floor":16,"turns":5},{"damage":10,"enemies":"Spheric Guardian","floor":18,"turns":4},{"damage":0,"enemies":"2 Thieves","floor":21,"turns":2},{"damage":8,"enemies":"Snecko","floor":22,"turns":4},{"damage":17,"enemies":"Slavers","floor":23,"turns":3},{"damage":10,"enemies":"Centurion and Healer","floor":28,"turns":2},{"damage":2,"enemies":"Chosen and Byrds","floor":29,"turns":3},{"damage":14,"enemies":"Gremlin Leader","floor":30,"turns":3},{"damage":15,"enemies":"Snake Plant","floor":31,"turns":4},{"damage":0,"enemies":"Automaton","floor":33,"turns":6},{"damage":0,"enemies":"3 Shapes","floor":35,"turns":3},{"damage":0,"enemies":"Orb Walker","floor":36,"turns":3},{"damage":14,"enemies":"Transient","floor":38,"turns":5},{"damage":2,"enemies":"Nemesis","floor":40,"turns":7},{"damage":7,"enemies":"Maw","floor":41,"turns":6},{"damage":6,"enemies":"Sphere and 2 Shapes","floor":42,"turns":2},{"damage":0,"enemies":"2 Orb Walkers","floor":45,"turns":2},{"damage":0,"floor":46,"turns":2},{"damage":0,"enemies":"3 Darklings","floor":48,"turns":1},{"damage":0,"enemies":"Time Eater","floor":50,"turns":5}],"seed_played":"9042137749875392319","potions_obtained":[{"floor":3,"key":"Explosive Potion"},{"floor":5,"key":"SpeedPotion"},{"floor":7,"key":"Ancient Potion"},{"floor":11,"key":"FocusPotion"},{"floor":13,"key":"EssenceOfSteel"},{"floor":16,"key":"FearPotion"},{"floor":21,"key":"Dexterity Potion"},{"floor":30,"key":"Fire Potion"},{"floor":31,"key":"Dexterity Potion"},{"floor":38,"key":"PowerPotion"},{"floor":41,"key":"FairyPotion"},{"floor":45,"key":"GamblersBrew"},{"floor":46,"key":"Poison Potion"}],"is_trial":false,"path_per_floor":["M","?","M","M","M","M","E","M","T","$","M","$","E","M","R","B",null,"M","?","?","M","M","E","?","R","T","$","M","M","E","M","R","B",null,"M","M","T","M","?","E","M","M","T","R","E","?","$","M","R","B"],"character_chosen":"DEFECT","items_purchased":["Storm","Go for the Eyes+1","Scrape+1","Beam Cell+1","Apotheosis","Thread and Needle","Panacea","Ball Lightning+1","Jack Of All Trades","Dramatic Entrance+1","Master of Strategy","Deep Breath","Transmutation","Enlightenment","Dark Shackles","Mind Blast+1","Blind","Panache","Blind","Secret Technique","Finesse","Dramatic Entrance+1","Mind Blast+1","Good Instincts","Finesse"],"campfire_rested":5,"item_purchase_floors":[12,12,12,12,27,47,47,47,47,47,47,47,47,47,47,47,47,47,47,47,47,47,47,47,47],"current_hp_per_floor":[66,66,60,77,75,82,82,81,81,81,81,81,69,69,92,92,92,82,82,82,82,74,57,39,68,68,68,58,56,42,27,71,71,115,115,115,115,101,91,98,93,89,89,115,115,115,115,115,115,115],"gold":115,"neow_bonus":"","is_prod":false,"is_daily":true,"chose_seed":false,"campfire_upgraded":0,"win_rate":0,"timestamp":1530525252,"path_taken":["M","?","M","M","M","M","E","M","T","$","M","$","E","M","R","BOSS","M","?","?","M","?","E","?","R","T","$","M","?","E","M","R","BOSS","M","M","?","M","?","E","M","M","T","R","E","?","$","M","R","BOSS"],"build_version":"2018-06-29","purchased_purges":0,"victory":true,"max_hp_per_floor":[75,75,75,85,85,92,92,92,92,92,92,92,92,92,92,92,92,92,92,92,92,92,92,97,97,97,97,97,97,97,97,97,97,115,115,115,115,115,115,115,115,115,115,115,115,115,115,115,115,115],"card_choices":[{"not_picked":["Scrape","Tempest","Redo"],"picked":"SKIP","floor":7},{"not_picked":["Undo","Multi-Cast"],"picked":"Hologram","floor":13},{"not_picked":["Reboot","Multi-Cast"],"picked":"Biased Cognition","floor":16},{"not_picked":["Go for the Eyes+1","Darkness"],"picked":"Hologram+1","floor":23},{"not_picked":["FTL+1","Capacitor"],"picked":"Scrape+1","floor":30},{"not_picked":["Creative AI","Electrodynamics"],"picked":"Thunder Strike+1","floor":33},{"not_picked":["Bandage Up","Good Instincts"],"picked":"Blind","floor":39},{"not_picked":["Bandage Up","Flash of Steel+1"],"picked":"Secret Weapon","floor":39},{"not_picked":["Bandage Up","Finesse"],"picked":"Dark Shackles","floor":39},{"not_picked":["Redo","Streamline+1","Glacier"],"picked":"SKIP","floor":40},{"not_picked":["Beam Cell+1","Compile Driver+1"],"picked":"Hologram+1","floor":44},{"not_picked":["Doom and Gloom+1","Redo+1"],"picked":"Core Surge+1","floor":45},{"not_picked":["Coolheaded+1","Sunder+1"],"picked":"Sweeping Beam+1","floor":46},{"not_picked":["Redo","Static Discharge+1"],"picked":"Lockon+1","floor":49}],"player_experience":132120,"relics_obtained":[{"floor":1,"key":"Lantern"},{"floor":3,"key":"Anchor"},{"floor":4,"key":"Pear"},{"floor":5,"key":"The Courier"},{"floor":6,"key":"Strawberry"},{"floor":7,"key":"Sundial"},{"floor":8,"key":"Gremlin Horn"},{"floor":9,"key":"Mercury Hourglass"},{"floor":11,"key":"Molten Egg 2"},{"floor":13,"key":"Ornamental Fan"},{"floor":14,"key":"Whetstone"},{"floor":16,"key":"Potion Belt"},{"floor":18,"key":"Orichalcum"},{"floor":21,"key":"Bottled Flame"},{"floor":22,"key":"Bottled Tornado"},{"floor":23,"key":"Peace Pipe"},{"floor":26,"key":"Oddly Smooth Stone"},{"floor":28,"key":"Regal Pillow"},{"floor":29,"key":"Darkstone Periapt"},{"floor":30,"key":"Letter Opener"},{"floor":31,"key":"Meat on the Bone"},{"floor":33,"key":"Bag of Marbles"},{"floor":34,"key":"Tiny Chest"},{"floor":34,"key":"Kunai"},{"floor":34,"key":"Old Coin"},{"floor":35,"key":"Matryoshka"},{"floor":36,"key":"Bronze Scales"},{"floor":37,"key":"Mummified Hand"},{"floor":37,"key":"Blood Vial"},{"floor":38,"key":"DataDisk"},{"floor":40,"key":"Dream Catcher"},{"floor":41,"key":"Happy Flower"},{"floor":42,"key":"Symbiotic Virus"},{"floor":43,"key":"Smiling Mask"},{"floor":43,"key":"Bag of Preparation"},{"floor":45,"key":"Art of War"},{"floor":46,"key":"Ice Cream"},{"floor":48,"key":"Ancient Tea Set"}],"event_choices":[{"event_name":"Living Wall","player_choice":"Change","floor":2,"damage_taken":0},{"event_name":"Vampires","player_choice":"Ignored","floor":19,"damage_taken":0},{"event_name":"Accursed Blacksmith","player_choice":"Rummage","floor":20,"damage_taken":0},{"event_name":"Forgotten Altar","player_choice":"Shed Blood","floor":24,"damage_taken":0},{"event_name":"SensoryStone","player_choice":"Memory 3","floor":39,"damage_taken":0},{"event_name":"MindBloom","player_choice":"Fight","floor":46,"damage_taken":0}],"boss_relics":[{"not_picked":["Orrery","Ectoplasm"],"picked":"Inserter"},{"not_picked":["Black Star","Astrolabe"],"picked":"Calling Bell"}],"items_purged_floors":[],"is_endless":false,"potions_floor_spawned":[3,5,7,11,13,16,21,28,30,31,38,41,45,46],"ascension_level":0}