{"gold_per_floor":[115,115,7,17,17,79,79,79,129,154,168,143,160,176,176,277,277,297,212,312,212,230,230,255,281,281,294,393,423,36,55,55,157,157,172,172,172,182,254,254,7,7,31,31,31,31,49,84,84,84],"floor_reached":50,"playtime":6547,"items_purged":["Strike_R","Strike_R","Strike_R","Strike_R"],"score":927,"play_id":"de684daf-3881-4b70-9dfb-c573685b29e8","local_time":"20181224001703","is_ascension_mode":true,"campfire_choices":[{"floor":7,"key":"REST"},{"floor":15,"key":"REST"},{"floor":23,"key":"REST"},{"data":"Shockwave","floor":32,"key":"SMITH"},{"floor":40,"key":"REST"},{"data":"Heavy Blade","floor":42,"key":"SMITH"},{"data":"1","floor":44,"key":"LIFT"},{"data":"2","floor":46,"key":"LIFT"},{"data":"Flame Barrier","floor":49,"key":"SMITH"}],"neow_cost":"NONE","seed_source_timestamp":341004818844574,"circlet_count":0,"master_deck":["AscendersBane","Strike_R","Defend_R","Defend_R","Defend_R+1","Defend_R","Bash","Twin Strike","Battle Trance","Whirlwind","Battle Trance","Shockwave+1","Dual Wield","True Grit","Bloodletting+1","Spot Weakness","Immolate","Heavy Blade+1","Feed","Regret","Shame","Pain","HandOfGreed","Bandage Up","Clothesline","Inflame+1","Armaments","Disarm","Flame Barrier+1"],"relics":["Burning Blood","Blue Candle","Tiny Chest","Pantograph","Vajra","Peace Pipe","Snecko Eye","Red Skull","Champion Belt","Matryoshka","Gremlin Horn","Boot","Anchor","Frozen Egg 2","Darkstone Periapt","Bottled Lightning","Paper Frog","Calling Bell","Blood Vial","Dodecahedron","Girya","Nunchaku","War Paint","Bottled Flame"],"potions_floor_usage":[11,16,20,22,33,39,47,50],"damage_taken":[{"damage":8,"enemies":"Jaw Worm","floor":1,"turns":4},{"damage":1,"enemies":"Cultist","floor":4,"turns":3},{"damage":55,"enemies":"3 Sentries","floor":6,"turns":9},{"damage":37,"enemies":"Gremlin Nob","floor":10,"turns":5},{"damage":0,"enemies":"2 Louse","floor":11,"turns":1},{"damage":6,"enemies":"Blue Slaver","floor":13,"turns":5},{"damage":11,"enemies":"Exordium Thugs","floor":14,"turns":3},{"damage":18,"enemies":"The Guardian","floor":16,"turns":10},{"damage":0,"enemies":"3 Byrds","floor":18,"turns":2},{"damage":15,"enemies":"Colosseum Slavers","floor":20,"turns":2},{"damage":48,"enemies":"Colosseum Nobs","floor":20,"turns":4},{"damage":0,"enemies":"2 Thieves","floor":22,"turns":1},{"damage":23,"enemies":"Book of Stabbing","floor":24,"turns":4},{"damage":15,"enemies":"Snake Plant","floor":27,"turns":4},{"damage":0,"enemies":"Gremlin Leader","floor":29,"turns":4},{"damage":0,"enemies":"Snecko","floor":31,"turns":2},{"damage":106,"enemies":"Collector","floor":33,"turns":8},{"damage":1,"enemies":"3 Shapes","floor":35,"turns":1},{"damage":2,"enemies":"3 Darklings","floor":38,"turns":2},{"damage":76,"enemies":"2 Orb Walkers","floor":39,"turns":5},{"damage":18,"enemies":"Jaw Worm Horde","floor":47,"turns":2},{"damage":9,"enemies":"Giant Head","floor":48,"turns":5},{"damage":82,"enemies":"Time Eater","floor":50,"turns":12}],"seed_played":"3327458195462596310","potions_obtained":[{"floor":1,"key":"Weak Potion"},{"floor":10,"key":"PowerPotion"},{"floor":13,"key":"FairyPotion"},{"floor":14,"key":"Energy Potion"},{"floor":18,"key":"Strength Potion"},{"floor":20,"key":"Energy Potion"},{"floor":24,"key":"Block Potion"},{"floor":33,"key":"GamblersBrew"},{"floor":38,"key":"Weak Potion"},{"floor":39,"key":"Energy Potion"}],"is_trial":false,"path_per_floor":["M","?","$","M","?","E","R","T","T","E","M","$","M","M","R","B",null,"M","?","?","$","M","R","E","T","T","M","?","E","$","M","R","B",null,"M","?","?","M","?","R","$","R","T","R","T","R","M","E","R","B"],"character_chosen":"IRONCLAD","items_purchased":["Whirlwind","True Grit","Paper Frog","Inflame+1","Armaments"],"campfire_rested":4,"item_purchase_floors":[3,12,30,41,41],"current_hp_per_floor":[70,80,80,80,73,24,48,48,48,17,23,23,23,18,42,55,74,80,80,29,29,35,59,42,42,42,33,33,39,39,45,45,14,82,92,82,82,88,27,58,58,58,58,58,58,58,48,51,51,0],"gold":84,"neow_bonus":"THREE_CARDS","is_prod":false,"is_daily":false,"chose_seed":false,"campfire_upgraded":3,"win_rate":0,"timestamp":1545632223,"path_taken":["M","?","$","?","?","E","R","?","T","E","?","$","M","M","R","BOSS","M","?","?","$","M","R","E","?","T","M","?","E","$","M","R","BOSS","M","?","?","M","?","R","$","R","T","R","?","R","M","E","R","BOSS"],"build_version":"2018-12-20","purchased_purges":4,"victory":false,"max_hp_per_floor":[80,80,80,80,80,80,80,80,80,80,80,80,80,80,80,80,80,80,80,80,80,80,80,80,80,80,80,80,80,80,80,80,80,98,101,101,101,101,104,104,104,104,104,104,104,104,104,104,104,104],"card_choices":[{"not_picked":["Clash","Warcry"],"picked":"Twin Strike","floor":0},{"not_picked":["Uppercut","Havoc"],"picked":"Battle Trance","floor":1},{"not_picked":["Heavy Blade","Havoc"],"picked":"Battle Trance","floor":4},{"not_picked":["Thunderclap","Rage"],"picked":"Shockwave","floor":6},{"not_picked":["Intimidate","Flex","Body Slam"],"picked":"SKIP","floor":10},{"not_picked":["Body Slam","Pommel Strike"],"picked":"Dual Wield","floor":11},{"not_picked":["Hemokinesis","Perfected Strike"],"picked":"Bloodletting","floor":13},{"not_picked":["Sword Boomerang","Clash"],"picked":"Spot Weakness","floor":14},{"not_picked":["Fiend Fire","Reaper"],"picked":"Immolate","floor":16},{"not_picked":["Iron Wave","Feel No Pain","Heavy Blade"],"picked":"SKIP","floor":18},{"not_picked":["Battle Trance","Ghostly Armor+1"],"picked":"Heavy Blade","floor":22},{"not_picked":["Dropkick","Anger","Perfected Strike"],"picked":"SKIP","floor":24},{"not_picked":["Body Slam","True Grit","Anger"],"picked":"SKIP","floor":27},{"not_picked":["Pommel Strike","Blood for Blood","Hemokinesis"],"picked":"SKIP","floor":29},{"not_picked":["Perfected Strike","Pommel Strike","Wild Strike+1"],"picked":"SKIP","floor":31},{"not_picked":["Offering","Berserk+1"],"picked":"Feed","floor":33},{"not_picked":["Feel No Pain+1","Thunderclap","Warcry"],"picked":"SKIP","floor":35},{"not_picked":["Thinking Ahead","Panache+1"],"picked":"HandOfGreed","floor":36},{"not_picked":["Violence","Deep Breath"],"picked":"Bandage Up","floor":36},{"not_picked":["Headbutt+1","Flex"],"picked":"Clothesline","floor":38},{"not_picked":["Rupture+1","Pommel Strike"],"picked":"Disarm","floor":47},{"not_picked":["Hemokinesis","Body Slam"],"picked":"Flame Barrier","floor":48}],"player_experience":933743,"relics_obtained":[{"floor":6,"key":"Tiny Chest"},{"floor":8,"key":"Pantograph"},{"floor":9,"key":"Vajra"},{"floor":10,"key":"Peace Pipe"},{"floor":20,"key":"Champion Belt"},{"floor":20,"key":"Matryoshka"},{"floor":24,"key":"Gremlin Horn"},{"floor":25,"key":"Boot"},{"floor":25,"key":"Anchor"},{"floor":26,"key":"Frozen Egg 2"},{"floor":26,"key":"Darkstone Periapt"},{"floor":29,"key":"Bottled Lightning"},{"floor":34,"key":"Blood Vial"},{"floor":34,"key":"Dodecahedron"},{"floor":34,"key":"Girya"},{"floor":39,"key":"Nunchaku"},{"floor":43,"key":"War Paint"},{"floor":48,"key":"Bottled Flame"}],"event_choices":[{"damage_healed":10,"gold_gain":0,"player_choice":"Full Heal","damage_taken":0,"max_hp_gain":0,"max_hp_loss":0,"event_name":"Wheel of Change","floor":2,"gold_loss":0},{"damage_healed":0,"gold_gain":0,"player_choice":"Success","damage_taken":7,"relics_obtained":["Blue Candle"],"max_hp_gain":0,"max_hp_loss":0,"event_name":"Scrap Ooze","floor":5,"gold_loss":0},{"damage_healed":0,"gold_gain":0,"player_choice":"Obtained Relic","damage_taken":0,"relics_obtained":["Red Skull"],"max_hp_gain":0,"max_hp_loss":0,"event_name":"Addict","floor":19,"gold_loss":85},{"damage_healed":0,"gold_gain":0,"player_choice":"Fight","damage_taken":0,"max_hp_gain":0,"max_hp_loss":0,"event_name":"Colosseum","floor":20,"gold_loss":0},{"damage_healed":0,"gold_gain":0,"player_choice":"Fought Nobs","damage_taken":0,"max_hp_gain":0,"max_hp_loss":0,"event_name":"Colosseum","floor":20,"gold_loss":0},{"damage_healed":0,"gold_gain":99,"player_choice":"Stole From Cult","damage_taken":0,"max_hp_gain":0,"max_hp_loss":0,"event_name":"Nest","floor":28,"gold_loss":0},{"damage_healed":0,"gold_gain":0,"player_choice":"Memory 3","damage_taken":10,"max_hp_gain":0,"max_hp_loss":0,"event_name":"SensoryStone","floor":36,"gold_loss":0},{"damage_healed":0,"gold_gain":0,"player_choice":"Ignored","damage_taken":0,"max_hp_gain":0,"max_hp_loss":0,"event_name":"Tomb of Lord Red Mask","floor":37,"gold_loss":0},{"damage_healed":0,"gold_gain":0,"player_choice":"Fight","damage_taken":0,"max_hp_gain":0,"max_hp_loss":0,"event_name":"Mysterious Sphere","floor":39,"gold_loss":0}],"is_beta":false,"boss_relics":[{"not_picked":["Coffee Dripper","Pandora\u0027s Box"],"picked":"Snecko Eye"},{"not_picked":["Astrolabe","Philosopher\u0027s Stone"],"picked":"Calling Bell"}],"items_purged_floors":[3,21,30,41],"is_endless":false,"potions_floor_spawned":[1,10,13,14,18,20,24,33,38,39],"killed_by":"Time Eater","ascension_level":12}