{"gold_per_floor":[212,228,228,10,24,58,58,77,77,92,136,136,86,121,121,241,241,265,289,289,6,31,31,64,64,64,83,121,46,46,46,46,150,150,167,137,147,147,157,157,186,286,357,357,391,391,416,433,433,433,433,433,58,90,90],"floor_reached":56,"playtime":3212,"items_purged":["Injury","Strike_R"],"score":1776,"play_id":"1a790d28-db58-418c-8187-18113248c0f9","local_time":"20190928142354","is_ascension_mode":true,"campfire_choices":[{"data":"Bludgeon","floor":7,"key":"SMITH"},{"floor":12,"key":"REST"},{"data":"Wild Strike","floor":15,"key":"SMITH"},{"data":"Flame Barrier","floor":23,"key":"SMITH"},{"floor":25,"key":"REST"},{"floor":30,"key":"RECALL"},{"data":"Carnage","floor":32,"key":"SMITH"},{"data":"Shockwave","floor":40,"key":"SMITH"},{"data":"Demon Form","floor":44,"key":"SMITH"},{"floor":49,"key":"REST"},{"data":"Metallicize","floor":52,"key":"SMITH"}],"neow_cost":"NONE","seed_source_timestamp":1378132358640500,"circlet_count":0,"master_deck":["Strike_R","Strike_R","Defend_R","Defend_R","Defend_R+1","Defend_R","Bash","Carnage+1","Headbutt","Bludgeon+1","Thunderclap","Shockwave+1","Wild Strike+1","Offering","Feel No Pain","Barricade","Clothesline","Intimidate","Flex","Corruption","Flame Barrier+1","True Grit+1","Flame Barrier+1","Body Slam","Metallicize+1","Berserk","Headbutt","Clothesline","Feel No Pain","Combust","Armaments+1","Demon Form+1","Carnage+1","Rage+1","Rupture","Shrug It Off+1","Dark Shackles+1","Juggernaut"],"relics":["Burning Blood","Bloody Idol","Orichalcum","Meat on the Bone","Mercury Hourglass","Mummified Hand","Boot","Snecko Eye","Bronze Scales","Art of War","Toxic Egg 2","Paper Frog","White Beast Statue","War Paint","Turnip","PreservedInsect","Bag of Marbles","Cauldron","Red Skull"],"potions_floor_usage":[10,33,33,37,37,37,37,39,39,39,42,42,47,50,50,50,55,55,55],"damage_taken":[{"damage":4,"enemies":"2 Louse","floor":1,"turns":3},{"damage":0,"enemies":"Small Slimes","floor":2,"turns":3},{"damage":4,"enemies":"Jaw Worm","floor":5,"turns":4},{"damage":12,"enemies":"Gremlin Nob","floor":6,"turns":4},{"damage":19,"enemies":"Gremlin Gang","floor":8,"turns":6},{"damage":0,"enemies":"Red Slaver","floor":10,"turns":1},{"damage":22,"enemies":"Lagavulin","floor":11,"turns":4},{"damage":6,"enemies":"Gremlin Nob","floor":14,"turns":2},{"damage":50,"enemies":"The Guardian","floor":16,"turns":8},{"damage":21,"enemies":"2 Thieves","floor":18,"turns":3},{"damage":0,"enemies":"Spheric Guardian","floor":19,"turns":1},{"damage":8,"enemies":"Cultist and Chosen","floor":22,"turns":3},{"damage":12,"enemies":"Book of Stabbing","floor":24,"turns":4},{"damage":13,"enemies":"Snake Plant","floor":27,"turns":2},{"damage":0,"enemies":"Gremlin Leader","floor":28,"turns":5},{"damage":6,"enemies":"Champ","floor":33,"turns":4},{"damage":6,"enemies":"Orb Walker","floor":35,"turns":2},{"damage":24,"enemies":"3 Darklings","floor":37,"turns":4},{"damage":24,"enemies":"Writhing Mass","floor":39,"turns":5},{"damage":19,"enemies":"Giant Head","floor":41,"turns":7},{"damage":24,"enemies":"Mind Bloom Boss Battle","floor":42,"turns":4},{"damage":32,"enemies":"Reptomancer","floor":45,"turns":6},{"damage":10,"enemies":"Giant Head","floor":47,"turns":3},{"damage":10,"enemies":"Transient","floor":48,"turns":5},{"damage":29,"enemies":"Awakened One","floor":50,"turns":8},{"damage":7,"enemies":"Shield and Spear","floor":54,"turns":5},{"damage":61,"enemies":"The Heart","floor":55,"turns":5}],"seed_played":"-4560527562329776227","potions_obtained":[{"floor":1,"key":"FearPotion"},{"floor":5,"key":"Regen Potion"},{"floor":6,"key":"EssenceOfSteel"},{"floor":10,"key":"Strength Potion"},{"floor":24,"key":"EssenceOfSteel"},{"floor":27,"key":"Block Potion"},{"floor":28,"key":"AttackPotion"},{"floor":33,"key":"Poison Potion"},{"floor":35,"key":"SpeedPotion"},{"floor":36,"key":"EntropicBrew"},{"floor":36,"key":"EntropicBrew"},{"floor":37,"key":"Poison Potion"},{"floor":39,"key":"EssenceOfSteel"},{"floor":41,"key":"Strength Potion"},{"floor":42,"key":"Fruit Juice"},{"floor":45,"key":"Poison Potion"},{"floor":47,"key":"SteroidPotion"},{"floor":48,"key":"Dexterity Potion"},{"floor":53,"key":"Dexterity Potion"},{"floor":53,"key":"Dexterity Potion"}],"is_trial":false,"path_per_floor":["M","M","?","$","M","E","R","M","T","M","E","R","?","E","R","B",null,"M","M","?","$","M","R","E","R","T","M","E","$","R","?","R","B",null,"M","?","M","?","M","R","E","?","T","R","E","?","E","M","R","B",null,"R","$","E","B",null],"character_chosen":"IRONCLAD","items_purchased":["Orichalcum","Corruption","Bronze Scales","Metallicize","LiquidBronze","Cauldron","Shrug It Off+1","Dark Shackles+1"],"campfire_rested":3,"item_purchase_floors":[4,21,21,29,53,53,53,53],"current_hp_per_floor":[74,80,80,80,80,74,74,61,61,67,51,75,75,75,75,43,71,56,62,62,62,60,60,54,78,78,71,77,77,77,77,77,80,80,80,80,74,74,70,70,62,66,71,71,62,62,63,64,85,62,79,79,79,83,40],"gold":90,"neow_bonus":"HUNDRED_GOLD","is_prod":false,"is_daily":false,"chose_seed":false,"campfire_upgraded":7,"win_rate":0,"timestamp":1569695034,"path_taken":["M","M","?","$","M","E","R","M","T","M","E","R","?","E","R","BOSS","M","M","?","$","?","R","E","R","T","M","E","?","R","?","R","BOSS","M","?","?","?","?","R","E","?","T","R","E","?","E","M","R","BOSS","R","$","E","BOSS"],"build_version":"2019-07-17","purchased_purges":2,"victory":true,"max_hp_per_floor":[80,80,80,80,80,80,80,80,80,80,80,80,80,80,80,80,80,80,80,80,80,80,80,80,80,80,80,80,80,80,80,80,80,80,80,80,80,80,80,80,80,85,85,85,85,85,85,85,85,85,85,85,85,85,85],"card_choices":[{"not_picked":["Twin Strike","Shrug It Off"],"picked":"Carnage","floor":1},{"not_picked":["Battle Trance","Bloodletting"],"picked":"Headbutt","floor":2},{"not_picked":["Twin Strike","Shockwave"],"picked":"Bludgeon","floor":5},{"not_picked":["Carnage","Clash"],"picked":"Thunderclap","floor":6},{"not_picked":["True Grit","Body Slam"],"picked":"Shockwave","floor":8},{"not_picked":["Pommel Strike","Rage"],"picked":"Wild Strike","floor":10},{"not_picked":["Sword Boomerang","Cleave"],"picked":"Offering","floor":11},{"not_picked":["Dual Wield","Battle Trance"],"picked":"Feel No Pain","floor":14},{"not_picked":["Dark Embrace","Juggernaut"],"picked":"Barricade","floor":16},{"not_picked":["Perfected Strike+1","Disarm"],"picked":"Clothesline","floor":18},{"not_picked":["Flex","Thunderclap"],"picked":"Intimidate","floor":19},{"not_picked":["Pummel","Dual Wield"],"picked":"Flame Barrier","floor":22},{"not_picked":["Armaments","Havoc"],"picked":"True Grit","floor":24},{"not_picked":["Clothesline","Heavy Blade"],"picked":"Flame Barrier+1","floor":27},{"not_picked":["Heavy Blade","Sword Boomerang"],"picked":"Body Slam","floor":28},{"not_picked":["Brutality","Exhume+1"],"picked":"Berserk","floor":33},{"not_picked":["Combust","Thunderclap"],"picked":"Headbutt","floor":35},{"not_picked":["Anger","Flex+1"],"picked":"Clothesline","floor":37},{"not_picked":["Perfected Strike","Flex+1"],"picked":"Combust","floor":39},{"not_picked":["Perfected Strike","Second Wind+1"],"picked":"Armaments+1","floor":41},{"not_picked":["Shrug It Off+1","Burning Pact+1"],"picked":"Demon Form","floor":42},{"not_picked":["Clothesline+1","Thunderclap"],"picked":"Carnage+1","floor":45},{"not_picked":["Corruption+1","Twin Strike"],"picked":"Rage+1","floor":47},{"not_picked":["Sword Boomerang+1","Shockwave+1"],"picked":"Rupture","floor":48},{"not_picked":["Thunderclap+1","Fire Breathing+1"],"picked":"Juggernaut","floor":54}],"player_experience":173635,"relics_obtained":[{"floor":6,"key":"Meat on the Bone"},{"floor":9,"key":"Mercury Hourglass"},{"floor":11,"key":"Mummified Hand"},{"floor":14,"key":"Boot"},{"floor":24,"key":"Art of War"},{"floor":26,"key":"Toxic Egg 2"},{"floor":28,"key":"Paper Frog"},{"floor":41,"key":"War Paint"},{"floor":42,"key":"Turnip"},{"floor":45,"key":"PreservedInsect"},{"floor":47,"key":"Bag of Marbles"},{"floor":54,"key":"Red Skull"}],"event_choices":[{"damage_healed":0,"gold_gain":0,"player_choice":"Take Wound","damage_taken":0,"relics_obtained":["Golden Idol"],"max_hp_gain":0,"max_hp_loss":0,"event_name":"Golden Idol","floor":3,"gold_loss":0,"cards_obtained":["Injury"]},{"cards_removed":["Strike_R"],"damage_healed":0,"gold_gain":0,"player_choice":"Card Removal","damage_taken":0,"max_hp_gain":0,"max_hp_loss":0,"event_name":"The Cleric","floor":13,"gold_loss":50},{"damage_healed":0,"gold_gain":0,"player_choice":"1 cards matched","damage_taken":0,"max_hp_gain":0,"max_hp_loss":0,"event_name":"Match and Keep!","floor":20,"gold_loss":0,"cards_obtained":["Flex"]},{"damage_healed":0,"gold_gain":0,"player_choice":"Gave Idol","damage_taken":0,"relics_obtained":["Bloody Idol"],"max_hp_gain":0,"max_hp_loss":0,"event_name":"Forgotten Altar","floor":31,"relics_lost":["Golden Idol"],"gold_loss":0},{"damage_healed":0,"gold_gain":0,"player_choice":"Bought 2 Potions","damage_taken":0,"max_hp_gain":0,"max_hp_loss":0,"event_name":"The Woman in Blue","floor":36,"gold_loss":0},{"damage_healed":0,"gold_gain":0,"cards_transformed":["Strike_R"],"player_choice":"Transformed","damage_taken":0,"max_hp_gain":0,"max_hp_loss":0,"event_name":"Transmorgrifier","floor":38,"gold_loss":0,"cards_obtained":["Feel No Pain"]},{"damage_healed":0,"gold_gain":0,"player_choice":"Fight","damage_taken":0,"max_hp_gain":0,"max_hp_loss":0,"event_name":"MindBloom","floor":42,"gold_loss":0},{"damage_healed":0,"gold_gain":0,"player_choice":"Ignored","damage_taken":0,"max_hp_gain":0,"max_hp_loss":0,"event_name":"SecretPortal","floor":46,"gold_loss":0}],"is_beta":false,"boss_relics":[{"not_picked":["Orrery","Tiny House"],"picked":"Snecko Eye"},{"not_picked":["Runic Cube","Runic Dome"],"picked":"White Beast Statue"}],"items_purged_floors":[4,21],"is_endless":false,"potions_floor_spawned":[1,5,6,10,24,27,28,33,35,37,39,41,42,45,47,48,54],"ascension_level":6}