{"gold_per_floor":[114,114,114,114,129,129,159,159,234,234,249,24,54,69,69,169,169,184,199,214,73,88,118,118,133,133,133,232,262,277,304,316,428,440,467,494,521,533,560,572,599,641,703,715,727,751,1063,1105,1117,1129],"floor_reached":51,"playtime":2547,"items_purged":["Strike_G"],"score":1407,"play_id":"4354108e-ef00-40e3-a061-83691b513007","local_time":"20180723145522","daily_mods":["Brewmaster","Terminal","Vintage"],"is_ascension_mode":false,"campfire_choices":[{"data":"Neutralize","floor":6,"key":"SMITH"},{"data":"Survivor","floor":8,"key":"SMITH"},{"data":"Venomology","floor":10,"key":"SMITH"},{"data":"Poisoned Stab","floor":15,"key":"SMITH"},{"data":"Strike_G","floor":24,"key":"SMITH"},{"data":"Strike_G","floor":27,"key":"SMITH"},{"floor":32,"key":"REST"},{"data":"Venomology","floor":40,"key":"SMITH"},{"data":"Venomology","floor":44,"key":"SMITH"},{"data":"Defend_G","floor":49,"key":"SMITH"}],"neow_cost":"","seed_source_timestamp":0,"circlet_count":0,"master_deck":["Defend_G+1","Defend_G","Defend_G+1","Defend_G+1","Strike_G","Strike_G+1","Strike_G","Strike_G+1","Survivor+1","Neutralize+1","Venomology+1","Venomology+1","Venomology+1","Venomology+1","Venomology+1","Catalyst+1","Poisoned Stab+1","Malaise+1","Choke+1","Flash of Steel+1","Blade Dance+1","Decay","Poisoned Stab+1","Adrenaline+1","Regret","Backstab+1","Normality","Writhe","Deadly Poison+1","Noxious Fumes+1","Expertise+1"],"special_seed":17735,"relics":["Ring of the Snake","White Beast Statue","Toxic Egg 2","Bottled Flame","Centennial Puzzle","Blue Candle","Ancient Tea Set","Bag of Marbles","Oddly Smooth Stone","Juzu Bracelet","Molten Egg 2","Cursed Key","Matryoshka","Vajra","Gremlin Horn","War Paint","Mango","Happy Flower","Art of War","Dodecahedron","Darkstone Periapt","MawBank","Mummified Hand","Pantograph","Philosopher\u0027s Stone","Paper Crane","Orichalcum","Regal Pillow","Boot","Frozen Egg 2","Potion Belt","Pear","Nunchaku","Bronze Scales","Thread and Needle","Old Coin","Meat on the Bone"],"potions_floor_usage":[1,1,1,5,5,7,7,7,7,7,11,11,11,11,11,13,13,13,13,13,13,13,13,13,13,14,14,16,16,16,16,16,16,16,18,18,18,19,19,19,19,19,20,20,20,22,22,22,22,22,23,23,23,23,23,23,23,25,25,25,25,29,29,29,29,30,30,30,30,30,31,33,33,33,33,33,33,33,33,35,35,35,36,36,37,37,37,37,39,39,41,41,41,41,42,42,42,42,42,46,46,47,47,47,47,47,47,47,48,48,48,48,48,50,50,50,50,50,50,50,50,50],"damage_taken":[{"damage":0,"enemies":"Jaw Worm","floor":1,"turns":7},{"damage":0,"enemies":"2 Louse","floor":5,"turns":4},{"damage":0,"enemies":"Gremlin Nob","floor":7,"turns":5},{"damage":0,"enemies":"Cultist","floor":11,"turns":4},{"damage":0,"enemies":"Lagavulin","floor":13,"turns":7},{"damage":0,"enemies":"Blue Slaver","floor":14,"turns":4},{"damage":0,"enemies":"The Guardian","floor":16,"turns":10},{"damage":0,"enemies":"Chosen","floor":18,"turns":4},{"damage":0,"enemies":"Shell Parasite","floor":19,"turns":5},{"damage":0,"enemies":"Cultist and Chosen","floor":20,"turns":9},{"damage":0,"enemies":"3 Cultists","floor":22,"turns":4},{"damage":0,"enemies":"Gremlin Leader","floor":23,"turns":6},{"damage":0,"enemies":"Snake Plant","floor":25,"turns":3},{"damage":1,"enemies":"Slavers","floor":29,"turns":4},{"damage":0,"enemies":"Centurion and Healer","floor":30,"turns":4},{"damage":2,"enemies":"Chosen and Byrds","floor":31,"turns":5},{"damage":8,"enemies":"Automaton","floor":33,"turns":7},{"damage":0,"enemies":"Flame Bruiser 1 Orb","floor":35,"turns":5},{"damage":0,"enemies":"Orb Walker","floor":36,"turns":2},{"damage":1,"enemies":"Flame Bruiser 2 Orb","floor":37,"turns":3},{"damage":0,"enemies":"Sphere and 2 Shapes","floor":39,"turns":2},{"damage":2,"enemies":"Transient","floor":41,"turns":5},{"damage":2,"enemies":"Giant Head","floor":42,"turns":5},{"damage":3,"floor":46,"turns":4},{"damage":12,"floor":47,"turns":7},{"damage":2,"enemies":"Nemesis","floor":48,"turns":5},{"damage":4,"enemies":"Awakened One","floor":50,"turns":11}],"seed_played":"4484180567622836144","potions_obtained":[{"floor":1,"key":"Swift Potion"},{"floor":7,"key":"LiquidBronze"},{"floor":13,"key":"FearPotion"},{"floor":16,"key":"SmokeBomb"},{"floor":23,"key":"Block Potion"},{"floor":25,"key":"Energy Potion"},{"floor":30,"key":"Explosive Potion"},{"floor":33,"key":"Energy Potion"},{"floor":37,"key":"Strength Potion"},{"floor":39,"key":"Block Potion"},{"floor":42,"key":"EssenceOfSteel"},{"floor":47,"key":"SpeedPotion"},{"floor":48,"key":"Poison Potion"}],"is_trial":false,"path_per_floor":["M","?","?","?","M","R","E","R","T","R","M","$","E","M","R","B",null,"M","M","M","$","M","E","R","M","T","R","?","E","M","M","R","B",null,"M","M","M","T","M","R","M","E","T","R","?","?","?","E","R","B"],"character_chosen":"THE_SILENT","items_purchased":["Bag of Marbles","Choke+1","Flash of Steel+1"],"campfire_rested":1,"item_purchase_floors":[12,21,21],"current_hp_per_floor":[68,54,54,54,54,54,54,54,54,54,54,54,54,54,54,53,52,51,50,49,48,47,60,59,58,57,56,55,54,53,51,51,43,49,48,47,46,51,50,49,57,55,61,61,66,63,53,51,51,58],"gold":1141,"neow_bonus":"","is_prod":false,"is_daily":true,"chose_seed":false,"campfire_upgraded":9,"win_rate":0,"timestamp":1532332522,"path_taken":["M","?","?","?","M","R","E","R","T","R","M","$","E","M","R","BOSS","M","M","M","$","M","E","R","M","T","R","?","E","M","M","R","BOSS","M","M","M","?","M","R","M","E","T","R","?","?","?","E","R","BOSS"],"build_version":"2018-07-19","purchased_purges":1,"victory":true,"max_hp_per_floor":[68,67,66,65,64,63,62,61,60,59,58,57,56,55,54,53,52,51,50,49,48,47,60,59,58,57,56,55,54,53,52,51,50,49,48,47,46,51,50,49,58,57,62,61,66,65,64,63,62,61],"card_choices":[{"not_picked":["Prepared+1","Eviscerate"],"picked":"Catalyst+1","floor":7},{"not_picked":["Underhanded Strike","Expertise+1"],"picked":"Poisoned Stab","floor":13},{"not_picked":["Phantasmal Killer+1","Doppelganger+1"],"picked":"Malaise+1","floor":16},{"not_picked":["Quick Slash+1","Endless Agony+1"],"picked":"Blade Dance+1","floor":23},{"not_picked":["Reflex+1","Backstab+1"],"picked":"Poisoned Stab+1","floor":29},{"not_picked":["Tools of the Trade","Unload+1"],"picked":"Adrenaline+1","floor":33},{"not_picked":["Leg Sweep+1","Outmaneuver+1"],"picked":"Backstab+1","floor":42},{"not_picked":["Heel Hook+1","Flying Knee+1"],"picked":"Deadly Poison+1","floor":46},{"not_picked":["Backflip+1","Poisoned Stab+1"],"picked":"Noxious Fumes+1","floor":47},{"not_picked":["Blade Dance+1","Distraction+1"],"picked":"Expertise+1","floor":48}],"player_experience":240964,"relics_obtained":[{"floor":1,"key":"Toxic Egg 2"},{"floor":5,"key":"Bottled Flame"},{"floor":7,"key":"Centennial Puzzle"},{"floor":9,"key":"Blue Candle"},{"floor":11,"key":"Ancient Tea Set"},{"floor":13,"key":"Oddly Smooth Stone"},{"floor":14,"key":"Juzu Bracelet"},{"floor":16,"key":"Molten Egg 2"},{"floor":18,"key":"Matryoshka"},{"floor":19,"key":"Vajra"},{"floor":20,"key":"Gremlin Horn"},{"floor":22,"key":"War Paint"},{"floor":23,"key":"Mango"},{"floor":25,"key":"Happy Flower"},{"floor":26,"key":"Art of War"},{"floor":26,"key":"Dodecahedron"},{"floor":29,"key":"Darkstone Periapt"},{"floor":30,"key":"MawBank"},{"floor":31,"key":"Mummified Hand"},{"floor":33,"key":"Pantograph"},{"floor":35,"key":"Paper Crane"},{"floor":36,"key":"Orichalcum"},{"floor":37,"key":"Regal Pillow"},{"floor":38,"key":"Boot"},{"floor":38,"key":"Frozen Egg 2"},{"floor":39,"key":"Potion Belt"},{"floor":41,"key":"Pear"},{"floor":42,"key":"Nunchaku"},{"floor":43,"key":"Bronze Scales"},{"floor":46,"key":"Thread and Needle"},{"floor":47,"key":"Old Coin"},{"floor":48,"key":"Meat on the Bone"}],"event_choices":[{"event_name":"Shining Light","player_choice":"Entered Light","floor":2,"damage_taken":0},{"event_name":"NoteForYourself","player_choice":"Ignored","floor":3,"damage_taken":0},{"event_name":"Living Wall","player_choice":"Forget","floor":4,"damage_taken":0},{"event_name":"Nest","player_choice":"Stole From Cult","floor":28,"damage_taken":0},{"event_name":"Winding Halls","player_choice":"Writhe","floor":45,"damage_taken":0},{"event_name":"Mysterious Sphere","player_choice":"Fight","floor":46,"damage_taken":0},{"event_name":"MindBloom","player_choice":"Fight","floor":47,"damage_taken":0}],"is_beta":true,"boss_relics":[{"not_picked":["Fusion Hammer","Sozu"],"picked":"Cursed Key"},{"not_picked":["Eternal Feather","Tiny House"],"picked":"Philosopher\u0027s Stone"}],"items_purged_floors":[12],"is_endless":false,"potions_floor_spawned":[1,5,7,11,13,14,16,18,19,20,22,23,25,29,30,31,33,35,36,37,39,41,42,46,47,48],"ascension_level":0}