{"path_per_floor":["M","?","?","M","?","R","E","?","T","$","M","R","M","E","R","B",null,"M","$","?","?","M","R","E","M","T","T","M","M","E","M","R","B",null,"M","T","T","?","M","E","R","M","T","E","?","M"],"character_chosen":"DEFECT","items_purchased":["Sunder+1","Happy Flower"],"gold_per_floor":[114,114,64,79,79,79,109,150,175,21,36,36,51,111,111,211,211,226,76,1,1,16,16,46,61,61,61,76,91,121,136,136,236,236,251,276,301,401,416,446,446,461,536,566,566,581,581],"floor_reached":47,"campfire_rested":0,"playtime":2044,"item_purchase_floors":[10,19],"current_hp_per_floor":[73,55,55,55,55,60,53,34,34,34,34,34,34,34,34,34,62,61,60,59,28,32,31,30,29,28,27,26,25,24,21,21,6,20,19,18,17,16,15,14,13,12,11,2,8,7,0],"items_purged":["Strike_B"],"gold":581,"score":708,"play_id":"76a407bb-5f80-4edc-85a1-44abc678972c","local_time":"20180614183103","daily_mods":["Diverse","Night Terrors","Terminal"],"is_prod":false,"is_daily":true,"chose_seed":false,"is_ascension_mode":false,"campfire_upgraded":5,"win_rate":0,"timestamp":1528977663,"campfire_choices":[{"data":"Zap","floor":6,"key":"SMITH"},{"data":"Dualcast","floor":12,"key":"SMITH"},{"data":"Tools of the Trade","floor":15,"key":"SMITH"},{"data":"Conserve Battery","floor":23,"key":"SMITH"},{"data":"Defragment","floor":32,"key":"SMITH"},{"data":"Strike_B+1","floor":41,"key":"PURGE"}],"path_taken":["M","?","?","?","?","R","E","?","T","$","M","R","M","E","R","BOSS","M","$","?","?","M","R","E","M","T","?","M","M","E","M","R","BOSS","M","?","?","?","?","E","R","M","T","E","?","M","E"],"build_version":"2018-06-13v3","seed_source_timestamp":0,"purchased_purges":1,"victory":false,"master_deck":["Defend_B","Defend_B","Defend_B+1","Defend_B","Zap+1","Dualcast+1","Sword Boomerang+1","Doom and Gloom+1","Conserve Battery+1","Sunder+1","Ball Lightning+1","Meteor Strike+1","Tools of the Trade+1","Glass Knife+1","Ghostly","Ghostly","Ghostly+1","Ghostly","Ghostly","Defragment+1","Metallicize","Metallicize","Redo+1","Echo Form","Compile Driver+1","Disarm"],"max_hp_per_floor":[73,72,71,70,69,73,72,71,70,69,68,67,66,65,64,63,62,61,60,59,28,32,31,30,29,28,27,26,25,24,23,22,21,20,19,18,17,16,15,14,13,12,11,10,8,7,7],"special_seed":17696,"relics":["Cracked Core","Molten Egg 2","Anchor","Orichalcum","Whetstone","Tiny Chest","Sozu","Happy Flower","DataDisk","The Courier","Bottled Flame","Peace Pipe","Runic Dome","Bag of Preparation","War Paint","Lantern","Mercury Hourglass","Calipers"],"card_choices":[{"not_picked":["Uppercut","Clash","Deflect"],"picked":"SKIP","floor":1},{"not_picked":["Chaos","Glacier"],"picked":"Sword Boomerang+1","floor":4},{"not_picked":["Cold Snap+1","Perfected Strike+1"],"picked":"Doom and Gloom+1","floor":7},{"not_picked":["Dropkick+1","Combust"],"picked":"Conserve Battery","floor":8},{"not_picked":["Heel Hook+1","Body Slam+1"],"picked":"Ball Lightning+1","floor":11},{"not_picked":["Shrug It Off","Perfected Strike+1"],"picked":"Meteor Strike+1","floor":13},{"not_picked":["Slice+1","Bludgeon+1"],"picked":"Tools of the Trade","floor":14},{"not_picked":["Hyperbeam+1","Brutality"],"picked":"Glass Knife+1","floor":16},{"not_picked":["Crippling Poison","Feel No Pain","Coolheaded"],"picked":"SKIP","floor":18},{"not_picked":["Havoc","Consume"],"picked":"Defragment","floor":22},{"not_picked":["Sweeping Beam+1","Dropkick+1"],"picked":"Metallicize","floor":24},{"not_picked":["Entrench","PiercingWail"],"picked":"Metallicize","floor":25},{"not_picked":["Headbutt+1","Twin Strike+1"],"picked":"Redo+1","floor":28},{"not_picked":["Second Wind","Calculated Gamble","Predator+1"],"picked":"SKIP","floor":29},{"not_picked":["Fire Breathing","Self Repair","Rip and Tear+1"],"picked":"SKIP","floor":30},{"not_picked":["Blizzard+1","Dual Wield","Accuracy"],"picked":"SKIP","floor":31},{"not_picked":["Envenom","Meteor Strike+1"],"picked":"Echo Form","floor":33},{"not_picked":["Undo","PiercingWail","Eviscerate+1"],"picked":"SKIP","floor":35},{"not_picked":["Stack+1","Finisher+1","Dual Wield"],"picked":"SKIP","floor":39},{"not_picked":["Gash+1","Steam+1"],"picked":"Compile Driver+1","floor":40},{"not_picked":["Concentrate","Underhanded Strike+1","Go for the Eyes+1"],"picked":"SKIP","floor":42},{"not_picked":["Underhanded Strike+1","Tools of the Trade","All For One+1"],"picked":"SKIP","floor":44},{"not_picked":["Redo","Deflect"],"picked":"Disarm","floor":46}],"player_experience":62778,"potions_floor_usage":[6,7,22],"damage_taken":[{"damage":1,"enemies":"2 Louse","floor":1,"turns":2},{"damage":0,"enemies":"Small Slimes","floor":4,"turns":4},{"damage":7,"enemies":"Lagavulin","floor":7,"turns":7},{"damage":19,"enemies":"Lagavulin Event","floor":8,"turns":4},{"damage":0,"enemies":"Jaw Worm","floor":11,"turns":3},{"damage":0,"enemies":"Exordium Wildlife","floor":13,"turns":2},{"damage":0,"enemies":"3 Sentries","floor":14,"turns":3},{"damage":0,"enemies":"Slime Boss","floor":16,"turns":5},{"damage":0,"enemies":"Chosen","floor":18,"turns":3},{"damage":0,"enemies":"3 Byrds","floor":22,"turns":4},{"damage":0,"enemies":"Gremlin Leader","floor":24,"turns":5},{"damage":0,"enemies":"Centurion and Healer","floor":25,"turns":4},{"damage":0,"enemies":"Chosen and Byrds","floor":28,"turns":6},{"damage":0,"enemies":"Snake Plant","floor":29,"turns":4},{"damage":0,"enemies":"Slavers","floor":30,"turns":5},{"damage":3,"enemies":"Sentry and Sphere","floor":31,"turns":4},{"damage":15,"enemies":"Collector","floor":33,"turns":8},{"damage":0,"enemies":"3 Shapes","floor":35,"turns":4},{"damage":0,"enemies":"Orb Walker","floor":39,"turns":2},{"damage":0,"enemies":"Nemesis","floor":40,"turns":7},{"damage":0,"enemies":"3 Darklings","floor":42,"turns":4},{"damage":9,"enemies":"Giant Head","floor":44,"turns":8},{"damage":0,"enemies":"Flame Bruiser 2 Orb","floor":46,"turns":3},{"damage":7,"enemies":"2 Orb Walkers","floor":47,"turns":1}],"relics_obtained":[{"floor":7,"key":"Anchor"},{"floor":8,"key":"Orichalcum"},{"floor":9,"key":"Whetstone"},{"floor":14,"key":"Tiny Chest"},{"floor":24,"key":"DataDisk"},{"floor":26,"key":"The Courier"},{"floor":27,"key":"Bottled Flame"},{"floor":30,"key":"Peace Pipe"},{"floor":36,"key":"Bag of Preparation"},{"floor":37,"key":"War Paint"},{"floor":40,"key":"Lantern"},{"floor":43,"key":"Mercury Hourglass"},{"floor":44,"key":"Calipers"}],"event_choices":[{"event_name":"Scrap Ooze","player_choice":"success","floor":2,"damage_taken":18},{"event_name":"The Cleric","player_choice":"Card Removal","floor":3,"damage_taken":0},{"event_name":"The Lab","player_choice":"Got Potions","floor":5,"damage_taken":0},{"event_name":"Dead Adventurer","player_choice":"Searched \u00273\u0027 times","floor":8,"damage_taken":0},{"event_name":"Beggar","player_choice":"Gave Gold","floor":20,"damage_taken":0},{"event_name":"Ghosts","player_choice":"Became a Ghost","floor":21,"damage_taken":0},{"event_name":"Golden Shrine","player_choice":"Pray","floor":38,"damage_taken":0},{"event_name":"The Moai Head","player_choice":"Heal","floor":45,"damage_taken":0}],"boss_relics":[{"not_picked":["Inserter","Astrolabe"],"picked":"Sozu"},{"not_picked":["Pandora\u0027s Box","White Beast Statue"],"picked":"Runic Dome"}],"items_purged_floors":[10],"potions_floor_spawned":[1,7,8,16,18,24,25,28,30,31,39,46],"seed_played":"-3577076227804411564","killed_by":"2 Orb Walkers","ascension_level":0,"potions_obtained":[{"floor":1,"key":"Swift Potion"},{"floor":5,"key":"Fruit Juice"},{"floor":5,"key":"Fruit Juice"},{"floor":7,"key":"SpeedPotion"},{"floor":8,"key":"EssenceOfSteel"},{"floor":16,"key":"EssenceOfSteel"}],"is_trial":false}