{"gold_per_floor":[144,69,244,289,334,334,424,469,469,514,44,44,93,142,142,467,467,516,565,614,663,712,712,810,810,810,265,314,363,363,412,412,737,737,786,835,884,933,933,1031,1080,1129,1129,31,38,38,87,136,136,136],"floor_reached":51,"playtime":3349,"items_purged":["Strike_R","Doubt","Strike_R"],"score":861,"play_id":"4c01da42-28ce-4d4a-a1a0-d1f6796ae85b","local_time":"20180724110053","daily_mods":["Diverse","Midas","Uncertain Future"],"is_ascension_mode":false,"campfire_choices":[{"floor":6,"key":"REST"},{"floor":15,"key":"DIG"},{"floor":23,"key":"DIG"},{"floor":32,"key":"REST"},{"floor":46,"key":"DIG"},{"floor":49,"key":"DIG"}],"neow_cost":"","seed_source_timestamp":0,"circlet_count":0,"master_deck":["Defend_R","Defend_R","Defend_R","Defend_R","Bash+1","Body Slam","Disarm","Beam Cell","Offering","True Grit","Ball Lightning+1","Conserve Battery","Clothesline","Leap","Offering","Conserve Battery+1","Leap+1","Leap","Evolve","Tools of the Trade","Blur+1","Sweeping Beam+1","Quick Slash+1","PiercingWail","Sword Boomerang+1","FTL+1","Bite+1","Bite+1","Bite+1","Bite+1","Bite+1","Glass Knife+1","Blur","Disarm+1","Dramatic Entrance+1","Apotheosis","Rip and Tear+1","Skim+1","Doubt","Choke+1","Sweeping Beam+1","Genetic Algorithm","Shrug It Off","Brutality","Bandage Up","The Bomb","Leap","Prepared","Sweeping Beam+1"],"special_seed":17736,"relics":["Burning Blood","Potion Belt","Shovel","Bag of Preparation","Omamori","Golden Idol","Shuriken","Sozu","Red Skull","Whetstone","Necronomicon","Molten Egg 2","Bag of Marbles","Cursed Key","Dodecahedron","Singing Bowl","Question Card","Medical Kit","Ginger","The Courier","Oddly Smooth Stone"],"potions_floor_usage":[7,8,16,18],"damage_taken":[{"damage":2,"enemies":"2 Louse","floor":1,"turns":2},{"damage":5,"enemies":"Jaw Worm","floor":4,"turns":6},{"damage":9,"enemies":"Cultist","floor":5,"turns":6},{"damage":33,"enemies":"3 Sentries","floor":7,"turns":10},{"damage":23,"enemies":"Exordium Thugs","floor":8,"turns":4},{"damage":10,"enemies":"Large Slime","floor":10,"turns":6},{"damage":0,"enemies":"Looter","floor":13,"turns":4},{"damage":5,"enemies":"3 Louse","floor":14,"turns":3},{"damage":5,"enemies":"Hexaghost","floor":16,"turns":10},{"damage":15,"enemies":"3 Byrds","floor":18,"turns":5},{"damage":10,"enemies":"2 Thieves","floor":19,"turns":3},{"damage":5,"enemies":"Snake Plant","floor":20,"turns":6},{"damage":10,"enemies":"Centurion and Healer","floor":21,"turns":5},{"damage":19,"enemies":"Sentry and Sphere","floor":22,"turns":6},{"damage":25,"enemies":"Gremlin Leader","floor":24,"turns":7},{"damage":16,"enemies":"Slaver and Parasite","floor":28,"turns":6},{"damage":0,"enemies":"Cultist and Chosen","floor":29,"turns":4},{"damage":7,"enemies":"Snake Plant","floor":31,"turns":4},{"damage":43,"enemies":"Champ","floor":33,"turns":8},{"damage":8,"enemies":"3 Darklings","floor":35,"turns":5},{"damage":5,"enemies":"3 Shapes","floor":36,"turns":4},{"damage":24,"enemies":"Maw","floor":37,"turns":5},{"damage":10,"enemies":"Spire Growth","floor":38,"turns":2},{"damage":6,"enemies":"2 Orb Walkers","floor":40,"turns":5},{"damage":15,"enemies":"Transient","floor":41,"turns":5},{"damage":5,"enemies":"Flame Bruiser 2 Orb","floor":42,"turns":3},{"damage":28,"floor":45,"turns":2},{"damage":11,"enemies":"Sphere and 2 Shapes","floor":47,"turns":3},{"damage":5,"enemies":"3 Darklings","floor":48,"turns":2},{"damage":35,"enemies":"Time Eater","floor":50,"turns":9}],"seed_played":"-218002140433653239","potions_obtained":[{"floor":4,"key":"SteroidPotion"},{"floor":7,"key":"PowerPotion"},{"floor":8,"key":"Block Potion"},{"floor":16,"key":"EntropicBrew"}],"is_trial":false,"path_per_floor":["M","$","?","M","M","R","E","M","T","M","$","?","M","M","R","B",null,"M","M","M","M","M","R","E","?","T","$","M","M","?","M","R","B",null,"M","M","M","M","?","E","M","M","T","$","?","R","M","M","R","B"],"character_chosen":"IRONCLAD","items_purchased":["Bag of Preparation","Omamori","Conserve Battery","Clothesline","Bag of Marbles","Blood Vial","Sweeping Beam+1","Quick Slash+1","PiercingWail","Question Card","Choke+1","Sweeping Beam+1","Genetic Algorithm","Shrug It Off","Brutality","Bandage Up","The Bomb","Medical Kit"],"campfire_rested":2,"item_purchase_floors":[11,11,11,11,27,27,27,27,27,44,44,44,44,44,44,44,44,44],"current_hp_per_floor":[80,80,80,80,77,80,53,36,36,32,32,32,38,39,39,40,80,71,67,68,64,51,51,32,16,16,16,8,16,16,24,48,32,80,80,80,75,80,70,80,77,80,80,80,61,61,56,69,69,58],"gold":136,"neow_bonus":"","is_prod":false,"is_daily":true,"chose_seed":false,"campfire_upgraded":0,"win_rate":0,"timestamp":1532404853,"path_taken":["M","$","?","M","M","R","E","M","T","M","?","?","M","M","R","BOSS","M","M","M","M","M","R","E","?","T","$","M","?","?","M","R","BOSS","M","M","M","M","?","E","M","M","T","$","?","R","?","M","R","BOSS"],"build_version":"2018-07-19","purchased_purges":3,"victory":true,"max_hp_per_floor":[80,80,80,80,80,80,80,80,80,80,80,80,80,80,80,80,80,80,80,80,80,80,80,80,80,80,80,80,80,80,80,80,80,80,80,80,80,80,80,80,80,80,80,80,80,80,80,80,80,80],"card_choices":[{"not_picked":["Underhanded Strike","Warcry"],"picked":"Body Slam","floor":1},{"not_picked":["Expertise","Static Discharge"],"picked":"Disarm","floor":4},{"not_picked":["Lockon","Dodge and Roll"],"picked":"Beam Cell","floor":5},{"not_picked":["Calculated Gamble","All For One"],"picked":"Offering","floor":7},{"not_picked":["Concentrate","Blizzard"],"picked":"True Grit","floor":8},{"not_picked":["Deflect","Poisoned Stab"],"picked":"Ball Lightning","floor":10},{"not_picked":["Stack","Clothesline"],"picked":"Leap","floor":13},{"not_picked":["Cleave","Searing Blow","Rampage"],"picked":"SKIP","floor":14},{"not_picked":["Biased Cognition","Unload"],"picked":"Offering","floor":16},{"not_picked":["Havoc","Armaments"],"picked":"Conserve Battery+1","floor":18},{"not_picked":["Seeing Red","Wild Strike"],"picked":"Leap+1","floor":19},{"not_picked":["Anger+1","Pommel Strike"],"picked":"Leap","floor":20},{"not_picked":["Clash+1","Barrage"],"picked":"Evolve","floor":21},{"not_picked":["Blood for Blood","Streamline"],"picked":"Tools of the Trade","floor":22},{"not_picked":["Carnage","Capacitor"],"picked":"Blur+1","floor":24},{"not_picked":["Prepared","Redo+1"],"picked":"Sword Boomerang+1","floor":28},{"not_picked":["Clash+1","Ghostly Armor"],"picked":"FTL+1","floor":29},{"not_picked":["Underhanded Strike+1","Heavy Blade+1","Outmaneuver"],"picked":"SKIP","floor":31},{"not_picked":["Phantasmal Killer","Berserk"],"picked":"Glass Knife+1","floor":33},{"not_picked":["Capacitor","Reflex","Second Wind+1"],"picked":"SKIP","floor":35},{"not_picked":["Warcry+1","Auto Shields"],"picked":"Blur","floor":36},{"not_picked":["Infernal Blade","Cold Snap+1","Blizzard+1"],"picked":"SKIP","floor":37},{"not_picked":["Accuracy","Flying Knee+1"],"picked":"Disarm+1","floor":38},{"not_picked":["Jack Of All Trades","Impatience"],"picked":"Dramatic Entrance+1","floor":39},{"not_picked":["Finesse","Forethought"],"picked":"Apotheosis","floor":39},{"not_picked":["Iron Wave+1","Deflect","Brutality"],"picked":"SKIP","floor":40},{"not_picked":["Reprogram","Tactician+1"],"picked":"Rip and Tear+1","floor":41},{"not_picked":["Cold Snap+1","Perfected Strike+1"],"picked":"Skim+1","floor":42},{"not_picked":["Setup","PiercingWail+1","Deadly Poison+1"],"picked":"Leap","floor":45},{"not_picked":["Outmaneuver+1","Chaos","Gash+1"],"picked":"Prepared","floor":47},{"not_picked":["Terror+1","Headbutt+1","Steam"],"picked":"Sweeping Beam+1","floor":48}],"player_experience":243511,"relics_obtained":[{"floor":7,"key":"Potion Belt"},{"floor":9,"key":"Shovel"},{"floor":15,"key":"Shuriken"},{"floor":23,"key":"Red Skull"},{"floor":24,"key":"Whetstone"},{"floor":25,"key":"Necronomicon"},{"floor":26,"key":"Molten Egg 2"},{"floor":40,"key":"Dodecahedron"},{"floor":43,"key":"Singing Bowl"},{"floor":45,"key":"Ginger"},{"floor":46,"key":"The Courier"},{"floor":49,"key":"Oddly Smooth Stone"}],"event_choices":[{"event_name":"Liars Game","player_choice":"agreed","floor":3,"damage_taken":0},{"event_name":"Golden Idol","player_choice":"Take Wound","floor":12,"damage_taken":0},{"event_name":"Cursed Tome","player_choice":"Obtained Book","floor":25,"damage_taken":0},{"event_name":"Vampires","player_choice":"Became a vampire (Vial)","floor":30,"damage_taken":0},{"event_name":"SensoryStone","player_choice":"Memory 3","floor":39,"damage_taken":0},{"event_name":"Mysterious Sphere","player_choice":"Fight","floor":45,"damage_taken":0}],"is_beta":true,"boss_relics":[{"not_picked":["Eternal Feather","Runic Cube"],"picked":"Sozu"},{"not_picked":["Lizard Tail","Black Star"],"picked":"Cursed Key"}],"items_purged_floors":[2,11,27],"is_endless":false,"potions_floor_spawned":[4,7,8,16,18,21,28,33,36,37,38,41],"ascension_level":0}