{"gold_per_floor":[114,114,129,188,11,41,56,56,81,81,81,96,126,141,141,241,241,256,271,271,286,289,319,619,634,659,689,689,689,689,704,704,804,804,849,18,33,33,45,57,99,19,19,34,2,32,32,47,47,47],"floor_reached":51,"playtime":1393,"items_purged":[],"score":1278,"play_id":"4db6bb4e-c7fb-4dd0-acbf-42d4872120f8","local_time":"20180817150759","daily_mods":["Insanity","Terminal","Vintage"],"is_ascension_mode":false,"campfire_choices":[{"data":"1","floor":8,"key":"LIFT"},{"data":"2","floor":11,"key":"LIFT"},{"data":"3","floor":15,"key":"LIFT"},{"floor":24,"key":"DIG"},{"floor":32,"key":"DIG"},{"floor":47,"key":"DIG"},{"floor":49,"key":"DIG"}],"neow_cost":"","seed_source_timestamp":0,"circlet_count":0,"master_deck":["Carnage","Rage","Clothesline","Hemokinesis","Bludgeon","Dual Wield","Flame Barrier","Sever Soul","Sword Boomerang","Blood for Blood","Disarm","Metallicize","Burning Pact","Ghostly Armor+1","Iron Wave","Body Slam","Inflame","Evolve","Seeing Red+1","Power Through","Bludgeon","Exhume","Havoc","Pommel Strike","Flex","Metallicize","Rupture","Fire Breathing","Feel No Pain","Feed","Second Wind","Metallicize","Flame Barrier","Rampage","Pummel","Defend_R","Ghostly Armor","Barricade","Intimidate","Immolate","Heavy Blade","Dark Embrace","Clothesline","Barricade","Sword Boomerang","Reckless Charge","Iron Wave","Headbutt","Whirlwind","True Grit+1","Spot Weakness+1","Fiend Fire","Whirlwind","Demon Form","Shrug It Off+1","Thunderclap+1","Limit Break+1","Barricade","Shrug It Off+1","Barricade","Heavy Blade+1","Pommel Strike","Heavy Blade","Heavy Blade","Rage+1","Offering+1"],"special_seed":17760,"relics":["Burning Blood","Bag of Marbles","Girya","Toxic Egg 2","The Courier","Gambling Chip","Strawberry","War Paint","Omamori","Shovel","Dodecahedron","Juzu Bracelet","Fusion Hammer","StoneCalendar","Darkstone Periapt","Dead Branch","Red Mask","Happy Flower","Old Coin","Bird Faced Urn","Lantern","Calipers","Vajra","Art of War","Bronze Scales","Bag of Preparation","Sozu","Tiny Chest","Thread and Needle","Chemical X","Oddly Smooth Stone","Charon\u0027s Ashes","Matryoshka","MawBank","Sundial","Boot","Unceasing Top","Nunchaku","Bottled Tornado","Orichalcum","Incense Burner","Ornamental Fan","Potion Belt","Dream Catcher"],"potions_floor_usage":[6,6,13,16,33,33,50],"damage_taken":[{"damage":0,"enemies":"2 Louse","floor":1,"turns":2},{"damage":0,"enemies":"Jaw Worm","floor":3,"turns":1},{"damage":5,"enemies":"Gremlin Nob","floor":6,"turns":4},{"damage":0,"enemies":"Small Slimes","floor":7,"turns":2},{"damage":0,"enemies":"Exordium Thugs","floor":12,"turns":3},{"damage":0,"enemies":"3 Sentries","floor":13,"turns":6},{"damage":0,"enemies":"3 Louse","floor":14,"turns":2},{"damage":3,"enemies":"Slime Boss","floor":16,"turns":5},{"damage":0,"enemies":"Spheric Guardian","floor":18,"turns":3},{"damage":0,"enemies":"2 Thieves","floor":19,"turns":1},{"damage":4,"enemies":"Chosen and Byrds","floor":21,"turns":5},{"damage":3,"floor":22,"turns":3},{"damage":0,"enemies":"Slavers","floor":23,"turns":1},{"damage":0,"enemies":"3 Cultists","floor":25,"turns":2},{"damage":0,"enemies":"Gremlin Leader","floor":27,"turns":2},{"damage":0,"enemies":"Snecko","floor":31,"turns":4},{"damage":4,"enemies":"Collector","floor":33,"turns":7},{"damage":0,"enemies":"3 Shapes","floor":35,"turns":1},{"damage":0,"enemies":"Orb Walker","floor":37,"turns":2},{"damage":0,"enemies":"2 Orb Walkers","floor":41,"turns":1},{"damage":0,"enemies":"Flame Bruiser 2 Orb","floor":44,"turns":1},{"damage":6,"enemies":"Nemesis","floor":46,"turns":3},{"damage":6,"enemies":"4 Shapes","floor":48,"turns":2},{"damage":6,"enemies":"Awakened One","floor":50,"turns":5}],"seed_played":"-944749805206435662","potions_obtained":[{"floor":1,"key":"AttackPotion"},{"floor":6,"key":"EssenceOfSteel"},{"floor":7,"key":"Fruit Juice"},{"floor":13,"key":"AttackPotion"},{"floor":16,"key":"SmokeBomb"},{"floor":22,"key":"BloodPotion"},{"floor":23,"key":"FearPotion"},{"floor":27,"key":"AttackPotion"}],"is_trial":false,"path_per_floor":["M","?","M","?","$","E","M","R","T","T","R","M","E","M","R","B",null,"M","M","?","M","?","E","R","M","T","E","?","?","?","M","R","B",null,"M","$","M","T","T","?","E","$","T","M","$","E","R","M","R","B"],"character_chosen":"IRONCLAD","items_purchased":["FearPotion","True Grit+1","Spot Weakness+1","Shrug It Off+1","Thread and Needle","Chemical X","Oddly Smooth Stone","Charon\u0027s Ashes","Pommel Strike","Heavy Blade","Heavy Blade","Rage+1"],"campfire_rested":0,"item_purchase_floors":[5,5,5,36,36,36,36,36,42,42,42,45],"current_hp_per_floor":[78,75,76,75,74,73,72,71,77,76,75,74,78,80,79,78,77,76,75,74,73,72,71,70,69,68,67,66,75,61,75,75,76,75,77,76,75,74,73,72,71,70,69,68,67,66,65,64,63,62],"gold":47,"neow_bonus":"","is_prod":false,"is_daily":true,"chose_seed":false,"campfire_upgraded":0,"win_rate":0,"timestamp":1534493279,"path_taken":["M","?","M","?","$","E","M","R","T","?","R","?","E","M","R","BOSS","M","M","?","M","?","E","R","M","T","E","?","?","?","M","R","BOSS","M","$","M","?","?","?","E","?","T","M","?","E","R","M","R","BOSS"],"build_version":"2018-08-16","purchased_purges":0,"victory":true,"max_hp_per_floor":[78,77,76,75,74,73,72,71,77,76,75,74,78,80,79,78,77,76,75,74,73,72,71,70,69,68,67,66,75,79,78,77,76,75,77,76,75,74,73,72,71,70,69,68,67,66,65,64,63,62],"card_choices":[{"not_picked":["Dropkick","Havoc+1"],"picked":"Fiend Fire","floor":6},{"not_picked":["Twin Strike","Sentinel+1"],"picked":"Whirlwind","floor":13},{"not_picked":["Brutality","Barricade"],"picked":"Demon Form","floor":16},{"not_picked":["Clash","Bloodletting+1"],"picked":"Shrug It Off+1","floor":22},{"not_picked":["Combust+1","Immolate"],"picked":"Thunderclap+1","floor":23},{"not_picked":["Anger","Armaments+1"],"picked":"Limit Break+1","floor":27},{"not_picked":["Juggernaut","Berserk"],"picked":"Barricade","floor":33},{"not_picked":["Pummel","Clothesline"],"picked":"Heavy Blade+1","floor":41},{"not_picked":["Infernal Blade+1","Evolve+1"],"picked":"Offering+1","floor":46}],"player_experience":315707,"relics_obtained":[{"floor":1,"key":"Bag of Marbles"},{"floor":3,"key":"Toxic Egg 2"},{"floor":6,"key":"The Courier"},{"floor":7,"key":"Gambling Chip"},{"floor":9,"key":"Strawberry"},{"floor":10,"key":"War Paint"},{"floor":12,"key":"Omamori"},{"floor":13,"key":"Shovel"},{"floor":14,"key":"Dodecahedron"},{"floor":16,"key":"Juzu Bracelet"},{"floor":18,"key":"StoneCalendar"},{"floor":19,"key":"Darkstone Periapt"},{"floor":21,"key":"Dead Branch"},{"floor":22,"key":"Red Mask"},{"floor":23,"key":"Happy Flower"},{"floor":24,"key":"Old Coin"},{"floor":25,"key":"Bird Faced Urn"},{"floor":26,"key":"Lantern"},{"floor":27,"key":"Calipers"},{"floor":31,"key":"Art of War"},{"floor":32,"key":"Bronze Scales"},{"floor":33,"key":"Bag of Preparation"},{"floor":35,"key":"Tiny Chest"},{"floor":37,"key":"Matryoshka"},{"floor":38,"key":"MawBank"},{"floor":38,"key":"Sundial"},{"floor":39,"key":"Boot"},{"floor":39,"key":"Unceasing Top"},{"floor":41,"key":"Nunchaku"},{"floor":43,"key":"Bottled Tornado"},{"floor":44,"key":"Orichalcum"},{"floor":46,"key":"Incense Burner"},{"floor":47,"key":"Ornamental Fan"},{"floor":48,"key":"Potion Belt"},{"floor":49,"key":"Dream Catcher"}],"event_choices":[{"event_name":"Scrap Ooze","player_choice":"success","floor":2,"damage_taken":3},{"event_name":"Golden Wing","player_choice":"Gained Gold","floor":4,"damage_taken":0},{"event_name":"N\u0027loth","player_choice":"Ignored","floor":20,"damage_taken":0},{"event_name":"Masked Bandits","player_choice":"Fought Bandits","floor":22,"damage_taken":0},{"event_name":"The Mausoleum","player_choice":"Yes","floor":28,"damage_taken":0},{"event_name":"Bonfire Elementals","player_choice":"RARE","floor":29,"damage_taken":0},{"event_name":"Forgotten Altar","player_choice":"Shed Blood","floor":30,"damage_taken":0},{"event_name":"Duplicator","player_choice":"One dupe","floor":40,"damage_taken":0}],"is_beta":true,"boss_relics":[{"not_picked":["Ectoplasm","Calling Bell"],"picked":"Fusion Hammer"},{"not_picked":["Eternal Feather","Lizard Tail"],"picked":"Sozu"}],"items_purged_floors":[],"is_endless":false,"potions_floor_spawned":[1,6,7,13,16,22,23,27,44,48],"ascension_level":0}