{"gold_per_floor":[312,2,277,291,309,344,344,28,28,28,39,39,99,113,113,216,216,228,69,69,69,69,69],"floor_reached":23,"playtime":1811,"items_purged":["Defend_G","Regret","Strike_G"],"score":212,"play_id":"8febf01d-a878-4c56-b0b5-c0ad3cdae100","local_time":"20190419184046","is_ascension_mode":false,"campfire_choices":[{"floor":7,"key":"REST"},{"data":"Noxious Fumes","floor":10,"key":"SMITH"},{"data":"Tactician","floor":15,"key":"SMITH"}],"neow_cost":"NO_GOLD","seed_source_timestamp":1300671202939628,"circlet_count":0,"master_deck":["Defend_G","Defend_G","Defend_G","Survivor","Neutralize","Flying Knee","Dash","Jack Of All Trades","Backflip","Corpse Explosion","Bane","Transmutation","Noxious Fumes+1","Tactician+1","Noxious Fumes","All Out Attack","Dagger Throw","Burst","Deadly Poison","Dagger Spray","Bite","Bite","Bite","Bite","Bite"],"relics":["Ring of the Snake","Old Coin","Membership Card","Pantograph","MealTicket","Shuriken","Snake Skull","Tingsha","Empty Cage","Vajra","Enchiridion","Juzu Bracelet"],"potions_floor_usage":[6,16,23],"damage_taken":[{"damage":10,"enemies":"Jaw Worm","floor":1,"turns":8},{"damage":11,"enemies":"Cultist","floor":4,"turns":3},{"damage":1,"enemies":"2 Louse","floor":5,"turns":3},{"damage":11,"enemies":"Gremlin Nob","floor":6,"turns":3},{"damage":0,"enemies":"Looter","floor":11,"turns":3},{"damage":7,"enemies":"Lagavulin Event","floor":13,"turns":5},{"damage":2,"enemies":"Blue Slaver","floor":14,"turns":4},{"damage":41,"enemies":"The Guardian","floor":16,"turns":8},{"damage":0,"enemies":"Chosen","floor":18,"turns":4},{"damage":52,"enemies":"Gremlin Leader","floor":23,"turns":4}],"seed_played":"2254938315626211763","potions_obtained":[{"floor":1,"key":"Fire Potion"},{"floor":11,"key":"Explosive Potion"},{"floor":13,"key":"SteroidPotion"},{"floor":14,"key":"Weak Potion"}],"is_trial":false,"path_per_floor":["M","$","?","M","M","E","R","$","T","R","M","?","?","M","R","B",null,"M","$","?","?","?","E"],"character_chosen":"THE_SILENT","items_purchased":["Membership Card","Dash","Jack Of All Trades","MealTicket","Transmutation","Noxious Fumes","Tactician","Vajra","Dagger Spray"],"campfire_rested":1,"item_purchase_floors":[2,2,2,8,8,8,8,19,19],"current_hp_per_floor":[60,60,60,49,48,37,58,58,58,58,58,55,48,46,46,29,70,70,70,54,54,49,0],"gold":69,"neow_bonus":"ONE_RARE_RELIC","is_prod":false,"is_daily":false,"chose_seed":false,"campfire_upgraded":2,"win_rate":0.0,"timestamp":1555717246,"path_taken":["M","$","?","M","?","E","R","$","T","R","?","?","?","M","R","BOSS","M","$","?","?","?","E"],"build_version":"2019-01-23","purchased_purges":3,"victory":false,"max_hp_per_floor":[70,70,70,70,70,70,70,70,70,70,70,70,70,70,70,70,70,70,70,70,70,49,49],"card_choices":[{"not_picked":["Terror","Masterful Stab"],"picked":"Flying Knee","floor":1},{"not_picked":["Sucker Punch","Acrobatics"],"picked":"Backflip","floor":4},{"not_picked":["PiercingWail","Sucker Punch"],"picked":"Corpse Explosion","floor":5},{"not_picked":["Sucker Punch","Poisoned Stab"],"picked":"Bane","floor":6},{"not_picked":["Slice","Backstab"],"picked":"Noxious Fumes","floor":11},{"not_picked":["Poisoned Stab","Dagger Throw"],"picked":"All Out Attack","floor":13},{"not_picked":["Dodge and Roll","All Out Attack"],"picked":"Dagger Throw","floor":14},{"not_picked":["Corpse Explosion","Wraith Form v2"],"picked":"Burst","floor":16},{"not_picked":["Blade Dance","Dagger Throw"],"picked":"Deadly Poison","floor":18}],"player_experience":29785,"relics_obtained":[{"floor":6,"key":"Pantograph"},{"floor":9,"key":"Shuriken"},{"floor":13,"key":"Tingsha"},{"floor":20,"key":"Enchiridion"}],"event_choices":[{"damage_healed":0,"gold_gain":275,"player_choice":"Desecrate","damage_taken":0,"max_hp_gain":0,"max_hp_loss":0,"event_name":"Golden Shrine","floor":3,"gold_loss":0,"cards_obtained":["Regret"]},{"damage_healed":0,"gold_gain":0,"player_choice":"Success","damage_taken":3,"relics_obtained":["Snake Skull"],"max_hp_gain":0,"max_hp_loss":0,"event_name":"Scrap Ooze","floor":12,"gold_loss":0},{"damage_healed":0,"gold_gain":0,"player_choice":"Searched \u00272\u0027 times","damage_taken":0,"max_hp_gain":0,"max_hp_loss":0,"event_name":"Dead Adventurer","floor":13,"gold_loss":0},{"damage_healed":0,"gold_gain":0,"player_choice":"Obtained Book","damage_taken":16,"max_hp_gain":0,"max_hp_loss":0,"event_name":"Cursed Tome","floor":20,"gold_loss":0},{"damage_healed":0,"gold_gain":0,"player_choice":"Gave Potion","damage_taken":0,"relics_obtained":["Juzu Bracelet"],"max_hp_gain":0,"max_hp_loss":0,"event_name":"WeMeetAgain","floor":21,"gold_loss":0},{"damage_healed":0,"gold_gain":0,"player_choice":"Became a vampire","damage_taken":0,"max_hp_gain":0,"max_hp_loss":21,"event_name":"Vampires","floor":22,"gold_loss":0,"cards_obtained":["Bite","Bite","Bite","Bite","Bite"]}],"is_beta":false,"boss_relics":[{"not_picked":["Snecko Eye","Eternal Feather"],"picked":"Empty Cage"}],"items_purged_floors":[2,8,19],"is_endless":false,"potions_floor_spawned":[1,11,13,14],"killed_by":"Gremlin Leader","ascension_level":0}