{"gold_per_floor":[369,388,348,43,56,56,83,83,106,106,106],"floor_reached":11,"playtime":410,"items_purged":[],"score":142,"play_id":"dcab6249-ac49-44c8-a989-33875c5d6aef","local_time":"20190519142336","is_ascension_mode":true,"campfire_choices":[{"data":"Neutralize","floor":6,"key":"SMITH"},{"data":"Bullet Time","floor":8,"key":"SMITH"},{"floor":10,"key":"REST"}],"neow_cost":"PERCENT_DAMAGE","seed_source_timestamp":226287053976239,"circlet_count":0,"master_deck":["AscendersBane","Defend_G","Defend_G","Defend_G","Defend_G","Defend_G","Strike_G","Strike_G","Strike_G","Strike_G","Strike_G","Survivor","Neutralize+1","Endless Agony","Backstab","Backstab","Dodge and Roll","Bullet Time+1"],"relics":["Ring of the Snake","TwistedFunnel","Art of War","Ancient Tea Set"],"potions_floor_usage":[11,11],"damage_taken":[{"damage":1,"enemies":"2 Louse","floor":1,"turns":5},{"damage":3,"enemies":"Cultist","floor":2,"turns":5},{"damage":0,"enemies":"Jaw Worm","floor":5,"turns":2},{"damage":27,"enemies":"Gremlin Nob","floor":7,"turns":4},{"damage":34,"enemies":"Lagavulin","floor":11,"turns":9}],"seed_played":"-2472147675495251508","potions_obtained":[{"floor":1,"key":"PowerPotion"},{"floor":3,"key":"Weak Potion"}],"is_trial":false,"path_per_floor":["M","M","?","$","M","R","E","R","T","R","E"],"character_chosen":"THE_SILENT","items_purchased":["TwistedFunnel","Backstab"],"campfire_rested":1,"item_purchase_floors":[4,4],"current_hp_per_floor":[43,40,40,40,40,40,13,13,13,32,0],"gold":106,"neow_bonus":"TWO_FIFTY_GOLD","is_prod":false,"is_daily":false,"chose_seed":false,"campfire_upgraded":2,"win_rate":0,"timestamp":1558290216,"path_taken":["M","M","?","$","M","R","E","R","T","R","E"],"build_version":"2019-01-23","purchased_purges":0,"victory":false,"max_hp_per_floor":[66,66,66,66,66,66,66,66,66,66,66],"card_choices":[{"not_picked":["Flying Knee","Quick Slash"],"picked":"Endless Agony","floor":1},{"not_picked":["Reflex","Bane"],"picked":"Backstab","floor":2},{"not_picked":["Predator","Sucker Punch"],"picked":"Dodge and Roll","floor":5},{"not_picked":["Accuracy","Expertise"],"picked":"Bullet Time","floor":7}],"player_experience":851316,"relics_obtained":[{"floor":7,"key":"Art of War"},{"floor":9,"key":"Ancient Tea Set"}],"event_choices":[{"damage_healed":0,"gold_gain":0,"player_choice":"Bought 3 Potions","damage_taken":0,"max_hp_gain":0,"max_hp_loss":0,"event_name":"The Woman in Blue","floor":3,"gold_loss":0}],"is_beta":false,"boss_relics":[],"items_purged_floors":[],"is_endless":false,"potions_floor_spawned":[1,5],"killed_by":"Lagavulin","ascension_level":20}