{"gold_per_floor":[111,126,145,70,70,70,82,95,143,153,188,188,219,239,239,313,313,284,303,55,69,41,41,71,71,94,109,109],"floor_reached":28,"playtime":1206,"items_purged":["Strike_B"],"score":504,"play_id":"1f764ee2-cd22-447e-86ab-9d9b12d1ea1d","local_time":"20190420204241","is_ascension_mode":true,"campfire_choices":[{"data":"Loop","floor":6,"key":"SMITH"},{"floor":12,"key":"REST"},{"floor":15,"key":"REST"},{"floor":23,"key":"REST"},{"floor":25,"key":"REST"}],"neow_cost":"NONE","seed_source_timestamp":267156294922232,"circlet_count":0,"master_deck":["AscendersBane","Strike_B","Strike_B","Strike_B","Defend_B","Defend_B","Defend_B","Defend_B","Zap","Dualcast","FTL","Ball Lightning","Loop+1","Ball Lightning","Reinforced Body","Sweeping Beam","Consume","Ball Lightning","Genetic Algorithm","Echo Form","White Noise+1","Coolheaded+1","Capacitor","Hologram","Coolheaded","Genetic Algorithm"],"relics":["Cracked Core","Darkstone Periapt","Bag of Preparation","Pen Nib","Ice Cream","Nuclear Battery","DataDisk","Molten Egg 2","Oddly Smooth Stone"],"potions_floor_usage":[11,13,24,28],"damage_taken":[{"damage":0,"enemies":"2 Louse","floor":1,"turns":3},{"damage":12,"enemies":"Small Slimes","floor":2,"turns":3},{"damage":0,"enemies":"Cultist","floor":3,"turns":3},{"damage":11,"enemies":"Blue Slaver","floor":7,"turns":4},{"damage":9,"enemies":"Exordium Thugs","floor":8,"turns":4},{"damage":1,"enemies":"2 Fungi Beasts","floor":10,"turns":3},{"damage":8,"enemies":"Gremlin Nob","floor":11,"turns":3},{"damage":20,"enemies":"Lagavulin","floor":13,"turns":5},{"damage":17,"enemies":"Exordium Wildlife","floor":14,"turns":4},{"damage":15,"enemies":"Hexaghost","floor":16,"turns":8},{"damage":29,"enemies":"2 Thieves","floor":18,"turns":4},{"damage":3,"enemies":"Chosen","floor":19,"turns":4},{"damage":24,"enemies":"Snake Plant","floor":21,"turns":4},{"damage":23,"enemies":"Book of Stabbing","floor":24,"turns":7},{"damage":8,"enemies":"3 Cultists","floor":27,"turns":6},{"damage":28,"enemies":"Slavers","floor":28,"turns":5}],"seed_played":"-3569409862794311606","potions_obtained":[{"floor":2,"key":"AttackPotion"},{"floor":7,"key":"PowerPotion"},{"floor":11,"key":"FocusPotion"},{"floor":13,"key":"Strength Potion"},{"floor":18,"key":"Ancient Potion"}],"is_trial":false,"path_per_floor":["M","M","M","$","?","R","M","M","T","M","E","R","E","M","R","B",null,"M","M","$","M","$","R","E","R","T","M","E"],"character_chosen":"DEFECT","items_purchased":["DataDisk","Capacitor","Hologram"],"campfire_rested":4,"item_purchase_floors":[20,20,22],"current_hp_per_floor":[71,59,59,59,48,48,37,28,28,27,19,42,22,5,28,13,62,33,30,30,6,6,29,6,29,29,21,0],"gold":109,"neow_bonus":"TEN_PERCENT_HP_BONUS","is_prod":false,"is_daily":false,"chose_seed":false,"campfire_upgraded":1,"win_rate":0,"timestamp":1555807361,"path_taken":["M","M","M","$","?","R","M","M","T","M","E","R","E","M","R","BOSS","M","M","$","M","$","R","E","R","T","M","E"],"build_version":"2019-01-23","purchased_purges":1,"victory":false,"max_hp_per_floor":[78,78,78,78,78,78,78,78,78,78,78,78,78,78,78,78,78,78,78,78,78,78,78,78,78,78,78,78],"card_choices":[{"not_picked":["Streamline","Double Energy"],"picked":"FTL","floor":1},{"not_picked":["Gash","Streamline"],"picked":"Ball Lightning","floor":2},{"not_picked":["Tempest","Hologram"],"picked":"Loop","floor":3},{"not_picked":["Coolheaded","Rip and Tear"],"picked":"Ball Lightning","floor":7},{"not_picked":["Buffer","Stack"],"picked":"Reinforced Body","floor":8},{"not_picked":["Leap","Storm"],"picked":"Sweeping Beam","floor":10},{"not_picked":["Ball Lightning","Hologram"],"picked":"Consume","floor":11},{"not_picked":["Hello World","Melter"],"picked":"Ball Lightning","floor":13},{"not_picked":["Tempest","Sweeping Beam"],"picked":"Genetic Algorithm","floor":14},{"not_picked":["Reboot","Hyperbeam"],"picked":"Echo Form","floor":16},{"not_picked":["Rip and Tear","Chaos"],"picked":"White Noise+1","floor":18},{"not_picked":["Turbo","Steam+1"],"picked":"Coolheaded+1","floor":19},{"not_picked":["Heatsinks","Beam Cell","Go for the Eyes"],"picked":"SKIP","floor":21},{"not_picked":["Ball Lightning+1","Leap"],"picked":"Coolheaded","floor":24},{"not_picked":["Ball Lightning+1","Turbo"],"picked":"Genetic Algorithm","floor":27}],"player_experience":736824,"relics_obtained":[{"floor":9,"key":"Bag of Preparation"},{"floor":11,"key":"Pen Nib"},{"floor":13,"key":"Ice Cream"},{"floor":24,"key":"Molten Egg 2"},{"floor":26,"key":"Oddly Smooth Stone"}],"event_choices":[{"damage_healed":0,"gold_gain":0,"player_choice":"Success","damage_taken":11,"relics_obtained":["Darkstone Periapt"],"max_hp_gain":0,"max_hp_loss":0,"event_name":"Scrap Ooze","floor":5,"gold_loss":0}],"is_beta":false,"boss_relics":[{"not_picked":["Eternal Feather","White Beast Statue"],"picked":"Nuclear Battery"}],"items_purged_floors":[4],"is_endless":false,"potions_floor_spawned":[2,7,11,13,18,19,21],"killed_by":"Slavers","ascension_level":20}