{"gold_per_floor":[216,291,80,80,80,80,92,92,92,18,52,52,65,76,76,172,172,190,34,44,44,44,44,70,70,97,97,129,129,129],"floor_reached":30,"playtime":1250,"items_purged":[],"score":328,"play_id":"9d1a8e56-acb0-4958-9afd-22039fcbbb6a","local_time":"20190821161658","is_ascension_mode":true,"campfire_choices":[{"data":"Shockwave","floor":6,"key":"SMITH"},{"data":"Pommel Strike","floor":12,"key":"SMITH"},{"data":"Metallicize","floor":15,"key":"SMITH"},{"data":"Shame","floor":23,"key":"PURGE"},{"data":"Bludgeon","floor":25,"key":"SMITH"},{"data":"RitualDagger","floor":27,"key":"SMITH"}],"neow_cost":"NONE","seed_source_timestamp":107779878333336,"circlet_count":0,"master_deck":["Strike_R+1","Strike_R","Strike_R","Strike_R+1","Strike_R","Defend_R","Defend_R","Defend_R","Defend_R","Bash","Shockwave+1","Shrug It Off+1","Dramatic Entrance","Metallicize+1","Pommel Strike+1","Dropkick","Dropkick","Bludgeon+1","Armaments+1","Perfected Strike+1","RitualDagger+1"],"relics":["Black Blood","Centennial Puzzle","Kunai","Peace Pipe","Vajra","Dream Catcher","Boot","Anchor","Bag of Marbles","Juzu Bracelet"],"potions_floor_usage":[28,28,30],"damage_taken":[{"damage":14,"enemies":"2 Louse","floor":1,"turns":3},{"damage":3,"enemies":"Jaw Worm","floor":7,"turns":4},{"damage":3,"enemies":"Lagavulin","floor":11,"turns":7},{"damage":0,"enemies":"Small Slimes","floor":13,"turns":3},{"damage":8,"enemies":"Looter","floor":14,"turns":2},{"damage":7,"enemies":"The Guardian","floor":16,"turns":13},{"damage":0,"enemies":"Chosen","floor":18,"turns":3},{"damage":20,"enemies":"Shell Parasite","floor":20,"turns":5},{"damage":32,"enemies":"Slavers","floor":24,"turns":8},{"damage":29,"enemies":"Gremlin Leader","floor":28,"turns":7},{"damage":30,"enemies":"Slavers","floor":30,"turns":3}],"seed_played":"-5040619884561804328","potions_obtained":[{"floor":7,"key":"Block Potion"},{"floor":11,"key":"PowerPotion"},{"floor":16,"key":"LiquidBronze"},{"floor":28,"key":"PowerPotion"}],"is_trial":false,"path_per_floor":["M","?","$","?","?","R","M","?","T","$","E","R","M","M","R","B",null,"M","$","M","?","?","R","E","R","T","R","E","?","E"],"character_chosen":"IRONCLAD","items_purchased":["Shrug It Off","Dramatic Entrance","Metallicize","Dropkick","Vajra"],"campfire_rested":0,"item_purchase_floors":[3,3,3,10,19],"current_hp_per_floor":[72,61,61,45,42,42,45,45,45,45,48,48,54,52,52,51,73,80,80,70,70,64,64,42,42,42,42,23,23,0],"gold":129,"neow_bonus":"HUNDRED_GOLD","is_prod":false,"is_daily":false,"chose_seed":false,"campfire_upgraded":5,"win_rate":0,"timestamp":1566397018,"path_taken":["M","?","$","?","?","R","M","?","T","?","E","R","?","M","R","BOSS","M","$","M","?","?","R","E","R","T","R","E","?","E"],"build_version":"2019-07-17","purchased_purges":0,"victory":false,"max_hp_per_floor":[80,80,80,80,80,80,80,80,80,80,80,80,80,80,80,80,80,80,80,80,80,80,80,80,80,80,80,80,80,80],"card_choices":[{"not_picked":["Sword Boomerang","Cleave"],"picked":"Shockwave","floor":1},{"not_picked":["Clash","Wild Strike"],"picked":"Pommel Strike","floor":7},{"not_picked":["Cleave","Disarm","Intimidate"],"picked":"SKIP","floor":11},{"not_picked":["Cleave","Pommel Strike"],"picked":"Dropkick","floor":13},{"not_picked":["Cleave","Evolve","Blood for Blood"],"picked":"SKIP","floor":14},{"not_picked":["Berserk","Immolate"],"picked":"Bludgeon","floor":16},{"not_picked":["Body Slam","Clash+1"],"picked":"Armaments+1","floor":18},{"not_picked":["Twin Strike","Armaments"],"picked":"Perfected Strike+1","floor":20},{"not_picked":["Ghostly Armor","Reckless Charge","Evolve"],"picked":"SKIP","floor":24},{"not_picked":["Rage","Exhume","Bloodletting"],"picked":"SKIP","floor":28}],"player_experience":313416,"relics_obtained":[{"floor":9,"key":"Kunai"},{"floor":11,"key":"Peace Pipe"},{"floor":24,"key":"Boot"},{"floor":26,"key":"Anchor"},{"floor":28,"key":"Bag of Marbles"}],"event_choices":[{"damage_healed":0,"gold_gain":75,"player_choice":"Gather Gold","damage_taken":11,"max_hp_gain":0,"max_hp_loss":0,"event_name":"World of Goop","floor":2,"gold_loss":0},{"damage_healed":0,"gold_gain":0,"player_choice":"Entered Light","damage_taken":16,"max_hp_gain":0,"max_hp_loss":0,"event_name":"Shining Light","floor":4,"gold_loss":0,"cards_upgraded":["Strike_R","Strike_R"]},{"damage_healed":0,"gold_gain":0,"player_choice":"Success","damage_taken":3,"relics_obtained":["Centennial Puzzle"],"max_hp_gain":0,"max_hp_loss":0,"event_name":"Scrap Ooze","floor":5,"gold_loss":0},{"damage_healed":0,"gold_gain":0,"player_choice":"Grow","damage_taken":0,"max_hp_gain":0,"max_hp_loss":0,"event_name":"Living Wall","floor":8,"gold_loss":0,"cards_upgraded":["Shrug It Off"]},{"damage_healed":0,"gold_gain":0,"player_choice":"Stole Relic","damage_taken":0,"relics_obtained":["Dream Catcher"],"max_hp_gain":0,"max_hp_loss":0,"event_name":"Addict","floor":21,"gold_loss":0,"cards_obtained":["Shame"]},{"damage_healed":0,"gold_gain":0,"player_choice":"Joined the Cult","damage_taken":6,"max_hp_gain":0,"max_hp_loss":0,"event_name":"Nest","floor":22,"gold_loss":0,"cards_obtained":["RitualDagger"]},{"damage_healed":0,"gold_gain":0,"player_choice":"Opened","damage_taken":0,"relics_obtained":["Juzu Bracelet"],"max_hp_gain":0,"max_hp_loss":0,"event_name":"The Mausoleum","floor":29,"gold_loss":0}],"is_beta":false,"boss_relics":[{"not_picked":["Tiny House","Runic Cube"],"picked":"Black Blood"}],"items_purged_floors":[],"is_endless":false,"potions_floor_spawned":[7,11,16,28],"killed_by":"Slavers","ascension_level":5}