{"gold_per_floor":[114,126,136,148,168,168,201,221,244,75,75,93,118,43,43,120,120,134,151,51,51,51,51,83,83,83,113,129,160,173,185,185,262,262,281,281,296,311,330,359,279,308,332,358,407,407,198,210,210,210,210,210,210,72,103,103],"floor_reached":56,"playtime":3651,"items_purged":["Pain","Strike_R","Anger"],"score":2143,"play_id":"5ca7b78d-065c-47d7-a01c-a6ddbd4e62a4","local_time":"20190606230451","is_ascension_mode":true,"campfire_choices":[{"data":"Bash","floor":6,"key":"SMITH"},{"data":"Inflame","floor":15,"key":"SMITH"},{"data":"Spot Weakness","floor":23,"key":"SMITH"},{"data":"True Grit","floor":25,"key":"SMITH"},{"data":"Corruption","floor":32,"key":"SMITH"},{"floor":46,"key":"RECALL"},{"data":"Inflame","floor":49,"key":"SMITH"},{"data":"Metallicize","floor":53,"key":"SMITH"}],"neow_cost":"NONE","seed_source_timestamp":1297333283903131,"circlet_count":0,"master_deck":["AscendersBane","Defend_R","Defend_R","Defend_R","Defend_R","Bash+1","True Grit+1","Shockwave","Cleave","Reaper","Spot Weakness+1","Inflame+1","Twin Strike","Double Tap","Shrug It Off","Twin Strike+1","Heavy Blade","Bite","Bite","Bite","Bite","Bite","Shrug It Off+1","Corruption+1","Burning Pact","True Grit","Offering","Heavy Blade","Battle Trance","Reaper","Immolate+1","True Grit+1","Inflame+1","Pommel Strike+1","Reaper+1","Metallicize+1","Headbutt+1","Shrug It Off","Metallicize","Entrench","Shrug It Off","Inflame"],"relics":["Burning Blood","Anchor","Letter Opener","Bag of Preparation","Lantern","WarpedTongs","Prayer Wheel","Coffee Dripper","Bag of Marbles","Mummified Hand","Ancient Tea Set","Dodecahedron","Runic Pyramid","Calipers","Blood Vial","Whetstone","Champion Belt","Art of War"],"potions_floor_usage":[16,24,24,51,56],"damage_taken":[{"damage":9,"enemies":"Jaw Worm","floor":1,"turns":5},{"damage":1,"enemies":"Cultist","floor":2,"turns":4},{"damage":10,"enemies":"Small Slimes","floor":3,"turns":5},{"damage":0,"enemies":"2 Fungi Beasts","floor":4,"turns":4},{"damage":7,"enemies":"Red Slaver","floor":5,"turns":5},{"damage":53,"enemies":"Gremlin Nob","floor":7,"turns":5},{"damage":12,"enemies":"Blue Slaver","floor":8,"turns":5},{"damage":6,"enemies":"2 Fungi Beasts","floor":12,"turns":3},{"damage":22,"enemies":"Lagavulin","floor":13,"turns":6},{"damage":19,"enemies":"Slime Boss","floor":16,"turns":7},{"damage":32,"enemies":"Shell Parasite","floor":18,"turns":5},{"damage":4,"enemies":"Chosen","floor":19,"turns":3},{"damage":36,"enemies":"Book of Stabbing","floor":24,"turns":5},{"damage":0,"enemies":"Gremlin Leader","floor":27,"turns":2},{"damage":0,"enemies":"Snake Plant","floor":28,"turns":2},{"damage":26,"enemies":"Slavers","floor":29,"turns":6},{"damage":0,"enemies":"Centurion and Healer","floor":30,"turns":4},{"damage":12,"enemies":"Shelled Parasite and Fungi","floor":31,"turns":3},{"damage":48,"enemies":"Automaton","floor":33,"turns":7},{"damage":0,"enemies":"3 Darklings","floor":35,"turns":3},{"damage":6,"enemies":"Orb Walker","floor":37,"turns":1},{"damage":33,"enemies":"Spire Growth","floor":38,"turns":4},{"damage":2,"enemies":"Writhing Mass","floor":39,"turns":5},{"damage":24,"enemies":"Reptomancer","floor":40,"turns":4},{"damage":31,"enemies":"Nemesis","floor":42,"turns":5},{"damage":40,"enemies":"Reptomancer","floor":44,"turns":5},{"damage":0,"enemies":"2 Orb Walkers","floor":45,"turns":1},{"damage":21,"enemies":"Maw","floor":48,"turns":6},{"damage":104,"enemies":"Donu and Deca","floor":50,"turns":9},{"damage":77,"enemies":"Time Eater","floor":51,"turns":12},{"damage":70,"enemies":"Shield and Spear","floor":55,"turns":5},{"damage":80,"enemies":"The Heart","floor":56,"turns":3}],"seed_played":"3896547559584179935","potions_obtained":[{"floor":4,"key":"EssenceOfSteel"},{"floor":7,"key":"Weak Potion"},{"floor":16,"key":"AttackPotion"},{"floor":27,"key":"LiquidBronze"},{"floor":30,"key":"SpeedPotion"},{"floor":31,"key":"EssenceOfSteel"},{"floor":33,"key":"SteroidPotion"},{"floor":45,"key":"PowerPotion"}],"is_trial":false,"path_per_floor":["M","M","M","M","M","R","E","M","T","$","?","M","E","$","R","B",null,"M","M","$","?","?","R","E","R","T","E","M","E","M","M","R","B",null,"M","?","M","M","M","E","$","E","T","E","?","R","$","M","R","B","B",null,"R","$","E","B"],"character_chosen":"IRONCLAD","items_purchased":["Lantern","Metallicize","Metallicize","Shrug It Off","Regen Potion"],"campfire_rested":0,"item_purchase_floors":[10,41,47,54,54],"current_hp_per_floor":[65,70,66,72,71,71,28,26,26,26,26,42,36,36,36,39,66,56,75,75,75,52,52,24,24,24,37,50,52,52,52,52,17,43,52,52,52,52,52,52,52,52,52,52,52,52,52,52,52,49,52,52,52,52,52,0],"gold":103,"neow_bonus":"RANDOM_COMMON_RELIC","is_prod":false,"is_daily":false,"chose_seed":false,"campfire_upgraded":7,"win_rate":0,"timestamp":1559876691,"path_taken":["M","M","M","M","M","R","E","M","T","$","?","M","E","$","R","BOSS","M","M","$","?","?","R","E","R","T","E","M","E","M","M","R","BOSS","M","?","?","M","M","E","?","E","T","E","?","R","$","M","R","BOSS","BOSS","R","$","E","BOSS"],"build_version":"2019-01-23","purchased_purges":3,"victory":false,"max_hp_per_floor":[75,75,75,75,75,75,75,75,75,75,75,75,75,75,75,75,75,75,75,75,75,52,52,52,52,52,52,52,52,52,52,52,52,52,52,52,52,52,52,52,52,52,52,52,52,52,52,52,52,52,52,52,52,52,52,52],"card_choices":[{"not_picked":["Sword Boomerang","Wild Strike"],"picked":"True Grit","floor":1},{"not_picked":["Twin Strike","Corruption"],"picked":"Shockwave","floor":2},{"not_picked":["Iron Wave","Pommel Strike"],"picked":"Anger","floor":3},{"not_picked":["Corruption","Wild Strike"],"picked":"Cleave","floor":4},{"not_picked":["Sword Boomerang","Evolve"],"picked":"Reaper","floor":5},{"not_picked":["Flame Barrier","Heavy Blade"],"picked":"Spot Weakness","floor":7},{"not_picked":["Pommel Strike","Thunderclap","Clothesline"],"picked":"SKIP","floor":8},{"not_picked":["Clothesline","Pommel Strike"],"picked":"Inflame","floor":12},{"not_picked":["Warcry","Searing Blow"],"picked":"Twin Strike","floor":13},{"not_picked":["Barricade","Bludgeon"],"picked":"Double Tap","floor":16},{"not_picked":["Heavy Blade","Uppercut"],"picked":"Shrug It Off","floor":18},{"not_picked":["Flex","Pommel Strike"],"picked":"Twin Strike+1","floor":18},{"not_picked":["Sword Boomerang","Combust+1"],"picked":"Heavy Blade","floor":19},{"not_picked":["Seeing Red","Burning Pact","Twin Strike"],"picked":"SKIP","floor":19},{"not_picked":["Perfected Strike","Fiend Fire"],"picked":"Shrug It Off+1","floor":24},{"not_picked":["Pummel","Anger"],"picked":"Corruption","floor":27},{"not_picked":["Seeing Red","Rage","Havoc+1"],"picked":"SKIP","floor":28},{"not_picked":["Pummel","Combust","Heavy Blade"],"picked":"SKIP","floor":28},{"not_picked":["Sword Boomerang","Thunderclap","Seeing Red"],"picked":"SKIP","floor":29},{"not_picked":["Flex","Rupture+1"],"picked":"Burning Pact","floor":30},{"not_picked":["Clash","Heavy Blade"],"picked":"True Grit","floor":30},{"not_picked":["Twin Strike","Clothesline","Seeing Red"],"picked":"SKIP","floor":31},{"not_picked":["Anger","Armaments","Carnage"],"picked":"SKIP","floor":31},{"not_picked":["Brutality","Bludgeon"],"picked":"Offering","floor":33},{"not_picked":["Corruption","Flex"],"picked":"Heavy Blade","floor":35},{"not_picked":["Sword Boomerang","Sever Soul"],"picked":"Battle Trance","floor":35},{"not_picked":["Sword Boomerang","Ghostly Armor"],"picked":"Immolate","floor":37},{"not_picked":["Thunderclap","Clothesline"],"picked":"True Grit+1","floor":37},{"not_picked":["Warcry","Wild Strike"],"picked":"Inflame","floor":38},{"not_picked":["Armaments","Perfected Strike+1","Anger"],"picked":"SKIP","floor":38},{"not_picked":["Wild Strike+1","Perfected Strike"],"picked":"Pommel Strike+1","floor":39},{"not_picked":["Havoc","Blood for Blood","Cleave"],"picked":"SKIP","floor":39},{"not_picked":["Headbutt+1","Bloodletting+1"],"picked":"Reaper","floor":40},{"not_picked":["Uppercut","Pommel Strike"],"picked":"Headbutt+1","floor":42},{"not_picked":["Havoc+1","True Grit"],"picked":"Shrug It Off","floor":44},{"not_picked":["Anger","Perfected Strike"],"picked":"Entrench","floor":48},{"not_picked":["True Grit","Clothesline","Body Slam"],"picked":"SKIP","floor":48},{"not_picked":["Uppercut","Iron Wave"],"picked":"Inflame","floor":55}],"player_experience":909827,"relics_obtained":[{"floor":7,"key":"Letter Opener"},{"floor":9,"key":"Bag of Preparation"},{"floor":13,"key":"Prayer Wheel"},{"floor":24,"key":"Bag of Marbles"},{"floor":26,"key":"Mummified Hand"},{"floor":27,"key":"Ancient Tea Set"},{"floor":29,"key":"Dodecahedron"},{"floor":40,"key":"Calipers"},{"floor":42,"key":"Blood Vial"},{"floor":44,"key":"Whetstone"},{"floor":45,"key":"Champion Belt"},{"floor":55,"key":"Art of War"}],"event_choices":[{"damage_healed":0,"gold_gain":0,"player_choice":"Rummage","damage_taken":0,"relics_obtained":["WarpedTongs"],"max_hp_gain":0,"max_hp_loss":0,"event_name":"Accursed Blacksmith","floor":11,"gold_loss":0,"cards_obtained":["Pain"]},{"damage_healed":0,"gold_gain":0,"player_choice":"Ignored","damage_taken":0,"max_hp_gain":0,"max_hp_loss":0,"event_name":"The Mausoleum","floor":21,"gold_loss":0},{"damage_healed":0,"gold_gain":0,"player_choice":"Became a vampire","damage_taken":0,"max_hp_gain":0,"max_hp_loss":23,"event_name":"Vampires","floor":22,"gold_loss":0,"cards_obtained":["Bite","Bite","Bite","Bite","Bite"]},{"damage_healed":0,"gold_gain":0,"player_choice":"Copied","damage_taken":0,"max_hp_gain":0,"max_hp_loss":0,"event_name":"Duplicator","floor":36,"gold_loss":0,"cards_obtained":["Reaper"]},{"damage_healed":0,"gold_gain":0,"player_choice":"Fight","damage_taken":0,"max_hp_gain":0,"max_hp_loss":0,"event_name":"Mysterious Sphere","floor":45,"gold_loss":0}],"is_beta":false,"boss_relics":[{"not_picked":["Lizard Tail","Calling Bell"],"picked":"Coffee Dripper"},{"not_picked":["Black Blood","Black Star"],"picked":"Runic Pyramid"}],"items_purged_floors":[14,20,47],"is_endless":false,"potions_floor_spawned":[4,7,12,13,16,27,30,31,33,38,40,44,45,48],"killed_by":"The Heart","ascension_level":20}