{"gold_per_floor":[117,117,135,135,151,151,162,192,192,192,68,83,83,99,99,202,202,216,141,141,153,166,196,50,50,50,68,68,68,100,118,118,118],"floor_reached":33,"playtime":2042,"items_purged":["Defend_R"],"score":387,"play_id":"a1937125-535b-4843-ad51-765aca151e35","local_time":"20190924223244","is_ascension_mode":true,"campfire_choices":[{"data":"Pommel Strike","floor":6,"key":"SMITH"},{"data":"Uppercut","floor":13,"key":"SMITH"},{"data":"Shrug It Off","floor":15,"key":"SMITH"},{"floor":29,"key":"REST"},{"floor":32,"key":"REST"}],"neow_cost":"NONE","seed_source_timestamp":129434247833200,"circlet_count":0,"master_deck":["Strike_R","Strike_R","Defend_R","Defend_R","Bash","Pommel Strike+1","Infernal Blade","Sentinel","Warcry","Clothesline","Shrug It Off+1","Uppercut+1","Seeing Red","Feed","Infernal Blade+1","Shrug It Off+1","Armaments+1","Carnage+1","Seeing Red","Pummel","Inflame","Body Slam+1","Shrug It Off+1","Burning Pact"],"relics":["Burning Blood","Omamori","Matryoshka","Centennial Puzzle","Mercury Hourglass","Empty Cage","Question Card","PreservedInsect","Molten Egg 2","Gremlin Horn"],"potions_floor_usage":[8,8,22,22,23,33],"damage_taken":[{"damage":1,"enemies":"Cultist","floor":1,"turns":3},{"damage":7,"enemies":"Jaw Worm","floor":3,"turns":4},{"damage":7,"enemies":"2 Louse","floor":5,"turns":3},{"damage":6,"enemies":"2 Fungi Beasts","floor":7,"turns":4},{"damage":46,"enemies":"Lagavulin","floor":8,"turns":6},{"damage":0,"enemies":"Looter","floor":12,"turns":3},{"damage":5,"enemies":"Gremlin Gang","floor":14,"turns":4},{"damage":29,"enemies":"Slime Boss","floor":16,"turns":11},{"damage":25,"enemies":"3 Byrds","floor":18,"turns":6},{"damage":3,"enemies":"Chosen","floor":21,"turns":4},{"damage":41,"enemies":"Sentry and Sphere","floor":22,"turns":8},{"damage":36,"enemies":"Book of Stabbing","floor":23,"turns":6},{"damage":7,"enemies":"Cultist and Chosen","floor":27,"turns":7},{"damage":26,"enemies":"Slavers","floor":30,"turns":5},{"damage":21,"enemies":"Chosen and Byrds","floor":31,"turns":5},{"damage":69,"enemies":"Automaton","floor":33,"turns":6}],"seed_played":"2154125402323479448","potions_obtained":[{"floor":1,"key":"SpeedPotion"},{"floor":3,"key":"PowerPotion"},{"floor":8,"key":"Swift Potion"},{"floor":18,"key":"Block Potion"},{"floor":21,"key":"BloodPotion"},{"floor":27,"key":"Energy Potion"},{"floor":31,"key":"Fire Potion"}],"is_trial":false,"path_per_floor":["M","T","M","?","M","R","M","E","T","?","$","M","R","M","R","B",null,"M","?","?","M","M","E","$","?","T","M","$","R","E","M","R","B"],"character_chosen":"IRONCLAD","items_purchased":["Shrug It Off","Pummel","Inflame"],"campfire_rested":2,"item_purchase_floors":[11,24,24],"current_hp_per_floor":[77,77,76,76,75,75,75,35,35,35,35,41,41,42,42,19,65,49,49,49,52,41,15,15,15,15,17,17,44,24,9,36,0],"gold":118,"neow_bonus":"THREE_CARDS","is_prod":false,"is_daily":false,"chose_seed":false,"campfire_upgraded":3,"win_rate":0,"timestamp":1569357164,"path_taken":["M","?","?","?","M","R","M","E","T","?","$","M","R","M","R","BOSS","M","?","?","M","?","E","$","?","T","M","$","R","E","M","R","BOSS"],"build_version":"2019-07-17","purchased_purges":1,"victory":false,"max_hp_per_floor":[80,80,80,80,80,80,80,80,80,80,80,80,80,80,80,80,80,83,83,83,83,86,90,90,90,90,93,93,93,93,93,93,93],"card_choices":[{"not_picked":["Clash","Twin Strike"],"picked":"Pommel Strike","floor":0},{"not_picked":["True Grit","Dropkick"],"picked":"Infernal Blade","floor":1},{"not_picked":["Twin Strike","Armaments"],"picked":"Sentinel","floor":3},{"not_picked":["Cleave","Twin Strike"],"picked":"Warcry","floor":5},{"not_picked":["Cleave","Reckless Charge","Rupture"],"picked":"SKIP","floor":7},{"not_picked":["Reckless Charge","Iron Wave"],"picked":"Clothesline","floor":8},{"not_picked":["Thunderclap","Hemokinesis"],"picked":"Uppercut","floor":12},{"not_picked":["Armaments","Clothesline"],"picked":"Seeing Red","floor":14},{"not_picked":["Dark Embrace","Fiend Fire"],"picked":"Feed","floor":16},{"not_picked":["Battle Trance","Sword Boomerang"],"picked":"Infernal Blade+1","floor":18},{"not_picked":["Flex","Heavy Blade"],"picked":"Armaments+1","floor":21},{"not_picked":["Armaments+1","Combust"],"picked":"Carnage+1","floor":22},{"not_picked":["Headbutt","Infernal Blade"],"picked":"Seeing Red","floor":23},{"not_picked":["True Grit","Limit Break","Searing Blow+1"],"picked":"Body Slam+1","floor":27},{"not_picked":["Dual Wield","Fire Breathing+1","Dropkick+1"],"picked":"Shrug It Off+1","floor":30},{"not_picked":["Headbutt+1","Reckless Charge+1","Anger+1"],"picked":"Burning Pact","floor":31}],"player_experience":377760,"relics_obtained":[{"floor":2,"key":"Omamori"},{"floor":8,"key":"Matryoshka"},{"floor":9,"key":"Centennial Puzzle"},{"floor":9,"key":"Mercury Hourglass"},{"floor":23,"key":"Question Card"},{"floor":26,"key":"PreservedInsect"},{"floor":26,"key":"Molten Egg 2"},{"floor":30,"key":"Gremlin Horn"}],"event_choices":[{"cards_removed":["Strike_R"],"damage_healed":0,"gold_gain":0,"player_choice":"Forget","damage_taken":0,"max_hp_gain":0,"max_hp_loss":0,"event_name":"Living Wall","floor":4,"gold_loss":0},{"damage_healed":0,"gold_gain":0,"player_choice":"Ignored","damage_taken":0,"max_hp_gain":0,"max_hp_loss":0,"event_name":"Shining Light","floor":10,"gold_loss":0},{"cards_removed":["Strike_R"],"damage_healed":0,"gold_gain":0,"player_choice":"Gave Gold","damage_taken":0,"max_hp_gain":0,"max_hp_loss":0,"event_name":"Beggar","floor":19,"gold_loss":75},{"damage_healed":0,"gold_gain":0,"player_choice":"Copied","damage_taken":0,"max_hp_gain":0,"max_hp_loss":0,"event_name":"Duplicator","floor":20,"gold_loss":0,"cards_obtained":["Shrug It Off"]},{"damage_healed":0,"gold_gain":0,"player_choice":"Cursed","damage_taken":0,"max_hp_gain":0,"max_hp_loss":0,"event_name":"Wheel of Change","floor":25,"gold_loss":0,"cards_obtained":["Decay"]}],"is_beta":false,"boss_relics":[{"not_picked":["Runic Cube","Runic Pyramid"],"picked":"Empty Cage"}],"items_purged_floors":[11],"is_endless":false,"potions_floor_spawned":[1,3,8,18,21,27,31],"killed_by":"Automaton","ascension_level":7}