{"gold_per_floor":[115,115,126,141,69,101,101,434,434,452,452,471,502,502,502,601,601,511,511,360,360,380,407,163,175,202,202,7,7,35,53,53,53],"floor_reached":33,"playtime":3731,"items_purged":["Strike_B","Defend_B"],"score":376,"play_id":"0d857c58-6762-46ab-8bb4-7314c7a206a5","local_time":"20180905205943","is_ascension_mode":true,"campfire_choices":[{"data":"Zap","floor":7.0,"key":"SMITH"},{"data":"Dualcast","floor":11.0,"key":"SMITH"},{"floor":15.0,"key":"REST"},{"floor":29.0,"key":"REST"},{"data":"Apotheosis","floor":32,"key":"SMITH"}],"neow_cost":"","seed_source_timestamp":0,"circlet_count":0,"master_deck":["Defend_B","Defend_B","Defend_B","Zap+1","Dualcast+1","Go for the Eyes","Stack","Biased Cognition","Cold Snap","Self Repair","Capacitor","Coolheaded","Conserve Battery","Reboot","All For One","Glacier","RitualDagger","Defragment","Glacier","Conserve Battery","Defragment","Apotheosis+1","Hologram+1"],"special_seed":0,"relics":["Cracked Core","Emotion Chip","Old Coin","Torii","Oddly Smooth Stone","Runic Dome","Cables","Happy Flower","Nloth\u0027s Gift","Strawberry"],"potions_floor_usage":[],"damage_taken":[{"damage":7.0,"enemies":"Jaw Worm","floor":1.0,"turns":3.0},{"damage":0.0,"enemies":"Cultist","floor":3.0,"turns":3.0},{"damage":2.0,"enemies":"2 Louse","floor":4.0,"turns":2.0},{"damage":38.0,"enemies":"Gremlin Nob","floor":6.0,"turns":6.0},{"damage":6.0,"enemies":"Lagavulin","floor":8.0,"turns":8.0},{"damage":0.0,"enemies":"Looter","floor":10.0,"turns":3.0},{"damage":0.0,"enemies":"Exordium Wildlife","floor":12.0,"turns":4.0},{"damage":24.0,"enemies":"Gremlin Nob","floor":13.0,"turns":5.0},{"damage":16.0,"enemies":"Slime Boss","floor":16.0,"turns":18.0},{"damage":25.0,"enemies":"2 Thieves","floor":18.0,"turns":5.0},{"damage":1.0,"enemies":"3 Byrds","floor":22.0,"turns":6.0},{"damage":16.0,"enemies":"Book of Stabbing","floor":23.0,"turns":13.0},{"damage":19.0,"enemies":"3 Cultists","floor":25.0,"turns":10.0},{"damage":18.0,"enemies":"Gremlin Leader","floor":30.0,"turns":10.0},{"damage":0,"enemies":"Centurion and Healer","floor":31,"turns":9},{"damage":78,"enemies":"Collector","floor":33,"turns":7}],"seed_played":"1945341243622410680","potions_obtained":[{"floor":3.0,"key":"Block Potion"},{"floor":8.0,"key":"SpeedPotion"},{"floor":10.0,"key":"SpeedPotion"},{"floor":13.0,"key":"Weak Potion"},{"floor":16.0,"key":"Dexterity Potion"},{"floor":23.0,"key":"SteroidPotion"},{"floor":25.0,"key":"EntropicBrew"},{"floor":31,"key":"Block Potion"}],"is_trial":false,"path_per_floor":["M","?","M","M","$","E","R","E","T","M","R","M","E","?","R","B",null,"M","?","$","?","M","E","$","M","T","?","$","R","E","M","R"],"character_chosen":"DEFECT","items_purchased":["Self Repair","Defragment","Happy Flower","Apotheosis"],"campfire_rested":2,"item_purchase_floors":[5,20,24,28],"current_hp_per_floor":[68,68,68,66,66,35,35,36,36,43,43,50,33,26,48,39,66,48,42,42,42,48,39,39,27,27,27,27,49,48,58,58,0],"gold":53,"neow_bonus":"","is_prod":false,"is_daily":false,"chose_seed":false,"campfire_upgraded":3,"win_rate":0,"timestamp":1536199183,"path_taken":["M","?","M","M","$","E","R","E","T","M","R","M","E","?","R","BOSS","M","?","?","?","?","E","$","M","T","?","$","R","E","M","R","BOSS"],"build_version":"2018-08-30","purchased_purges":2,"victory":false,"max_hp_per_floor":[75,75,75,75,75,75,75,75,75,75,75,75,75,75,75,75,75,75,75,75,75,75,75,75,75,75,75,75,75,82,82,82,82],"card_choices":[{"not_picked":["Turbo","Doom and Gloom"],"picked":"Go for the Eyes","floor":1.0},{"not_picked":["Rebound","Cold Snap"],"picked":"Biased Cognition","floor":3.0},{"not_picked":["Conserve Battery","Streamline"],"picked":"Cold Snap","floor":4.0},{"not_picked":["Ball Lightning","Blizzard"],"picked":"Capacitor","floor":6.0},{"not_picked":["Steam Power","Streamline"],"picked":"Coolheaded","floor":8.0},{"not_picked":["Darkness","Barrage"],"picked":"Conserve Battery","floor":10.0},{"not_picked":["Hologram","Compile Driver","Steam"],"picked":"SKIP","floor":12.0},{"not_picked":["Chaos","Melter"],"picked":"Reboot","floor":13.0},{"not_picked":["Hyperbeam","Meteor Strike"],"picked":"All For One","floor":16.0},{"not_picked":["BootSequence","Lockon"],"picked":"Glacier","floor":18.0},{"not_picked":["Capacitor+1","Stack"],"picked":"Glacier","floor":22.0},{"not_picked":["Lockon","Sweeping Beam"],"picked":"Conserve Battery","floor":23.0},{"not_picked":["Rebound+1","Sweeping Beam"],"picked":"Defragment","floor":25.0},{"not_picked":["Turbo","All For One","Barrage"],"picked":"SKIP","floor":30.0},{"not_picked":["Go for the Eyes","Rebound"],"picked":"Hologram+1","floor":31}],"player_experience":420725,"relics_obtained":[{"floor":6.0,"key":"Emotion Chip"},{"floor":8.0,"key":"Old Coin"},{"floor":9.0,"key":"Torii"},{"floor":13.0,"key":"Oddly Smooth Stone"},{"floor":23.0,"key":"Cables"},{"floor":26.0,"key":"Potion Belt"},{"floor":30.0,"key":"Strawberry"}],"event_choices":[{"event_name":"Transmorgrifier","player_choice":"Transform","floor":2.0,"damage_taken":0.0},{"event_name":"Golden Wing","player_choice":"Card Removal","floor":14.0,"damage_taken":0.0},{"event_name":"Nest","player_choice":"Joined the Cult","floor":19.0,"damage_taken":0.0},{"event_name":"Back to Basics","player_choice":"Elegance","floor":21.0,"damage_taken":0.0},{"event_name":"N\u0027loth","player_choice":"Traded a Potion Belt","floor":27.0,"damage_taken":0.0}],"is_beta":false,"boss_relics":[{"not_picked":["Inserter","Black Star"],"picked":"Runic Dome"}],"items_purged_floors":[20,24],"is_endless":false,"potions_floor_spawned":[3,8,10,13,16,23,25,31],"killed_by":"Collector","ascension_level":5}