{"gold_per_floor":[214,229,229,13,27,27,61,61,87,101,134,152,168,93,93,169,169,184,184,202,217,233,233,265,265,339,339,339,519,519,535,535,613,613,623,623,623,633,330,330],"floor_reached":40,"playtime":1761,"items_purged":[],"score":882,"play_id":"5a88a8e8-2563-40dc-91a2-04357b4a3b48","local_time":"20190407220016","is_ascension_mode":true,"campfire_choices":[{"data":"Melter","floor":6,"key":"SMITH"},{"floor":8,"key":"REST"},{"floor":15,"key":"REST"},{"floor":23,"key":"REST"},{"data":"Defragment","floor":28,"key":"SMITH"},{"floor":30,"key":"REST"},{"data":"Ghostly","floor":32,"key":"SMITH"}],"neow_cost":"NONE","seed_source_timestamp":37421245283754,"circlet_count":0,"master_deck":["AscendersBane","Strike_B+1","Strike_B+1","Defend_B+1","Defend_B+1","Defend_B+1","Defend_B+1","Zap","Dualcast","Recycle+1","Melter+1","Compile Driver","BootSequence","Gash","Defragment+1","Gash","Static Discharge","Rainbow","Electrodynamics","Coolheaded+1","Redo+1","Coolheaded","Darkness+1","Sweeping Beam+1","Ghostly","Ghostly","Ghostly+1","Core Surge+1","Hologram","Conserve Battery+1","Loop"],"relics":["Cracked Core","Regal Pillow","Vajra","DataDisk","Centennial Puzzle","Nuclear Battery","Molten Egg 2","MutagenicStrength","Eternal Feather","Medical Kit"],"potions_floor_usage":[7,24,24,24,40,40],"damage_taken":[{"damage":7,"enemies":"Jaw Worm","floor":1,"turns":4},{"damage":6,"enemies":"Cultist","floor":2,"turns":4},{"damage":3,"enemies":"Small Slimes","floor":5,"turns":3},{"damage":35,"enemies":"Lagavulin","floor":7,"turns":5},{"damage":0,"enemies":"Exordium Wildlife","floor":10,"turns":3},{"damage":40,"enemies":"3 Sentries","floor":11,"turns":8},{"damage":0,"enemies":"Looter","floor":12,"turns":2},{"damage":3,"enemies":"Large Slime","floor":13,"turns":4},{"damage":16,"enemies":"The Guardian","floor":16,"turns":8},{"damage":0,"enemies":"3 Byrds","floor":18,"turns":2},{"damage":3,"enemies":"Shell Parasite","floor":20,"turns":3},{"damage":28,"enemies":"Shelled Parasite and Fungi","floor":21,"turns":3},{"damage":8,"enemies":"Centurion and Healer","floor":22,"turns":5},{"damage":38,"enemies":"Gremlin Leader","floor":24,"turns":7},{"damage":0,"enemies":"Sentry and Sphere","floor":31,"turns":3},{"damage":5,"enemies":"Champ","floor":33,"turns":12},{"damage":0,"enemies":"Orb Walker","floor":35,"turns":4},{"damage":1,"enemies":"3 Shapes","floor":38,"turns":4},{"damage":38,"enemies":"Reptomancer","floor":40,"turns":2}],"seed_played":"5692810877704473695","potions_obtained":[{"floor":2,"key":"SteroidPotion"},{"floor":5,"key":"SpeedPotion"},{"floor":10,"key":"FocusPotion"},{"floor":12,"key":"EntropicBrew"},{"floor":31,"key":"FearPotion"},{"floor":33,"key":"Fire Potion"},{"floor":35,"key":"EssenceOfSteel"}],"is_trial":false,"path_per_floor":["M","M","?","$","M","R","E","R","T","M","E","M","M","?","R","B",null,"M","?","M","M","M","R","E","?","T","?","R","?","R","M","R","B",null,"M","?","?","M","$","E"],"character_chosen":"DEFECT","items_purchased":["Regal Pillow","Compile Driver","Medical Kit","Loop"],"campfire_rested":4,"item_purchase_floors":[4,4,39,39],"current_hp_per_floor":[57,51,51,51,48,48,13,49,49,49,9,9,6,6,42,26,60,60,60,57,29,21,57,19,19,19,19,19,1,26,26,26,21,32,32,32,32,31,31,0],"gold":330,"neow_bonus":"HUNDRED_GOLD","is_prod":false,"is_daily":false,"chose_seed":false,"campfire_upgraded":3,"win_rate":0,"timestamp":1554688816,"path_taken":["M","M","?","$","M","R","E","R","T","M","E","?","M","?","R","BOSS","M","?","M","M","M","R","E","?","T","?","R","?","R","M","R","BOSS","M","?","?","M","?","E"],"build_version":"2019-01-23","purchased_purges":0,"victory":false,"max_hp_per_floor":[71,71,71,71,71,71,71,71,71,71,71,71,71,71,71,71,71,71,71,71,71,71,71,71,35,35,35,35,35,35,35,35,35,35,35,35,35,35,35,35],"card_choices":[{"not_picked":["Stack","Tempest"],"picked":"Recycle","floor":1},{"not_picked":["Beam Cell","Barrage"],"picked":"Melter","floor":2},{"not_picked":["Rebound","Scrape"],"picked":"BootSequence","floor":5},{"not_picked":["Recycle","Stack"],"picked":"Gash","floor":7},{"not_picked":["Turbo","Leap"],"picked":"Defragment","floor":10},{"not_picked":["Compile Driver","Hologram"],"picked":"Gash","floor":11},{"not_picked":["Auto Shields","Go for the Eyes"],"picked":"Static Discharge","floor":12},{"not_picked":["Leap","BootSequence"],"picked":"Rainbow","floor":13},{"not_picked":["Rainbow","Reboot"],"picked":"Electrodynamics","floor":16},{"not_picked":["Melter","Rebound"],"picked":"Coolheaded+1","floor":18},{"not_picked":["Barrage","Self Repair"],"picked":"Redo+1","floor":20},{"not_picked":["Compile Driver","Turbo"],"picked":"Coolheaded","floor":21},{"not_picked":["Barrage","Beam Cell"],"picked":"Darkness+1","floor":22},{"not_picked":["Chaos+1","Rebound"],"picked":"Sweeping Beam","floor":24},{"not_picked":["Blizzard+1","Turbo","Sunder+1"],"picked":"SKIP","floor":31},{"not_picked":["Meteor Strike+1","Thunder Strike+1"],"picked":"Core Surge+1","floor":33},{"not_picked":["Reinforced Body","Self Repair+1"],"picked":"Hologram","floor":35},{"not_picked":["Cold Snap+1","Turbo"],"picked":"Conserve Battery+1","floor":38}],"player_experience":673878,"relics_obtained":[{"floor":7,"key":"Vajra"},{"floor":9,"key":"DataDisk"},{"floor":11,"key":"Centennial Puzzle"},{"floor":24,"key":"Molten Egg 2"}],"event_choices":[{"damage_healed":0,"gold_gain":0,"player_choice":"Upgraded","damage_taken":0,"max_hp_gain":0,"max_hp_loss":0,"event_name":"Upgrade Shrine","floor":3,"gold_loss":0,"cards_upgraded":["Recycle"]},{"cards_removed":["Strike_B"],"damage_healed":0,"gold_gain":0,"player_choice":"Card Removal","damage_taken":0,"max_hp_gain":0,"max_hp_loss":0,"event_name":"The Cleric","floor":14,"gold_loss":75},{"damage_healed":0,"gold_gain":0,"player_choice":"Simplicity","damage_taken":0,"max_hp_gain":0,"max_hp_loss":0,"event_name":"Back to Basics","floor":19,"gold_loss":0,"cards_upgraded":["Strike_B","Strike_B","Strike_B","Defend_B","Defend_B","Defend_B","Defend_B"]},{"damage_healed":0,"gold_gain":0,"player_choice":"Became a Ghost","damage_taken":0,"max_hp_gain":0,"max_hp_loss":36,"event_name":"Ghosts","floor":25,"gold_loss":0,"cards_obtained":["Ghostly","Ghostly","Ghostly"]},{"damage_healed":0,"gold_gain":0,"player_choice":"Inject Mutagens","damage_taken":0,"relics_obtained":["MutagenicStrength"],"max_hp_gain":0,"max_hp_loss":0,"event_name":"Drug Dealer","floor":27,"gold_loss":0},{"damage_healed":0,"gold_gain":180,"player_choice":"GOLD GOLD ","damage_taken":18,"max_hp_gain":0,"max_hp_loss":0,"event_name":"Knowing Skull","floor":29,"potions_obtained":[],"gold_loss":0,"cards_obtained":[]},{"damage_healed":0,"gold_gain":0,"player_choice":"Ignored","damage_taken":0,"max_hp_gain":0,"max_hp_loss":0,"event_name":"Tomb of Lord Red Mask","floor":36,"gold_loss":0},{"cards_removed":["Strike_B"],"damage_healed":0,"gold_gain":0,"player_choice":"Removed Attack","damage_taken":0,"max_hp_gain":0,"max_hp_loss":0,"event_name":"Falling","floor":37,"gold_loss":0}],"is_beta":false,"boss_relics":[{"not_picked":["Empty Cage","Fusion Hammer"],"picked":"Nuclear Battery"},{"not_picked":["Calling Bell","Tiny House"],"picked":"Eternal Feather"}],"items_purged_floors":[],"is_endless":false,"potions_floor_spawned":[2,5,10,12,13,20,22,31,33,35,38],"killed_by":"Reptomancer","ascension_level":20}