{"gold_per_floor":[113,128,144,294,307,307,277,38,38,65,80,80],"floor_reached":12,"playtime":2920,"items_purged":["Doubt"],"score":152,"play_id":"c4a8b0e4-53a6-4854-ab4d-ddf1b6f41cde","local_time":"20190720230207","is_ascension_mode":true,"campfire_choices":[{"data":"Flame Barrier","floor":6,"key":"SMITH"}],"neow_cost":"NONE","seed_source_timestamp":599011233004439,"circlet_count":0,"master_deck":["AscendersBane","Strike_R","Strike_R","Strike_R","Strike_R","Strike_R","Defend_R","Defend_R","Defend_R","Defend_R","Bash","Havoc","Body Slam","Corruption","Flame Barrier+1","Sentinel","Metallicize","Feel No Pain","Entrench"],"relics":["Burning Blood","Incense Burner","Thread and Needle"],"potions_floor_usage":[2,10,11,11],"damage_taken":[{"damage":2,"enemies":"2 Louse","floor":1,"turns":4},{"damage":14,"enemies":"Jaw Worm","floor":2,"turns":6},{"damage":7,"enemies":"Cultist","floor":3,"turns":4},{"damage":10,"enemies":"3 Louse","floor":5,"turns":5},{"damage":46,"enemies":"3 Sentries","floor":10,"turns":21},{"damage":0,"enemies":"Red Slaver","floor":11,"turns":4},{"damage":56,"enemies":"Gremlin Nob","floor":12,"turns":6}],"seed_played":"2304545825506719858","potions_obtained":[{"floor":1,"key":"EssenceOfSteel"},{"floor":7,"key":"BloodPotion"},{"floor":7,"key":"FearPotion"},{"floor":10,"key":"AttackPotion"}],"is_trial":false,"path_per_floor":["M","M","M","?","M","R","?","$","T","E","M","E"],"character_chosen":"IRONCLAD","items_purchased":["Sentinel","Metallicize"],"campfire_rested":0,"item_purchase_floors":[8,8],"current_hp_per_floor":[79,71,70,70,66,66,66,66,66,46,52,0],"gold":80,"neow_bonus":"TEN_PERCENT_HP_BONUS","is_prod":false,"is_daily":false,"chose_seed":false,"campfire_upgraded":1,"win_rate":0,"timestamp":1563681727,"path_taken":["M","M","M","?","M","R","?","$","T","E","M","E"],"build_version":"2019-07-17","purchased_purges":1,"victory":false,"max_hp_per_floor":[82,82,82,82,82,82,82,82,82,82,82,82],"card_choices":[{"not_picked":["Feel No Pain","Clothesline"],"picked":"Havoc","floor":1},{"not_picked":["Headbutt","Havoc"],"picked":"Body Slam","floor":2},{"not_picked":["Sword Boomerang","True Grit"],"picked":"Corruption","floor":3},{"not_picked":["Warcry","Brutality"],"picked":"Flame Barrier","floor":5},{"not_picked":["Thunderclap","Heavy Blade"],"picked":"Feel No Pain","floor":10},{"not_picked":["Headbutt","Hemokinesis"],"picked":"Entrench","floor":11}],"player_experience":1607074,"relics_obtained":[{"floor":9,"key":"Incense Burner"},{"floor":10,"key":"Thread and Needle"}],"event_choices":[{"damage_healed":0,"gold_gain":150,"player_choice":"AGREE","damage_taken":0,"max_hp_gain":0,"max_hp_loss":0,"event_name":"Liars Game","floor":4,"gold_loss":0,"cards_obtained":["Doubt"]},{"damage_healed":0,"gold_gain":0,"player_choice":"Bought 2 Potions","damage_taken":0,"max_hp_gain":0,"max_hp_loss":0,"event_name":"The Woman in Blue","floor":7,"gold_loss":0}],"is_beta":false,"boss_relics":[],"items_purged_floors":[8],"is_endless":false,"potions_floor_spawned":[1,10],"killed_by":"Gremlin Nob","ascension_level":18}