{"gold_per_floor":[114,14,14,22,22,22,32,32,76,76,87,87,98,112,112,171,171,182,57,57,57,70,70,84,84,126,126,166,166,166,180,180,237,237,253,103,112,112,92,92,104,120,120,133,133,142,142,222,222,222,222],"floor_reached":52,"playtime":2823,"items_purged":["Defend_P","Strike_P","Strike_P"],"score":1902,"play_id":"b69d25d5-9059-4ed0-ae10-c2d349483baa","local_time":"20190926024302","is_ascension_mode":true,"campfire_choices":[{"data":"Eruption","floor":6.0,"key":"SMITH"},{"data":"The Bomb","floor":12.0,"key":"SMITH"},{"data":"Vigilance","floor":15.0,"key":"SMITH"},{"data":"Protect","floor":23.0,"key":"SMITH"},{"data":"Defend_P","floor":25.0,"key":"SMITH"},{"data":"Defend_P","floor":27.0,"key":"SMITH"},{"data":"Defend_P","floor":29.0,"key":"SMITH"},{"floor":32.0,"key":"RECALL"},{"data":"Strike_P","floor":40.0,"key":"SMITH"},{"data":"1","floor":47.0,"key":"LIFT"},{"data":"2","floor":49.0,"key":"LIFT"}],"neow_cost":"PERCENT_DAMAGE","seed_source_timestamp":252179649888400,"circlet_count":0,"master_deck":["Strike_P+1","Defend_P+1","Defend_P+1","Defend_P+1","Eruption+1","Vigilance+1","The Bomb+1","Protect+1","DeceiveReality+1","Sanctity+1","DeusExMachina+1","Madness+1","Madness+1","EmptyMind+1"],"special_seed":0,"relics":["PureWater","Meat on the Bone","Toxic Egg 2","Oddly Smooth Stone","Coffee Dripper","Blood Vial","Enchiridion","Sozu","Girya"],"potions_floor_usage":[],"damage_taken":[{"damage":0.0,"enemies":"Small Slimes","floor":1.0,"turns":6.0},{"damage":2.0,"enemies":"Cultist","floor":4.0,"turns":3.0},{"damage":0.0,"enemies":"2 Louse","floor":7.0,"turns":3.0},{"damage":9.0,"enemies":"Blue Slaver","floor":11.0,"turns":5.0},{"damage":0.0,"enemies":"2 Fungi Beasts","floor":13.0,"turns":3.0},{"damage":0.0,"enemies":"Gremlin Gang","floor":14.0,"turns":1.0},{"damage":16.0,"enemies":"Hexaghost","floor":16.0,"turns":12.0},{"damage":2.0,"enemies":"2 Thieves","floor":18.0,"turns":3.0},{"damage":0.0,"enemies":"Spheric Guardian","floor":22.0,"turns":6.0},{"damage":0.0,"enemies":"Snake Plant","floor":24.0,"turns":5.0},{"damage":0.0,"enemies":"Snecko","floor":31.0,"turns":6.0},{"damage":2.0,"enemies":"Automaton","floor":33.0,"turns":11.0},{"damage":0.0,"enemies":"Orb Walker","floor":35.0,"turns":5.0},{"damage":0.0,"enemies":"3 Shapes","floor":37.0,"turns":4.0},{"damage":16.0,"enemies":"Transient","floor":41.0,"turns":6.0},{"damage":0.0,"enemies":"Sphere and 2 Shapes","floor":42.0,"turns":6.0},{"damage":2.0,"enemies":"Writhing Mass","floor":44.0,"turns":8.0},{"damage":0.0,"enemies":"Jaw Worm Horde","floor":46.0,"turns":5.0},{"damage":0.0,"enemies":"Mind Bloom Boss Battle","floor":48.0,"turns":7.0},{"damage":0.0,"enemies":"Awakened One","floor":50.0,"turns":29.0},{"damage":43,"enemies":"Donu and Deca","floor":51,"turns":30}],"seed_played":"3283848056689702222","potions_obtained":[{"floor":1.0,"key":"SteroidPotion"},{"floor":4.0,"key":"AttackPotion"},{"floor":11.0,"key":"Ancient Potion"},{"floor":22.0,"key":"BottledMiracle"},{"floor":33.0,"key":"SkillPotion"}],"is_trial":false,"path_per_floor":["M","$","?","M","?","R","M","T","T","?","M","R","M","M","R","B",null,"M","$","?","?","M","R","M","R","T","R","?","R","?","M","R","B",null,"M","$","M","?","?","R","M","M","T","M","?","M","R","?","R","B","B",null],"character_chosen":"WATCHER","items_purchased":[],"campfire_rested":0,"item_purchase_floors":[],"current_hp_per_floor":[40,40,40,38,31,31,31,31,31,31,32,32,32,32,32,26,47,45,45,28,38,38,38,38,38,38,38,38,38,17,29,29,39,55,57,57,59,47,47,47,43,45,45,45,45,47,47,49,49,51,20],"gold":222,"neow_bonus":"RANDOM_COLORLESS_2","is_prod":false,"is_daily":false,"chose_seed":false,"campfire_upgraded":8,"win_rate":0,"timestamp":1569440582,"path_taken":["M","$","?","?","?","R","M","?","T","?","M","R","?","M","R","BOSS","M","$","?","?","M","R","M","R","T","R","?","R","?","M","R","BOSS","M","$","M","?","?","R","?","M","T","M","?","?","R","?","R","BOSS","BOSS"],"build_version":"2019-09-24","purchased_purges":3,"victory":true,"max_hp_per_floor":[61,61,61,61,61,61,61,61,61,61,61,61,61,61,61,61,61,61,61,66,66,66,66,66,66,66,66,66,66,66,66,66,66,66,66,66,66,66,66,66,66,66,66,66,66,66,66,66,66,66,66],"card_choices":[{"not_picked":["Sadistic Nature","Mayhem"],"picked":"The Bomb","floor":0.0},{"not_picked":["ClearTheMind","SpiritShield"],"picked":"Protect","floor":1.0},{"not_picked":["CrushJoints","CarveReality","Devotion"],"picked":"SKIP","floor":4.0},{"not_picked":["Vengeance","Consecrate","Halt"],"picked":"SKIP","floor":7.0},{"not_picked":["Conclude","SpiritShield+1","Swivel+1"],"picked":"SKIP","floor":11.0},{"not_picked":["Fasting","Sanctity+1","LessonLearned"],"picked":"SKIP","floor":13.0},{"not_picked":["FollowUp","ThirdEye+1"],"picked":"DeceiveReality+1","floor":14.0},{"not_picked":["MentalFortress","SandsOfTime","CleanseEvil+1"],"picked":"SKIP","floor":18.0},{"not_picked":["Crescendo+1","Evaluate+1"],"picked":"Sanctity+1","floor":22.0},{"not_picked":["CutThroughFate","PathToVictory+1","CarveReality"],"picked":"SKIP","floor":24.0},{"not_picked":["Prostrate+1","ClearTheMind+1","CutThroughFate+1"],"picked":"SKIP","floor":31.0},{"not_picked":["Adaptation","ReachHeaven"],"picked":"DeusExMachina+1","floor":33.0},{"not_picked":["EmptyFist","FollowUp","Evaluate+1"],"picked":"SKIP","floor":35.0},{"not_picked":["EmptyBody+1","Crescendo+1","Halt+1"],"picked":"SKIP","floor":37.0},{"not_picked":["Consecrate+1","EmptyMind+1","CutThroughFate+1"],"picked":"SKIP","floor":41.0},{"not_picked":["Consecrate+1","CutThroughFate+1"],"picked":"EmptyMind+1","floor":41.0},{"not_picked":["EmptyBody+1","Sanctity+1","FollowUp"],"picked":"SKIP","floor":42.0},{"not_picked":["Wireheading","Protect+1","ClearTheMind+1"],"picked":"SKIP","floor":44.0},{"not_picked":["Sanctity+1","ThirdEye+1","Blasphemy+1"],"picked":"SKIP","floor":46.0}],"player_experience":1156222,"relics_obtained":[{"floor":8.0,"key":"Toxic Egg 2"},{"floor":9.0,"key":"Oddly Smooth Stone"},{"floor":26.0,"key":"Blood Vial"},{"floor":30.0,"key":"Enchiridion"},{"floor":43.0,"key":"Girya"}],"event_choices":[{"damage_healed":0.0,"max_hp_gain":0.0,"max_hp_loss":0.0,"gold_gain":0.0,"event_name":"WeMeetAgain","player_choice":"Gave Potion","floor":3.0,"gold_loss":0.0,"damage_taken":0.0,"relics_obtained":["Meat on the Bone"]},{"cards_removed":["Strike_P"],"damage_healed":0.0,"max_hp_gain":0.0,"max_hp_loss":0.0,"gold_gain":0.0,"event_name":"Golden Wing","player_choice":"Card Removal","floor":5.0,"gold_loss":0.0,"damage_taken":7.0},{"cards_removed":["AscMod:ascendersbane"],"damage_healed":0.0,"max_hp_gain":0.0,"max_hp_loss":0.0,"gold_gain":0.0,"event_name":"Fountain of Cleansing","player_choice":"Removed Curses","floor":10.0,"gold_loss":0.0,"damage_taken":0.0},{"damage_healed":0.0,"max_hp_gain":5.0,"max_hp_loss":0.0,"gold_gain":0.0,"event_name":"Forgotten Altar","player_choice":"Shed Blood","floor":20.0,"gold_loss":0.0,"damage_taken":21.0},{"damage_healed":13.0,"max_hp_gain":0.0,"max_hp_loss":0.0,"gold_gain":0.0,"event_name":"The Library","player_choice":"Heal","floor":21.0,"gold_loss":0.0,"damage_taken":0.0},{"damage_healed":0.0,"max_hp_gain":0.0,"max_hp_loss":0.0,"gold_gain":50.0,"event_name":"Nest","player_choice":"Stole From Cult","floor":28.0,"gold_loss":0.0,"damage_taken":0.0},{"damage_healed":0.0,"max_hp_gain":0.0,"max_hp_loss":0.0,"gold_gain":0.0,"event_name":"Cursed Tome","player_choice":"Obtained Book","floor":30.0,"gold_loss":0.0,"damage_taken":21.0},{"damage_healed":0.0,"max_hp_gain":0.0,"max_hp_loss":0.0,"gold_gain":0.0,"event_name":"Winding Halls","player_choice":"Embrace Madness","floor":38.0,"gold_loss":0.0,"damage_taken":12.0,"cards_obtained":["Madness","Madness"]},{"damage_healed":0.0,"max_hp_gain":0.0,"max_hp_loss":0.0,"gold_gain":0.0,"event_name":"The Woman in Blue","player_choice":"Bought 1 Potion","floor":39.0,"gold_loss":0.0,"damage_taken":0.0},{"damage_healed":0.0,"max_hp_gain":0.0,"max_hp_loss":0.0,"gold_gain":0.0,"event_name":"Upgrade Shrine","player_choice":"Ignored","floor":45.0,"gold_loss":0.0,"damage_taken":0.0},{"damage_healed":0.0,"max_hp_gain":0.0,"max_hp_loss":0.0,"gold_gain":0.0,"event_name":"MindBloom","player_choice":"Fight","floor":48.0,"gold_loss":0.0,"damage_taken":0.0}],"is_beta":true,"boss_relics":[{"not_picked":["Astrolabe","VioletLotus"],"picked":"Coffee Dripper"},{"not_picked":["Philosopher\u0027s Stone","SacredBark"],"picked":"Sozu"}],"items_purged_floors":[2,19,36],"is_endless":false,"potions_floor_spawned":[1,4,11,22,33,35,37,42,48],"ascension_level":24}