{"gold_per_floor":[117,129,149,149,163,163,198,221,259,281,293,195,195,224,224,326,326,337,325,325,84,95,95],"floor_reached":23,"playtime":1967,"items_purged":["Strike_B"],"score":285,"play_id":"c7f8326a-a05d-41da-96d8-7157bdf8fb8a","local_time":"20180907212048","is_ascension_mode":true,"campfire_choices":[{"data":"Zap","floor":6,"key":"SMITH"},{"data":"Dualcast","floor":11,"key":"SMITH"},{"data":"Defragment","floor":13,"key":"SMITH"},{"data":"Blizzard","floor":15,"key":"SMITH"}],"neow_cost":"NONE","seed_source_timestamp":390706667671703,"circlet_count":0,"master_deck":["Strike_B+1","Strike_B","Defend_B","Defend_B","Defend_B","Defend_B","Zap+1","Dualcast+1","Amplify","Cold Snap","Glacier","Reinforced Body+1","Self Repair","Blizzard+1","Go for the Eyes","Defragment+1","White Noise","Echo Form","BootSequence+1","Rainbow"],"relics":["Cracked Core","MawBank","Orichalcum","Anchor","Busted Crown","Gremlin Horn"],"potions_floor_usage":[16,18,19,22],"damage_taken":[{"damage":0,"enemies":"2 Louse","floor":1,"turns":3},{"damage":0,"enemies":"Jaw Worm","floor":2,"turns":4},{"damage":0,"enemies":"Cultist","floor":3,"turns":4},{"damage":4,"enemies":"Large Slime","floor":5,"turns":6},{"damage":24,"enemies":"Gremlin Nob","floor":7,"turns":6},{"damage":7,"enemies":"Exordium Thugs","floor":8,"turns":6},{"damage":0,"enemies":"Looter","floor":10,"turns":4},{"damage":0,"enemies":"Lagavulin","floor":14,"turns":7},{"damage":13,"enemies":"The Guardian","floor":16,"turns":10},{"damage":18,"enemies":"Spheric Guardian","floor":18,"turns":5},{"damage":7,"enemies":"2 Thieves","floor":19,"turns":4},{"damage":6,"enemies":"3 Cultists","floor":22,"turns":5},{"damage":52,"enemies":"Gremlin Leader","floor":23,"turns":4}],"seed_played":"1615256224790753360","potions_obtained":[{"floor":8,"key":"Strength Potion"},{"floor":10,"key":"Fire Potion"},{"floor":14,"key":"Strength Potion"},{"floor":16,"key":"Swift Potion"},{"floor":19,"key":"AttackPotion"}],"is_trial":false,"path_per_floor":["M","M","M","?","M","R","E","M","T","M","R","$","R","E","R","B",null,"M","M","?","$","M"],"character_chosen":"DEFECT","items_purchased":["Defragment","Gremlin Horn"],"campfire_rested":0,"item_purchase_floors":[12,21],"current_hp_per_floor":[75,75,75,60,56,56,39,32,32,32,32,32,32,39,39,33,65,54,47,47,47,48,0],"gold":95,"neow_bonus":"ONE_RANDOM_RARE_CARD","is_prod":false,"is_daily":false,"chose_seed":false,"campfire_upgraded":4,"win_rate":0,"timestamp":1536373248,"path_taken":["M","M","M","?","M","R","E","M","T","M","R","$","R","E","R","BOSS","M","M","?","$","?","E"],"build_version":"2018-09-06","purchased_purges":1,"victory":false,"max_hp_per_floor":[75,75,75,75,75,75,75,75,75,75,75,75,75,75,75,75,75,75,75,75,75,75,75],"card_choices":[{"not_picked":["Sweeping Beam","Steam"],"picked":"Cold Snap","floor":1},{"not_picked":["FTL","Heatsinks"],"picked":"Glacier","floor":2},{"not_picked":["Recycle","Blizzard"],"picked":"Reinforced Body","floor":3},{"not_picked":["Turbo","Coolheaded"],"picked":"Self Repair","floor":5},{"not_picked":["Sweeping Beam","Lockon","Steam"],"picked":"SKIP","floor":7},{"not_picked":["Rebound","Turbo"],"picked":"Blizzard","floor":8},{"not_picked":["Leap","Barrage"],"picked":"Go for the Eyes","floor":10},{"not_picked":["Rebound","Redo"],"picked":"White Noise","floor":14},{"not_picked":["Multi-Cast","Reboot"],"picked":"Echo Form","floor":16},{"not_picked":["Barrage"],"picked":"SKIP","floor":18},{"not_picked":[],"picked":"BootSequence+1","floor":19},{"not_picked":["Force Field"],"picked":"SKIP","floor":22}],"player_experience":450969,"relics_obtained":[{"floor":7,"key":"MawBank"},{"floor":9,"key":"Orichalcum"},{"floor":14,"key":"Anchor"}],"event_choices":[{"event_name":"Shining Light","player_choice":"Entered Light","floor":4,"damage_taken":0},{"event_name":"Transmorgrifier","player_choice":"Transform","floor":20,"damage_taken":0}],"is_beta":false,"boss_relics":[{"not_picked":["FrozenCore","Runic Pyramid"],"picked":"Busted Crown"}],"items_purged_floors":[12],"is_endless":false,"potions_floor_spawned":[8,10,14,16,19],"killed_by":"Gremlin Leader","ascension_level":5}