{"gold_per_floor":[119,194,209,209,220,220,248,173,199,199,199,199],"floor_reached":12,"playtime":471,"items_purged":["Strike_G"],"score":84,"play_id":"3686c3ca-dccf-4863-a33d-30e043fafd40","local_time":"20190925024231","is_ascension_mode":true,"campfire_choices":[{"floor":6,"key":"REST"},{"floor":10,"key":"REST"}],"neow_cost":"NONE","seed_source_timestamp":1079611500196500,"circlet_count":0,"master_deck":["Strike_G","Strike_G","Strike_G","Defend_G","Defend_G","Defend_G","Defend_G","Defend_G","Survivor","Neutralize","Blind","Crippling Poison","Footwork","Injury"],"relics":["Ring of the Snake","Bronze Scales","Regal Pillow","Golden Idol"],"potions_floor_usage":[7],"damage_taken":[{"damage":5,"enemies":"Small Slimes","floor":1,"turns":5},{"damage":0,"enemies":"2 Louse","floor":3,"turns":3},{"damage":2,"enemies":"Cultist","floor":5,"turns":6},{"damage":27,"enemies":"3 Sentries","floor":7,"turns":8},{"damage":73,"enemies":"Gremlin Nob","floor":12,"turns":8}],"seed_played":"-955880223537516875","potions_obtained":[{"floor":1,"key":"PowerPotion"},{"floor":3,"key":"Swift Potion"},{"floor":7,"key":"Dexterity Potion"}],"is_trial":false,"path_per_floor":["M","?","M","?","M","R","E","$","T","R","?","E"],"character_chosen":"THE_SILENT","items_purchased":[],"campfire_rested":2,"item_purchase_floors":[],"current_hp_per_floor":[65,54,54,47,45,66,39,39,39,70,70,0],"gold":199,"neow_bonus":"RANDOM_COLORLESS","is_prod":false,"is_daily":false,"chose_seed":false,"campfire_upgraded":0,"win_rate":0,"timestamp":1569393751,"path_taken":["M","?","M","?","M","R","E","$","T","R","?","E"],"build_version":"2019-07-17","purchased_purges":1,"victory":false,"max_hp_per_floor":[70,70,70,70,70,70,70,70,70,70,70,70],"card_choices":[{"not_picked":["Quick Slash","Bane"],"picked":"Crippling Poison","floor":1},{"not_picked":["Underhanded Strike","Sucker Punch","Calculated Gamble"],"picked":"SKIP","floor":3},{"not_picked":["Sucker Punch","Slice"],"picked":"Footwork","floor":5},{"not_picked":["Dash","Predator","Accuracy"],"picked":"SKIP","floor":7}],"player_experience":80614,"relics_obtained":[{"floor":7,"key":"Bronze Scales"},{"floor":9,"key":"Regal Pillow"}],"event_choices":[{"damage_healed":0,"gold_gain":75,"player_choice":"Gather Gold","damage_taken":11,"max_hp_gain":0,"max_hp_loss":0,"event_name":"World of Goop","floor":2,"gold_loss":0},{"cards_removed":["Strike_G"],"damage_healed":0,"gold_gain":0,"player_choice":"Card Removal","damage_taken":7,"max_hp_gain":0,"max_hp_loss":0,"event_name":"Golden Wing","floor":4,"gold_loss":0},{"damage_healed":0,"gold_gain":0,"player_choice":"Take Wound","damage_taken":0,"relics_obtained":["Golden Idol"],"max_hp_gain":0,"max_hp_loss":0,"event_name":"Golden Idol","floor":11,"gold_loss":0,"cards_obtained":["Injury"]}],"is_beta":false,"boss_relics":[],"items_purged_floors":[8],"is_endless":false,"potions_floor_spawned":[1,3,7],"killed_by":"Gremlin Nob","ascension_level":2}