{"gold_per_floor":[109,128,128,140,157,157,184,201,248,5,5,31,31,42,42,118,118,134,54,54,73,91,91,91],"floor_reached":24,"playtime":778,"items_purged":["Strike_R","Strike_R"],"score":416,"play_id":"01b1246f-cd27-45a0-b9e0-b933958e8394","local_time":"20190925124751","is_ascension_mode":true,"campfire_choices":[{"data":"Carnage","floor":6.0,"key":"SMITH"},{"floor":11.0,"key":"REST"},{"data":"Demon Form","floor":13.0,"key":"SMITH"},{"data":"Anger","floor":15.0,"key":"SMITH"},{"floor":23,"key":"REST"}],"neow_cost":"NONE","seed_source_timestamp":735965244097600,"circlet_count":0,"master_deck":["AscendersBane","Strike_R","Strike_R","Defend_R","Defend_R","Defend_R","Defend_R","Carnage+1","Anger+1","Second Wind","Shrug It Off","Spot Weakness","Feel No Pain","Flash of Steel","Demon Form+1","Dark Embrace","Flash of Steel"],"special_seed":0,"relics":["Burning Blood","Incense Burner","Regal Pillow","The Courier","Empty Cage"],"potions_floor_usage":[24],"damage_taken":[{"damage":2.0,"enemies":"Cultist","floor":1.0,"turns":4.0},{"damage":16.0,"enemies":"Jaw Worm","floor":2.0,"turns":6.0},{"damage":10.0,"enemies":"Small Slimes","floor":4.0,"turns":4.0},{"damage":11.0,"enemies":"Looter","floor":5.0,"turns":2.0},{"damage":25.0,"enemies":"Lagavulin","floor":7.0,"turns":5.0},{"damage":25.0,"enemies":"Exordium Thugs","floor":8.0,"turns":7.0},{"damage":12.0,"enemies":"3 Sentries","floor":12.0,"turns":7.0},{"damage":8.0,"enemies":"3 Louse","floor":14.0,"turns":4.0},{"damage":28.0,"enemies":"Slime Boss","floor":16.0,"turns":10.0},{"damage":7.0,"enemies":"3 Byrds","floor":18.0,"turns":4.0},{"damage":11.0,"enemies":"Shell Parasite","floor":21.0,"turns":5.0},{"damage":17,"enemies":"Centurion and Healer","floor":22,"turns":5},{"damage":105,"enemies":"Slavers","floor":24,"turns":3}],"seed_played":"-6732793987047687128","potions_obtained":[{"floor":2.0,"key":"Fire Potion"},{"floor":8.0,"key":"LiquidBronze"},{"floor":16.0,"key":"Block Potion"},{"floor":21.0,"key":"AttackPotion"}],"is_trial":false,"path_per_floor":["M","M","?","M","M","R","E","M","T","$","R","E","R","M","R","B",null,"M","$","?","M","M","R","E"],"character_chosen":"IRONCLAD","items_purchased":["Feel No Pain","Flash of Steel"],"campfire_rested":2,"item_purchase_floors":[10,10],"current_hp_per_floor":[79,69,82,78,73,73,54,35,35,35,74,68,68,66,66,44,73,72,72,72,67,56,82,0],"gold":91,"neow_bonus":"TEN_PERCENT_HP_BONUS","is_prod":false,"is_daily":false,"chose_seed":false,"campfire_upgraded":3,"win_rate":0,"timestamp":1569440871,"path_taken":["M","M","?","M","?","R","E","?","T","?","R","E","R","M","R","BOSS","M","$","?","M","?","R","E"],"build_version":"2019-09-24","purchased_purges":2,"victory":false,"max_hp_per_floor":[82,82,82,82,82,82,82,82,82,82,82,82,82,82,82,82,82,82,82,82,82,82,82,82],"card_choices":[{"not_picked":["Warcry","Intimidate","Clash"],"picked":"SKIP","floor":1.0},{"not_picked":["Headbutt","Reckless Charge"],"picked":"Carnage","floor":2.0},{"not_picked":["Warcry","Heavy Blade"],"picked":"Anger","floor":4.0},{"not_picked":["Corruption","Second Wind","Carnage"],"picked":"SKIP","floor":5.0},{"not_picked":["Corruption","Carnage"],"picked":"Second Wind","floor":5.0},{"not_picked":["Pommel Strike","Sentinel"],"picked":"Shrug It Off","floor":7.0},{"not_picked":["Warcry","Shockwave"],"picked":"Spot Weakness","floor":8.0},{"not_picked":["Body Slam","Iron Wave"],"picked":"Demon Form","floor":12.0},{"not_picked":["Thunderclap","Blood for Blood","Carnage"],"picked":"SKIP","floor":14.0},{"not_picked":["Bludgeon","Limit Break"],"picked":"Dark Embrace","floor":16.0},{"not_picked":["True Grit","Wild Strike","Cleave"],"picked":"SKIP","floor":18.0},{"not_picked":["Flame Barrier","Heavy Blade","Thunderclap"],"picked":"SKIP","floor":21.0},{"not_picked":["Anger","Uppercut","Perfected Strike"],"picked":"SKIP","floor":22}],"player_experience":1030918,"relics_obtained":[{"floor":7.0,"key":"Incense Burner"},{"floor":9.0,"key":"Regal Pillow"},{"floor":12.0,"key":"The Courier"}],"event_choices":[{"damage_healed":13.0,"max_hp_gain":0.0,"max_hp_loss":0.0,"gold_gain":0.0,"event_name":"Wheel of Change","player_choice":"Full Heal","floor":3.0,"gold_loss":0.0,"damage_taken":0.0},{"damage_healed":0.0,"max_hp_gain":0.0,"max_hp_loss":0.0,"gold_gain":0.0,"event_name":"Duplicator","player_choice":"Copied","floor":20.0,"gold_loss":0.0,"damage_taken":0.0,"cards_obtained":["Flash of Steel"]}],"is_beta":true,"boss_relics":[{"not_picked":["Busted Crown","Fusion Hammer"],"picked":"Empty Cage"}],"items_purged_floors":[10,19],"is_endless":false,"potions_floor_spawned":[2,8,16,21],"killed_by":"Slavers","ascension_level":20}