{"gold_per_floor":[10,10,20,35,54,54,68,96,96,96,124,134,154,154,154,154],"floor_reached":16,"playtime":898,"items_purged":[],"score":228,"play_id":"655dc2d3-12b9-43e4-83d9-05b6ff8ff3b0","local_time":"20190518151812","is_ascension_mode":true,"campfire_choices":[{"data":"Strike_R","floor":6.0,"key":"PURGE"},{"floor":10,"key":"REST"},{"floor":15,"key":"REST"}],"neow_cost":"NO_GOLD","seed_source_timestamp":142596679968909,"circlet_count":0,"master_deck":["AscendersBane","Strike_R","Strike_R","Strike_R","Defend_R","Defend_R","Defend_R","Defend_R","Bash","Headbutt","Pommel Strike","Clothesline","True Grit","Feed","Metallicize","Feel No Pain"],"special_seed":0,"relics":["Burning Blood","Peace Pipe","Charon\u0027s Ashes","Gambling Chip","Bird Faced Urn"],"potions_floor_usage":[8,12,16],"damage_taken":[{"damage":14.0,"enemies":"Jaw Worm","floor":1.0,"turns":6.0},{"damage":1.0,"enemies":"Cultist","floor":3.0,"turns":3.0},{"damage":6.0,"enemies":"2 Louse","floor":4.0,"turns":3.0},{"damage":16.0,"enemies":"Blue Slaver","floor":5.0,"turns":5.0},{"damage":15.0,"enemies":"3 Louse","floor":7.0,"turns":5.0},{"damage":33,"enemies":"Lagavulin","floor":8,"turns":8},{"damage":18,"enemies":"3 Sentries","floor":11,"turns":6},{"damage":18,"enemies":"Exordium Thugs","floor":12,"turns":6},{"damage":8,"enemies":"Lots of Slimes","floor":13,"turns":3},{"damage":31,"enemies":"The Guardian","floor":16,"turns":12}],"seed_played":"6793335486102224376","potions_obtained":[{"floor":3.0,"key":"PowerPotion"},{"floor":11,"key":"SkillPotion"},{"floor":12,"key":"AttackPotion"}],"is_trial":false,"path_per_floor":["M","?","M","M","M","R","M","E","T","R","E","M","M","?","R","B"],"character_chosen":"IRONCLAD","items_purchased":[],"campfire_rested":2,"item_purchase_floors":[],"current_hp_per_floor":[60,49,54,54,44,44,35,8,8,30,21,11,11,4,27,0],"gold":154,"neow_bonus":"ONE_RARE_RELIC","is_prod":false,"is_daily":false,"chose_seed":false,"campfire_upgraded":0,"win_rate":0,"timestamp":1558207092,"path_taken":["M","?","M","M","?","R","M","E","T","R","E","M","M","?","R","BOSS"],"build_version":"2019-01-23","purchased_purges":0,"victory":false,"max_hp_per_floor":[75,75,75,75,75,75,75,75,75,75,78,78,78,78,78,78],"card_choices":[{"not_picked":["Cleave","Body Slam"],"picked":"Headbutt","floor":1.0},{"not_picked":["Flex","Warcry"],"picked":"Pommel Strike","floor":3.0},{"not_picked":["Twin Strike","Iron Wave"],"picked":"Clothesline","floor":4.0},{"not_picked":["Twin Strike","Dropkick"],"picked":"True Grit","floor":5.0},{"not_picked":["Clash","Disarm"],"picked":"Feed","floor":7.0},{"not_picked":["Perfected Strike","Sword Boomerang","Double Tap"],"picked":"SKIP","floor":8},{"not_picked":["Armaments","Searing Blow"],"picked":"Metallicize","floor":11},{"not_picked":["Clothesline","Havoc","Dual Wield"],"picked":"SKIP","floor":12},{"not_picked":["Searing Blow","Warcry"],"picked":"Feel No Pain","floor":13}],"player_experience":836587,"relics_obtained":[{"floor":8,"key":"Charon\u0027s Ashes"},{"floor":9,"key":"Gambling Chip"},{"floor":11,"key":"Bird Faced Urn"}],"event_choices":[{"damage_healed":0.0,"max_hp_gain":0.0,"max_hp_loss":0.0,"gold_gain":0.0,"event_name":"Wheel of Change","player_choice":"Damaged","floor":2.0,"gold_loss":0.0,"damage_taken":11.0},{"cards_removed":["Strike_R"],"damage_healed":0,"gold_gain":0,"player_choice":"Card Removal","damage_taken":7,"max_hp_gain":0,"max_hp_loss":0,"event_name":"Golden Wing","floor":14,"gold_loss":0}],"is_beta":false,"boss_relics":[],"items_purged_floors":[],"is_endless":false,"potions_floor_spawned":[3,11,12],"killed_by":"The Guardian","ascension_level":20}