{"gold_per_floor":[111,123,123,123,42,85,48,48,48,48,223,257,257,291,291,422,422,422,422,422,23,23,23,23,23,23,23,23,23,23,23,23,23,23,23,23,23,23,23,23,23,23,23,23,23,23,23,23,23,23,23,23,23,23,23],"floor_reached":55,"playtime":2999,"items_purged":[],"score":1025,"play_id":"bbe24fbf-cc9c-4959-b1e8-3ca44e06c244","local_time":"20190928060551","is_ascension_mode":true,"campfire_choices":[{"data":"Noxious Fumes","floor":8,"key":"SMITH"},{"data":"Infinite Blades","floor":10,"key":"SMITH"},{"floor":13,"key":"REST"},{"data":"Neutralize","floor":15,"key":"SMITH"},{"floor":23,"key":"REST"},{"floor":25,"key":"REST"},{"floor":28,"key":"REST"},{"floor":32,"key":"RECALL"},{"floor":40,"key":"REST"},{"data":"Noxious Fumes","floor":42,"key":"SMITH"},{"data":"Accuracy","floor":45,"key":"SMITH"},{"floor":49,"key":"REST"},{"floor":52,"key":"REST"}],"neow_cost":"NONE","seed_source_timestamp":1348484152839200,"circlet_count":0,"master_deck":["Survivor","Neutralize+1","Cloak And Dagger","Predator","A Thousand Cuts","Infinite Blades+1","Cloak And Dagger","Noxious Fumes+1","Bane","Dodge and Roll","Adrenaline","Accuracy","Blur+1","J.A.X.","Accuracy+1","Skewer","Backstab","Deflect+1","Blade Dance+1","Venomology","Noxious Fumes+1","Dagger Throw","Flying Knee","Corpse Explosion","Corpse Explosion","Blur","Bane","Phantasmal Killer","Sucker Punch","Footwork+1","Cloak And Dagger+1","Noxious Fumes+1","Blade Dance+1","Noxious Fumes+1"],"relics":["Ring of the Snake","Boot","Bloody Idol","Pen Nib","Ornamental Fan","Omamori","Mercury Hourglass","Ectoplasm","Gremlin Horn","Centennial Puzzle","Bag of Marbles","PreservedInsect","Pandora\u0027s Box","Potion Belt","Ancient Tea Set","Sundial"],"potions_floor_usage":[12,33,36,36,39,41,44,48,50,50,55,55,55,55],"damage_taken":[{"damage":2,"enemies":"Jaw Worm","floor":1,"turns":5},{"damage":1,"enemies":"Small Slimes","floor":2,"turns":4},{"damage":20,"enemies":"Gremlin Nob","floor":6,"turns":4},{"damage":13,"enemies":"3 Sentries","floor":12,"turns":5},{"damage":13,"enemies":"Gremlin Nob","floor":14,"turns":5},{"damage":23,"enemies":"Slime Boss","floor":16,"turns":9},{"damage":6,"enemies":"Shell Parasite","floor":18,"turns":5},{"damage":2,"enemies":"Chosen","floor":19,"turns":4},{"damage":52,"enemies":"Book of Stabbing","floor":24,"turns":4},{"damage":12,"enemies":"Shelled Parasite and Fungi","floor":30,"turns":4},{"damage":3,"enemies":"Gremlin Leader","floor":31,"turns":4},{"damage":10,"enemies":"Collector","floor":33,"turns":6},{"damage":0,"enemies":"3 Shapes","floor":35,"turns":3},{"damage":12,"enemies":"3 Darklings","floor":36,"turns":3},{"damage":21,"enemies":"Writhing Mass","floor":39,"turns":5},{"damage":16,"enemies":"Giant Head","floor":41,"turns":5},{"damage":0,"enemies":"Sphere and 2 Shapes","floor":44,"turns":4},{"damage":0,"enemies":"4 Shapes","floor":46,"turns":2},{"damage":3,"enemies":"Nemesis","floor":48,"turns":3},{"damage":52,"enemies":"Donu and Deca","floor":50,"turns":5},{"damage":61,"enemies":"Shield and Spear","floor":54,"turns":4},{"damage":34,"enemies":"The Heart","floor":55,"turns":2}],"seed_played":"-8279125025100586439","potions_obtained":[{"floor":6,"key":"Fire Potion"},{"floor":12,"key":"SneckoOil"},{"floor":24,"key":"Poison Potion"},{"floor":30,"key":"GhostInAJar"},{"floor":31,"key":"GhostInAJar"},{"floor":35,"key":"Dexterity Potion"},{"floor":36,"key":"PowerPotion"},{"floor":44,"key":"Energy Potion"},{"floor":48,"key":"Strength Potion"},{"floor":54,"key":"SpeedPotion"}],"is_trial":false,"path_per_floor":["M","M","?","?","$","E","$","R","T","R","?","E","R","E","R","B",null,"M","M","?","$","?","R","E","R","T","$","R","?","M","E","R","B",null,"M","M","?","$","M","R","E","R","T","M","R","M","?","E","R","B",null,"R","$","E","B"],"character_chosen":"THE_SILENT","items_purchased":["Infinite Blades","Noxious Fumes","Accuracy","Skewer","Gremlin Horn"],"campfire_rested":7,"item_purchase_floors":[5,7,21,21,21],"current_hp_per_floor":[68,67,67,67,67,47,47,47,47,47,47,34,55,42,42,19,57,51,49,49,49,49,70,18,39,39,39,60,60,48,45,45,35,61,61,49,70,70,49,70,54,54,54,54,54,54,54,51,70,18,57,70,70,9,0],"gold":23,"neow_bonus":"RANDOM_COMMON_RELIC","is_prod":false,"is_daily":false,"chose_seed":false,"campfire_upgraded":5,"win_rate":0,"timestamp":1569665151,"path_taken":["M","M","?","?","$","E","?","R","T","R","?","E","R","E","R","BOSS","M","M","?","$","?","R","E","R","T","$","R","?","M","E","R","BOSS","M","M","?","$","M","R","E","R","T","M","R","?","?","E","R","BOSS","R","$","E","BOSS"],"build_version":"2019-07-17","purchased_purges":0,"victory":false,"max_hp_per_floor":[70,70,70,70,70,70,70,70,70,70,70,70,70,70,70,70,70,70,70,70,70,70,70,70,70,70,70,70,70,70,70,70,70,70,70,70,70,70,70,70,70,70,70,70,70,70,70,70,70,70,70,70,70,70,70],"card_choices":[{"not_picked":["Expertise","Blade Dance"],"picked":"Cloak And Dagger","floor":1},{"not_picked":["Expertise","Deadly Poison"],"picked":"Predator","floor":2},{"not_picked":["Concentrate","Deflect"],"picked":"Cloak And Dagger","floor":6},{"not_picked":["Prepared","Outmaneuver"],"picked":"Bane","floor":12},{"not_picked":["Poisoned Stab","Doppelganger"],"picked":"Dodge and Roll","floor":14},{"not_picked":["A Thousand Cuts","Envenom"],"picked":"Adrenaline","floor":16},{"not_picked":["Flying Knee+1","Backflip"],"picked":"Accuracy","floor":18},{"not_picked":["Reflex","Flying Knee"],"picked":"Blur+1","floor":19},{"not_picked":["Backflip","Heel Hook"],"picked":"Backstab","floor":24},{"not_picked":["Flying Knee","Outmaneuver"],"picked":"Deflect+1","floor":30},{"not_picked":["Outmaneuver+1","Quick Slash"],"picked":"Blade Dance+1","floor":31},{"not_picked":["Die Die Die","Unload"],"picked":"Venomology","floor":33},{"not_picked":["Slice+1","Well Laid Plans+1"],"picked":"Footwork+1","floor":35},{"not_picked":["Quick Slash+1","Acrobatics"],"picked":"Cloak And Dagger+1","floor":36},{"not_picked":["Skewer+1","Dagger Spray","Sucker Punch"],"picked":"SKIP","floor":39},{"not_picked":["Acrobatics+1","Flechettes+1"],"picked":"Noxious Fumes+1","floor":41},{"not_picked":["Bouncing Flask","Quick Slash+1","Poisoned Stab"],"picked":"SKIP","floor":44},{"not_picked":["Escape Plan","Concentrate+1"],"picked":"Blade Dance+1","floor":46},{"not_picked":["Endless Agony","Deadly Poison+1"],"picked":"Noxious Fumes+1","floor":48},{"not_picked":["Quick Slash","Envenom","Choke"],"picked":"SKIP","floor":54}],"player_experience":148468,"relics_obtained":[{"floor":6,"key":"Pen Nib"},{"floor":9,"key":"Ornamental Fan"},{"floor":12,"key":"Omamori"},{"floor":14,"key":"Mercury Hourglass"},{"floor":24,"key":"Centennial Puzzle"},{"floor":26,"key":"Bag of Marbles"},{"floor":31,"key":"PreservedInsect"},{"floor":41,"key":"Potion Belt"},{"floor":48,"key":"Ancient Tea Set"},{"floor":54,"key":"Sundial"}],"event_choices":[{"damage_healed":0,"gold_gain":0,"cards_transformed":["Strike_G"],"player_choice":"Change","damage_taken":0,"max_hp_gain":0,"max_hp_loss":0,"event_name":"Living Wall","floor":3,"gold_loss":0,"cards_obtained":["A Thousand Cuts"]},{"damage_healed":0,"gold_gain":0,"player_choice":"Take Wound","damage_taken":0,"relics_obtained":["Golden Idol"],"max_hp_gain":0,"max_hp_loss":0,"event_name":"Golden Idol","floor":4,"gold_loss":0,"cards_obtained":["Injury"]},{"damage_healed":0,"gold_gain":175,"player_choice":"AGREE","damage_taken":0,"max_hp_gain":0,"max_hp_loss":0,"event_name":"Liars Game","floor":11,"gold_loss":0,"cards_obtained":["Doubt"]},{"damage_healed":0,"gold_gain":0,"player_choice":"Obtain J.A.X.","damage_taken":0,"max_hp_gain":0,"max_hp_loss":0,"event_name":"Drug Dealer","floor":20,"gold_loss":0,"cards_obtained":["J.A.X."]},{"damage_healed":0,"gold_gain":0,"player_choice":"Gave Idol","damage_taken":0,"relics_obtained":["Bloody Idol"],"max_hp_gain":0,"max_hp_loss":0,"event_name":"Forgotten Altar","floor":22,"relics_lost":["Golden Idol"],"gold_loss":0},{"cards_removed":["Doubt"],"damage_healed":0,"gold_gain":0,"player_choice":"Elegance","damage_taken":0,"max_hp_gain":0,"max_hp_loss":0,"event_name":"Back to Basics","floor":29,"gold_loss":0},{"damage_healed":21,"gold_gain":0,"player_choice":"Full Heal","damage_taken":0,"max_hp_gain":0,"max_hp_loss":0,"event_name":"Wheel of Change","floor":37,"gold_loss":0},{"cards_removed":["Injury"],"damage_healed":0,"gold_gain":0,"player_choice":"Removed Curses","damage_taken":0,"max_hp_gain":0,"max_hp_loss":0,"event_name":"Fountain of Cleansing","floor":47,"gold_loss":0}],"is_beta":false,"boss_relics":[{"not_picked":["Tiny House","Empty Cage"],"picked":"Ectoplasm"},{"not_picked":["Philosopher\u0027s Stone","Sozu"],"picked":"Pandora\u0027s Box"}],"items_purged_floors":[],"is_endless":false,"potions_floor_spawned":[6,12,24,30,31,35,36,44,48,54],"killed_by":"The Heart","ascension_level":5}