{"gold_per_floor":[111,131,145,70,89,116,116,116,116,148,148,164,175,204,204,279,279,294,47,47,63,5,5,40,59,59,70,70],"floor_reached":28,"playtime":1423,"items_purged":["Strike_R"],"score":520,"play_id":"c23f53e0-fcfc-4dac-8e8c-5edbe21e9de7","local_time":"20190406151129","is_ascension_mode":true,"campfire_choices":[{"data":"Corruption","floor":7,"key":"SMITH"},{"data":"Feel No Pain","floor":11,"key":"SMITH"},{"data":"Bash","floor":15,"key":"SMITH"},{"floor":23,"key":"REST"}],"neow_cost":"NONE","seed_source_timestamp":754594627409203,"circlet_count":0,"master_deck":["AscendersBane","Strike_R","Defend_R","Defend_R","Defend_R","Defend_R","Bash+1","Corruption+1","Feel No Pain+1","Headbutt","Immolate","Anger","Battle Trance","Flame Barrier","Dual Wield","Barricade","Pommel Strike+1","Inflame","Entrench","Sword Boomerang+1","Shrug It Off","Shrug It Off","Twin Strike+1","Pommel Strike+1","Havoc"],"special_seed":0,"relics":["Burning Blood","NeowsBlessing","Vajra","Blue Candle","Champion Belt","Molten Egg 2","Empty Cage","Ice Cream","Matryoshka"],"potions_floor_usage":[10,10,16,24,24,27],"damage_taken":[{"damage":0.0,"enemies":"Cultist","floor":1.0,"turns":1.0},{"damage":0.0,"enemies":"Small Slimes","floor":2.0,"turns":1.0},{"damage":0.0,"enemies":"Jaw Worm","floor":3.0,"turns":1.0},{"damage":20,"enemies":"3 Louse","floor":5,"turns":6},{"damage":15,"enemies":"3 Sentries","floor":6,"turns":6},{"damage":1,"enemies":"Lagavulin","floor":10,"turns":4},{"damage":0,"enemies":"Exordium Thugs","floor":12,"turns":3},{"damage":18,"enemies":"Lots of Slimes","floor":13,"turns":3},{"damage":22,"enemies":"3 Sentries","floor":14,"turns":5},{"damage":44,"enemies":"Hexaghost","floor":16,"turns":9},{"damage":18,"enemies":"2 Thieves","floor":18,"turns":4},{"damage":36,"enemies":"Chosen","floor":21,"turns":6},{"damage":25,"enemies":"Gremlin Leader","floor":24,"turns":6},{"damage":14,"enemies":"Centurion and Healer","floor":25,"turns":7},{"damage":16,"enemies":"3 Cultists","floor":27,"turns":4},{"damage":17,"enemies":"Slavers","floor":28,"turns":2}],"seed_played":"2670654030419146076","potions_obtained":[{"floor":2.0,"key":"Strength Potion"},{"floor":3.0,"key":"SteroidPotion"},{"floor":10,"key":"Regen Potion"},{"floor":13,"key":"GamblersBrew"},{"floor":18,"key":"Regen Potion"},{"floor":25,"key":"Fire Potion"}],"is_trial":false,"path_per_floor":["M","M","M","?","M","E","R","?","T","E","R","M","M","E","R","B",null,"M","$","?","M","$","R","E","M","T","M","E"],"character_chosen":"IRONCLAD","items_purchased":["Inflame","Entrench","Sword Boomerang+1","Shrug It Off"],"campfire_rested":1,"item_purchase_floors":[19,19,19,22],"current_hp_per_floor":[74,75,75,75,61,52,52,52,52,57,57,63,51,35,35,12,59,47,47,47,17,17,39,32,24,24,14,0],"gold":70,"neow_bonus":"THREE_ENEMY_KILL","is_prod":false,"is_daily":false,"chose_seed":false,"campfire_upgraded":3,"win_rate":0,"timestamp":1554577889,"path_taken":["M","?","M","?","M","E","R","?","T","E","R","M","?","E","R","BOSS","M","$","?","M","?","R","E","?","T","M","E"],"build_version":"2019-01-23","purchased_purges":1,"victory":false,"max_hp_per_floor":[75,75,75,75,75,75,75,75,75,75,75,75,75,75,75,75,75,75,75,75,75,75,75,75,75,75,75,75],"card_choices":[{"not_picked":["Clash","Rupture"],"picked":"Corruption","floor":1.0},{"not_picked":["Inflame","Flex"],"picked":"Feel No Pain","floor":2.0},{"not_picked":["Sword Boomerang","Thunderclap"],"picked":"Headbutt","floor":3.0},{"not_picked":["Blood for Blood","Body Slam"],"picked":"Immolate","floor":5},{"not_picked":["Body Slam","Power Through"],"picked":"Anger","floor":6},{"not_picked":["Sword Boomerang","Headbutt","Flex"],"picked":"SKIP","floor":10},{"not_picked":["Headbutt","Uppercut"],"picked":"Battle Trance","floor":12},{"not_picked":["Corruption","Flex"],"picked":"Flame Barrier","floor":13},{"not_picked":["Power Through","Fire Breathing"],"picked":"Dual Wield","floor":14},{"not_picked":["Juggernaut","Berserk"],"picked":"Barricade","floor":16},{"not_picked":["Headbutt+1","Wild Strike+1"],"picked":"Pommel Strike+1","floor":18},{"not_picked":["Uppercut+1","Pommel Strike+1"],"picked":"Shrug It Off","floor":21},{"not_picked":["Berserk","Wild Strike+1"],"picked":"Twin Strike+1","floor":24},{"not_picked":["Dropkick+1","Armaments"],"picked":"Pommel Strike+1","floor":25},{"not_picked":["Armaments","Cleave+1"],"picked":"Havoc","floor":27}],"player_experience":656410,"relics_obtained":[{"floor":6,"key":"Vajra"},{"floor":9,"key":"Blue Candle"},{"floor":10,"key":"Champion Belt"},{"floor":14,"key":"Molten Egg 2"},{"floor":24,"key":"Ice Cream"},{"floor":26,"key":"Matryoshka"}],"event_choices":[{"cards_removed":["Strike_R"],"damage_healed":0.0,"max_hp_gain":0.0,"max_hp_loss":0.0,"gold_gain":0.0,"event_name":"The Cleric","player_choice":"Card Removal","floor":4.0,"gold_loss":75.0,"damage_taken":0.0},{"damage_healed":0,"gold_gain":0,"player_choice":"Ignored","damage_taken":0,"max_hp_gain":0,"max_hp_loss":0,"event_name":"Liars Game","floor":8,"gold_loss":0},{"damage_healed":0,"gold_gain":0,"player_choice":"Ignored","damage_taken":0,"max_hp_gain":0,"max_hp_loss":0,"event_name":"N\u0027loth","floor":20,"gold_loss":0}],"is_beta":false,"boss_relics":[{"not_picked":["Tiny House","Black Blood"],"picked":"Empty Cage"}],"items_purged_floors":[19],"is_endless":false,"potions_floor_spawned":[2,3,10,13,18,21,25],"killed_by":"Slavers","ascension_level":20}