{"gold_per_floor":[114,114,114,114,129,159,159,173,173,202,202,213,232,262,262,362,362,378,397,397,127,127,127,158,170,170,188,203,203,203,203,203,305,355,368,368,423,423,366,366,377,396,396,396],"floor_reached":44,"playtime":3178,"items_purged":[],"score":571,"play_id":"490e5fb3-a1e1-462e-b8ec-2ad74b8ad36f","local_time":"20190924012549","is_ascension_mode":true,"campfire_choices":[{"data":"Genetic Algorithm","floor":7,"key":"SMITH"},{"floor":11,"key":"REST"},{"floor":15,"key":"RECALL"},{"data":"Fusion","floor":23,"key":"SMITH"},{"data":"Redo","floor":29,"key":"SMITH"},{"floor":32,"key":"REST"},{"floor":40,"key":"REST"}],"neow_cost":"NONE","seed_source_timestamp":985898142816800,"circlet_count":0,"master_deck":["Strike_B+1","Defend_B","Defend_B","Defend_B+1","Defend_B+1","Zap","Dualcast+1","Cold Snap","Genetic Algorithm+1","Sweeping Beam+1","Melter","Go for the Eyes","Coolheaded","Rebound","Darkness","Multi-Cast","Redo+1","Turbo+1","Fusion+1","Cold Snap","Echo Form","Compile Driver","Capacitor","Consume","Rainbow","FTL","Barrage","Auto Shields+1","White Noise","Reprogram"],"relics":["Cracked Core","NeowsBlessing","Unceasing Top","Ornamental Fan","Bird Faced Urn","Potion Belt","Whetstone","Nuclear Battery","Juzu Bracelet","Chemical X","Bag of Marbles","Tiny House","Thread and Needle","Strawberry","Mummified Hand"],"potions_floor_usage":[14,16,35,37,37,37,37,41],"damage_taken":[{"damage":0,"enemies":"2 Louse","floor":1,"turns":1},{"damage":0,"enemies":"Jaw Worm","floor":5,"turns":1},{"damage":0,"enemies":"Lagavulin","floor":6,"turns":2},{"damage":8,"enemies":"Small Slimes","floor":8,"turns":2},{"damage":23,"enemies":"3 Sentries","floor":10,"turns":6},{"damage":0,"enemies":"Exordium Wildlife","floor":12,"turns":2},{"damage":0,"enemies":"2 Fungi Beasts","floor":13,"turns":2},{"damage":7,"enemies":"Lagavulin","floor":14,"turns":7},{"damage":20,"enemies":"Hexaghost","floor":16,"turns":10},{"damage":4,"enemies":"Chosen","floor":18,"turns":4},{"damage":2,"enemies":"3 Byrds","floor":19,"turns":3},{"damage":27,"enemies":"Gremlin Leader","floor":24,"turns":5},{"damage":0,"enemies":"Centurion and Healer","floor":25,"turns":2},{"damage":1,"enemies":"Snake Plant","floor":27,"turns":4},{"damage":0,"enemies":"Chosen and Byrds","floor":28,"turns":3},{"damage":24,"enemies":"Champ","floor":33,"turns":16},{"damage":1,"enemies":"3 Shapes","floor":35,"turns":4},{"damage":63,"enemies":"2 Orb Walkers","floor":37,"turns":7},{"damage":46,"enemies":"3 Darklings","floor":41,"turns":8},{"damage":0,"enemies":"Maw","floor":42,"turns":9},{"damage":34,"enemies":"Nemesis","floor":44,"turns":2}],"seed_played":"-2315122788860944444","potions_obtained":[{"floor":5,"key":"SpeedPotion"},{"floor":12,"key":"Block Potion"},{"floor":13,"key":"Ancient Potion"},{"floor":16,"key":"Ancient Potion"},{"floor":18,"key":"EssenceOfSteel"},{"floor":19,"key":"SneckoOil"},{"floor":25,"key":"Dexterity Potion"},{"floor":34,"key":"Swift Potion"},{"floor":37,"key":"Fire Potion"}],"is_trial":false,"path_per_floor":["M","?","?","?","M","E","R","M","T","E","R","M","M","E","R","B",null,"M","M","?","$","?","R","E","M","T","M","M","R","?","?","R","B",null,"M","?","?","?","?","R","M","M","T","E"],"character_chosen":"DEFECT","items_purchased":["Chemical X","Fusion"],"campfire_rested":3,"item_purchase_floors":[21,21],"current_hp_per_floor":[75,60,53,75,75,75,75,67,67,44,66,66,66,59,59,39,75,71,69,69,69,69,69,42,44,44,47,51,51,51,37,61,41,85,84,84,24,24,31,58,16,20,20,0],"gold":396,"neow_bonus":"THREE_ENEMY_KILL","is_prod":false,"is_daily":false,"chose_seed":false,"campfire_upgraded":3,"win_rate":0,"timestamp":1569302749,"path_taken":["M","?","?","?","M","E","R","M","T","E","R","M","M","E","R","BOSS","M","M","?","$","?","R","E","M","T","M","M","R","?","?","R","BOSS","M","?","?","?","?","R","M","M","T","E"],"build_version":"2019-07-17","purchased_purges":0,"victory":false,"max_hp_per_floor":[75,75,75,75,75,75,75,75,75,75,75,75,75,75,75,75,75,75,75,75,75,75,75,75,75,75,75,75,75,75,80,80,80,85,85,85,85,85,92,92,92,92,92,92],"card_choices":[{"not_picked":["Leap","Steam"],"picked":"Cold Snap","floor":1},{"not_picked":["Go for the Eyes","Cold Snap"],"picked":"Genetic Algorithm","floor":5},{"not_picked":["Ball Lightning","Beam Cell"],"picked":"Sweeping Beam","floor":6},{"not_picked":["Redo","Streamline"],"picked":"Melter","floor":8},{"not_picked":["Auto Shields","Gash"],"picked":"Go for the Eyes","floor":10},{"not_picked":["Rip and Tear","Streamline"],"picked":"Coolheaded","floor":12},{"not_picked":["Compile Driver","Force Field"],"picked":"Rebound","floor":13},{"not_picked":["Recycle","Reboot"],"picked":"Darkness","floor":14},{"not_picked":["Rainbow","Fission"],"picked":"Multi-Cast","floor":16},{"not_picked":["Gash","Steam+1"],"picked":"Redo","floor":18},{"not_picked":["Redo","Darkness"],"picked":"Turbo+1","floor":19},{"not_picked":["Hello World+1","Leap"],"picked":"Compile Driver","floor":24},{"not_picked":["Hyperbeam","Rebound"],"picked":"Capacitor","floor":25},{"not_picked":["Rip and Tear+1","Turbo","Steam"],"picked":"SKIP","floor":27},{"not_picked":["Ball Lightning","Sweeping Beam"],"picked":"Consume","floor":28},{"not_picked":["Creative AI","All For One"],"picked":"Rainbow","floor":33},{"not_picked":["Ball Lightning","Rebound"],"picked":"FTL","floor":34},{"not_picked":["Coolheaded","Sweeping Beam+1"],"picked":"Barrage","floor":35},{"not_picked":["Trip","Panacea"],"picked":"Mayhem","floor":36},{"not_picked":["Beam Cell","Ball Lightning+1"],"picked":"Auto Shields+1","floor":37},{"not_picked":["Hologram+1","Rebound"],"picked":"White Noise","floor":41},{"not_picked":["BootSequence+1","Gash+1"],"picked":"Reprogram","floor":42}],"player_experience":52151,"relics_obtained":[{"floor":6,"key":"Ornamental Fan"},{"floor":9,"key":"Bird Faced Urn"},{"floor":10,"key":"Potion Belt"},{"floor":14,"key":"Whetstone"},{"floor":24,"key":"Bag of Marbles"},{"floor":37,"key":"Thread and Needle"},{"floor":43,"key":"Mummified Hand"}],"event_choices":[{"damage_healed":0,"gold_gain":0,"player_choice":"Entered Light","damage_taken":15,"max_hp_gain":0,"max_hp_loss":0,"event_name":"Shining Light","floor":2,"gold_loss":0,"cards_upgraded":["Defend_B","Dualcast"]},{"damage_healed":0,"gold_gain":0,"player_choice":"Success","damage_taken":7,"relics_obtained":["Unceasing Top"],"max_hp_gain":0,"max_hp_loss":0,"event_name":"Scrap Ooze","floor":3,"gold_loss":0},{"damage_healed":25,"gold_gain":0,"player_choice":"Banana","damage_taken":0,"max_hp_gain":0,"max_hp_loss":0,"event_name":"Big Fish","floor":4,"gold_loss":0},{"damage_healed":0,"gold_gain":0,"player_choice":"Opened","damage_taken":0,"relics_obtained":["Juzu Bracelet"],"max_hp_gain":0,"max_hp_loss":0,"event_name":"The Mausoleum","floor":20,"gold_loss":0},{"damage_healed":0,"gold_gain":0,"cards_transformed":["Strike_B","Strike_B"],"player_choice":"Became Test Subject","damage_taken":0,"max_hp_gain":0,"max_hp_loss":0,"event_name":"Drug Dealer","floor":22,"gold_loss":0,"cards_obtained":["Cold Snap","Echo Form"]},{"cards_removed":["Strike_B"],"damage_healed":0,"gold_gain":0,"player_choice":"Elegance","damage_taken":0,"max_hp_gain":0,"max_hp_loss":0,"event_name":"Back to Basics","floor":30,"gold_loss":0},{"damage_healed":0,"gold_gain":0,"player_choice":"Shed Blood","damage_taken":19,"max_hp_gain":5,"max_hp_loss":0,"event_name":"Forgotten Altar","floor":31,"gold_loss":0},{"damage_healed":0,"gold_gain":0,"player_choice":"Memory 1","damage_taken":0,"max_hp_gain":0,"max_hp_loss":0,"event_name":"SensoryStone","floor":36,"gold_loss":0},{"damage_healed":0,"gold_gain":0,"player_choice":"Fight","damage_taken":0,"max_hp_gain":0,"max_hp_loss":0,"event_name":"Mysterious Sphere","floor":37,"gold_loss":0},{"cards_removed":["Mayhem"],"damage_healed":0,"gold_gain":0,"player_choice":"Removed Power","damage_taken":0,"max_hp_gain":0,"max_hp_loss":0,"event_name":"Falling","floor":38,"gold_loss":0},{"damage_healed":0,"gold_gain":0,"player_choice":"Paid Gold","damage_taken":0,"relics_obtained":["Strawberry"],"max_hp_gain":0,"max_hp_loss":0,"event_name":"WeMeetAgain","floor":39,"gold_loss":57}],"is_beta":false,"boss_relics":[{"not_picked":["Cursed Key","White Beast Statue"],"picked":"Nuclear Battery"},{"not_picked":["Velvet Choker","Busted Crown"],"picked":"Tiny House"}],"items_purged_floors":[],"is_endless":false,"potions_floor_spawned":[5,12,13,16,18,19,25,37],"killed_by":"Nemesis","ascension_level":2}