{"gold_per_floor":[146,71,146,146,146,146,160,170,170,187,217,229,241,266,278,367,379,402,414,426,452,484,520,532,544],"floor_reached":25,"playtime":2574,"items_purged":["Strike_B"],"score":352,"play_id":"681872f6-c74d-4e07-ad3d-9ccf11168110","local_time":"20190605222215","is_ascension_mode":true,"campfire_choices":[{"data":"Dualcast","floor":6,"key":"SMITH"},{"data":"Defragment","floor":12,"key":"SMITH"},{"data":"Glacier","floor":15,"key":"SMITH"}],"neow_cost":"NONE","seed_source_timestamp":1915162887127163,"circlet_count":0,"master_deck":["AscendersBane","Strike_B","Strike_B","Strike_B","Defend_B","Defend_B","Defend_B","Defend_B","Zap+1","Dualcast+1","Cold Snap","Defragment+1","Glacier+1","Doom and Gloom","Reprogram","Recycle","Electrodynamics","Hologram+1","Glacier","Rainbow"],"relics":["Cracked Core","Tiny Chest","Symbiotic Virus","MawBank","Unceasing Top","Velvet Choker","Potion Belt","Enchiridion"],"potions_floor_usage":[16,25,25],"damage_taken":[{"damage":1,"enemies":"Cultist","floor":1,"turns":3},{"damage":3,"enemies":"Small Slimes","floor":7,"turns":3},{"damage":4,"enemies":"2 Louse","floor":8,"turns":2},{"damage":0,"enemies":"Large Slime","floor":10,"turns":3},{"damage":4,"enemies":"3 Sentries","floor":11,"turns":6},{"damage":0,"enemies":"Exordium Thugs","floor":14,"turns":4},{"damage":3,"enemies":"The Guardian","floor":16,"turns":11},{"damage":2,"enemies":"Spheric Guardian","floor":18,"turns":3},{"damage":12,"enemies":"Shell Parasite","floor":21,"turns":6},{"damage":19,"enemies":"Centurion and Healer","floor":22,"turns":3},{"damage":23,"enemies":"Gremlin Leader","floor":25,"turns":4}],"seed_played":"3163694768278145326","potions_obtained":[{"floor":10,"key":"SneckoOil"},{"floor":14,"key":"Strength Potion"},{"floor":18,"key":"Energy Potion"},{"floor":20,"key":"Regen Potion"}],"is_trial":false,"path_per_floor":["M","$","?","?","?","R","M","M","T","M","E","R","T","M","R","B",null,"M","?","?","M","M","T","?","E"],"character_chosen":"DEFECT","items_purchased":[],"campfire_rested":0,"item_purchase_floors":[],"current_hp_per_floor":[63,63,52,52,52,52,49,45,45,45,41,41,41,41,41,38,63,61,61,61,49,30,30,9,0],"gold":544,"neow_bonus":"RANDOM_COMMON_RELIC","is_prod":false,"is_daily":false,"chose_seed":false,"campfire_upgraded":3,"win_rate":0,"timestamp":1559791335,"path_taken":["M","?","?","?","?","R","?","M","T","M","E","R","?","?","R","BOSS","M","?","?","M","?","?","?","E"],"build_version":"2019-01-23","purchased_purges":1,"victory":false,"max_hp_per_floor":[71,71,71,71,71,71,71,71,71,71,71,71,71,71,71,71,71,71,71,71,71,71,71,71,71],"card_choices":[{"not_picked":["Sweeping Beam","Hologram"],"picked":"Cold Snap","floor":1},{"not_picked":["Leap","Conserve Battery"],"picked":"Defragment","floor":7},{"not_picked":["Heatsinks","FTL"],"picked":"Glacier","floor":8},{"not_picked":["Skim","Rebound","Doom and Gloom"],"picked":"SKIP","floor":10},{"not_picked":["Skim","Rebound"],"picked":"Doom and Gloom","floor":10},{"not_picked":["Streamline","Hologram"],"picked":"Reprogram","floor":11},{"not_picked":["Leap","Stack"],"picked":"Recycle","floor":14},{"not_picked":["Core Surge","Amplify"],"picked":"Electrodynamics","floor":16},{"not_picked":["Redo","Sweeping Beam"],"picked":"Hologram+1","floor":18},{"not_picked":["Streamline","Skim"],"picked":"Rainbow","floor":21},{"not_picked":["Cold Snap","Coolheaded","Barrage"],"picked":"SKIP","floor":22}],"player_experience":1250428,"relics_obtained":[{"floor":9,"key":"Symbiotic Virus"},{"floor":11,"key":"MawBank"},{"floor":13,"key":"Unceasing Top"},{"floor":23,"key":"Potion Belt"},{"floor":24,"key":"Enchiridion"}],"event_choices":[{"damage_healed":0,"gold_gain":75,"player_choice":"Gather Gold","damage_taken":11,"max_hp_gain":0,"max_hp_loss":0,"event_name":"World of Goop","floor":3,"gold_loss":0},{"damage_healed":0,"gold_gain":0,"player_choice":"Ignored","damage_taken":0,"max_hp_gain":0,"max_hp_loss":0,"event_name":"Liars Game","floor":4,"gold_loss":0},{"damage_healed":0,"gold_gain":0,"player_choice":"Upgraded","damage_taken":0,"max_hp_gain":0,"max_hp_loss":0,"event_name":"Upgrade Shrine","floor":5,"gold_loss":0,"cards_upgraded":["Zap"]},{"damage_healed":0,"gold_gain":0,"player_choice":"Read","damage_taken":0,"max_hp_gain":0,"max_hp_loss":0,"event_name":"The Library","floor":19,"gold_loss":0,"cards_obtained":["Glacier"]},{"damage_healed":0,"gold_gain":0,"player_choice":"Got Potions","damage_taken":0,"max_hp_gain":0,"max_hp_loss":0,"event_name":"Lab","floor":20,"gold_loss":0},{"damage_healed":0,"gold_gain":0,"player_choice":"Obtained Book","damage_taken":21,"max_hp_gain":0,"max_hp_loss":0,"event_name":"Cursed Tome","floor":24,"gold_loss":0}],"is_beta":false,"boss_relics":[{"not_picked":["FrozenCore","Empty Cage"],"picked":"Velvet Choker"}],"items_purged_floors":[2],"is_endless":false,"potions_floor_spawned":[10,14,18,22],"killed_by":"Gremlin Leader","ascension_level":15}