{"gold_per_floor":[115,134,149,164,164,164,177,188,215,245,245,245,29,92,92,92],"floor_reached":16,"playtime":549,"items_purged":["Strike_B"],"score":274,"play_id":"99819d0e-70f6-4d89-add4-2e91e3b7560c","local_time":"20190606220349","is_ascension_mode":true,"campfire_choices":[{"data":"Self Repair","floor":6,"key":"SMITH"},{"floor":12,"key":"REST"},{"floor":15,"key":"DIG"}],"neow_cost":"NONE","seed_source_timestamp":1296775460756959,"circlet_count":0,"master_deck":["AscendersBane","Strike_B","Strike_B","Defend_B","Defend_B","Defend_B","Defend_B+1","Zap","Dualcast","Self Repair+1","FTL","Ball Lightning","Sweeping Beam+1","Ball Lightning","Reinforced Body","Consume"],"relics":["Cracked Core","Smiling Mask","Shovel","PreservedInsect","Tiny Chest","Potion Belt"],"potions_floor_usage":[10,14],"damage_taken":[{"damage":1,"enemies":"Cultist","floor":1,"turns":3},{"damage":0,"enemies":"Small Slimes","floor":2,"turns":2},{"damage":9,"enemies":"2 Louse","floor":3,"turns":2},{"damage":15,"enemies":"Gremlin Gang","floor":4,"turns":5},{"damage":8,"enemies":"2 Fungi Beasts","floor":7,"turns":4},{"damage":27,"enemies":"Exordium Wildlife","floor":8,"turns":5},{"damage":25,"enemies":"3 Sentries","floor":10,"turns":5},{"damage":0,"enemies":"Gremlin Nob","floor":14,"turns":2},{"damage":33,"enemies":"Hexaghost","floor":16,"turns":7}],"seed_played":"-3817359016427092850","potions_obtained":[{"floor":3,"key":"Poison Potion"},{"floor":4,"key":"Weak Potion"},{"floor":7,"key":"Explosive Potion"}],"is_trial":false,"path_per_floor":["M","M","M","M","?","R","M","M","T","E","?","R","$","E","R","B"],"character_chosen":"DEFECT","items_purchased":["PreservedInsect"],"campfire_rested":1,"item_purchase_floors":[13],"current_hp_per_floor":[70,77,75,67,60,60,62,45,45,30,7,30,30,30,30,0],"gold":92,"neow_bonus":"TEN_PERCENT_HP_BONUS","is_prod":false,"is_daily":false,"chose_seed":false,"campfire_upgraded":1,"win_rate":0,"timestamp":1559873029,"path_taken":["M","?","M","M","?","R","M","M","T","E","?","R","$","E","R","BOSS"],"build_version":"2019-01-23","purchased_purges":1,"victory":false,"max_hp_per_floor":[78,78,78,78,78,78,78,78,78,78,78,78,78,78,78,78],"card_choices":[{"not_picked":["Redo","Hello World"],"picked":"Self Repair","floor":1},{"not_picked":["Chaos","Barrage"],"picked":"FTL","floor":2},{"not_picked":["Hologram","Aggregate"],"picked":"Ball Lightning","floor":3},{"not_picked":["Beam Cell","Stack","Rebound"],"picked":"SKIP","floor":4},{"not_picked":["Beam Cell","Stack","Rebound"],"picked":"SKIP","floor":4},{"not_picked":["Force Field","Rebound"],"picked":"Sweeping Beam","floor":7},{"not_picked":["Melter","Recycle"],"picked":"Ball Lightning","floor":8},{"not_picked":["Sunder","Gash"],"picked":"Reinforced Body","floor":10},{"not_picked":["Auto Shields","Beam Cell"],"picked":"Consume","floor":14}],"player_experience":909278,"relics_obtained":[{"floor":9,"key":"Smiling Mask"},{"floor":10,"key":"Shovel"},{"floor":14,"key":"Tiny Chest"},{"floor":15,"key":"Potion Belt"}],"event_choices":[{"cards_removed":["Strike_B"],"damage_healed":0,"gold_gain":0,"player_choice":"Card Removal","damage_taken":7,"max_hp_gain":0,"max_hp_loss":0,"event_name":"Golden Wing","floor":5,"gold_loss":0},{"damage_healed":0,"gold_gain":0,"player_choice":"Entered Light","damage_taken":23,"max_hp_gain":0,"max_hp_loss":0,"event_name":"Shining Light","floor":11,"gold_loss":0,"cards_upgraded":["Sweeping Beam","Defend_B"]}],"is_beta":false,"boss_relics":[],"items_purged_floors":[13],"is_endless":false,"potions_floor_spawned":[3,4,7],"killed_by":"Hexaghost","ascension_level":20}