{"gold_per_floor":[111,111,131,147,147,160,175,205,205,220,239,239,239,252,252,357,357,372,362,84,119,137,171,171,171,171,206,206,217,231,266,266,363,363,379,434,451,481,494,529,548,580,657,657,78,78,78,95,95,95],"floor_reached":51,"playtime":8363,"items_purged":["Strike_G","Strike_G"],"score":946,"play_id":"e55be0ee-4d90-4a3d-9c0d-7ca66f32d201","local_time":"20190527185518","is_ascension_mode":false,"campfire_choices":[{"floor":12.0,"key":"REST"},{"floor":15.0,"key":"REST"},{"floor":24.0,"key":"REST"},{"data":"Noxious Fumes","floor":28.0,"key":"SMITH"},{"data":"Neutralize","floor":32.0,"key":"SMITH"},{"data":"Prepared","floor":46.0,"key":"SMITH"},{"data":"Dodge and Roll","floor":49,"key":"SMITH"}],"neow_cost":"NONE","seed_source_timestamp":26289737588161,"circlet_count":0,"master_deck":["Defend_G","Defend_G","Defend_G","Defend_G","Defend_G","Strike_G","Strike_G","Strike_G+1","Survivor","Neutralize+1","Dagger Spray","Deadly Poison","Dodge and Roll","Noxious Fumes+1","Blur","Leg Sweep","Footwork+1","Backflip","After Image+1","Bullet Time","Deadly Poison","Prepared+1","Dodge and Roll+1","Backstab+1","Doppelganger","Noxious Fumes+1","Prepared+1","Blur","Caltrops+1","After Image+1","Catalyst","Footwork+1","Catalyst","Caltrops+1"],"special_seed":0,"relics":["Ring of the Snake","Happy Flower","Mummified Hand","Frozen Egg 2","Torii","Black Star","Bag of Marbles","Red Mask","Strawberry","Pocketwatch","Lantern","Bird Faced Urn","Mercury Hourglass","Boot","Anchor","White Beast Statue","Gambling Chip","Tiny Chest","Bronze Scales","Dodecahedron","PreservedInsect","Darkstone Periapt","Bottled Tornado","Kunai","Whetstone"],"potions_floor_usage":[50,50],"damage_taken":[{"damage":7.0,"enemies":"Small Slimes","floor":1.0,"turns":7.0},{"damage":0.0,"enemies":"Jaw Worm","floor":3.0,"turns":4.0},{"damage":0.0,"enemies":"Cultist","floor":4.0,"turns":4.0},{"damage":0.0,"enemies":"3 Louse","floor":6.0,"turns":2.0},{"damage":16.0,"enemies":"Gremlin Gang","floor":7.0,"turns":4.0},{"damage":36.0,"enemies":"Gremlin Nob","floor":8.0,"turns":5.0},{"damage":0.0,"enemies":"Large Slime","floor":10.0,"turns":6.0},{"damage":0.0,"enemies":"3 Louse","floor":11.0,"turns":3.0},{"damage":8.0,"enemies":"Exordium Wildlife","floor":14.0,"turns":5.0},{"damage":0.0,"enemies":"Hexaghost","floor":16.0,"turns":12.0},{"damage":1.0,"enemies":"3 Byrds","floor":18.0,"turns":6.0},{"damage":0.0,"enemies":"2 Thieves","floor":19.0,"turns":4.0},{"damage":20.0,"enemies":"Masked Bandits","floor":21.0,"turns":5.0},{"damage":0.0,"enemies":"Snake Plant","floor":22.0,"turns":7.0},{"damage":28.0,"enemies":"Gremlin Leader","floor":23.0,"turns":7.0},{"damage":0.0,"enemies":"Book of Stabbing","floor":27.0,"turns":7.0},{"damage":0.0,"enemies":"Shelled Parasite and Fungi","floor":29.0,"turns":6.0},{"damage":6.0,"enemies":"Centurion and Healer","floor":30.0,"turns":6.0},{"damage":2.0,"enemies":"Gremlin Leader","floor":31.0,"turns":7.0},{"damage":0.0,"enemies":"Champ","floor":33.0,"turns":13.0},{"damage":0.0,"enemies":"3 Shapes","floor":35.0,"turns":5.0},{"damage":16.0,"enemies":"2 Orb Walkers","floor":36.0,"turns":7.0},{"damage":0.0,"enemies":"Orb Walker","floor":37.0,"turns":4.0},{"damage":4.0,"enemies":"4 Shapes","floor":39.0,"turns":4.0},{"damage":0.0,"enemies":"Giant Head","floor":40.0,"turns":11.0},{"damage":0.0,"enemies":"Jaw Worm Horde","floor":41.0,"turns":5.0},{"damage":0.0,"enemies":"Reptomancer","floor":42.0,"turns":7.0},{"damage":0.0,"enemies":"Writhing Mass","floor":48.0,"turns":4.0},{"damage":44,"enemies":"Awakened One","floor":50,"turns":13}],"seed_played":"-8786295381611013464","potions_obtained":[{"floor":6.0,"key":"EssenceOfSteel"},{"floor":7.0,"key":"EssenceOfSteel"},{"floor":10.0,"key":"SpeedPotion"},{"floor":16.0,"key":"Explosive Potion"},{"floor":18.0,"key":"EntropicBrew"},{"floor":22.0,"key":"Dexterity Potion"},{"floor":23.0,"key":"EssenceOfSteel"},{"floor":29.0,"key":"Weak Potion"},{"floor":35.0,"key":"FearPotion"},{"floor":36.0,"key":"Fire Potion"},{"floor":37.0,"key":"Dexterity Potion"},{"floor":39.0,"key":"Swift Potion"},{"floor":40.0,"key":"GhostInAJar"},{"floor":41.0,"key":"SkillPotion"},{"floor":42.0,"key":"GamblersBrew"},{"floor":48.0,"key":"FearPotion"}],"is_trial":false,"path_per_floor":["M","?","M","M","T","M","M","E","T","M","M","R","?","M","R","B",null,"M","M","$","?","M","E","R","?","T","E","R","M","M","E","R","B",null,"M","?","M","T","M","E","M","E","T","?","$","R","?","M","R","B",null],"character_chosen":"THE_SILENT","items_purchased":["Dodge and Roll","Bag of Marbles","Caltrops+1","Kunai","Whetstone"],"campfire_rested":3,"item_purchase_floors":[20,20,45,45,45],"current_hp_per_floor":[63,63,63,63,63,63,47,11,11,11,11,32,32,24,45,45,70,69,69,69,49,49,28,51,51,51,51,51,59,61,69,69,77,77,77,61,69,69,73,77,77,77,77,77,77,77,70,77,77,33],"gold":95,"neow_bonus":"RANDOM_COMMON_RELIC","is_prod":false,"is_daily":false,"chose_seed":false,"campfire_upgraded":4,"win_rate":0.0,"timestamp":1558976118,"path_taken":["M","?","M","M","?","M","M","E","T","?","M","R","?","M","R","BOSS","M","?","$","?","M","E","R","?","T","E","R","M","M","E","R","BOSS","M","?","M","?","M","E","M","E","T","?","$","R","?","M","R","BOSS"],"build_version":"2019-01-23","purchased_purges":2,"victory":true,"max_hp_per_floor":[70,70,70,70,70,70,70,70,70,70,70,70,70,70,70,70,70,70,70,70,70,70,77,77,77,77,77,77,77,77,77,77,77,77,77,77,77,77,77,77,77,77,77,77,77,77,77,77,77,77],"card_choices":[{"not_picked":["Flying Knee","Sucker Punch"],"picked":"Dagger Spray","floor":1.0},{"not_picked":["Blade Dance","Heel Hook"],"picked":"Deadly Poison","floor":3.0},{"not_picked":["Slice","Infinite Blades"],"picked":"Dodge and Roll","floor":4.0},{"not_picked":["Deflect","PiercingWail"],"picked":"Noxious Fumes","floor":6.0},{"not_picked":["Quick Slash","Sucker Punch"],"picked":"Blur","floor":7.0},{"not_picked":["Poisoned Stab","Flechettes"],"picked":"Leg Sweep","floor":8.0},{"not_picked":["Slice","Deflect"],"picked":"Footwork+1","floor":10.0},{"not_picked":["Blade Dance","Skewer"],"picked":"Backflip","floor":11.0},{"not_picked":["Flying Knee","Terror"],"picked":"After Image+1","floor":14.0},{"not_picked":["Envenom+1","Unload"],"picked":"Bullet Time","floor":16.0},{"not_picked":["Dagger Spray","Calculated Gamble"],"picked":"Deadly Poison","floor":18.0},{"not_picked":["Leg Sweep","Deflect"],"picked":"Prepared+1","floor":19.0},{"not_picked":["All Out Attack","Reflex"],"picked":"Backstab","floor":22.0},{"not_picked":["Blade Dance","Sucker Punch"],"picked":"Doppelganger","floor":23.0},{"not_picked":["All Out Attack","Sucker Punch"],"picked":"Prepared","floor":27.0},{"not_picked":["Deadly Poison+1","Sucker Punch"],"picked":"Blur","floor":29.0},{"not_picked":["PiercingWail","Dagger Spray"],"picked":"Caltrops+1","floor":30.0},{"not_picked":["PiercingWail","Dodge and Roll","Finisher+1"],"picked":"SKIP","floor":31.0},{"not_picked":["Phantasmal Killer","Glass Knife"],"picked":"After Image+1","floor":33.0},{"not_picked":["Dagger Spray+1","Riddle With Holes+1","Distraction+1"],"picked":"SKIP","floor":35.0},{"not_picked":["Underhanded Strike","Distraction+1","Bullet Time"],"picked":"SKIP","floor":37.0},{"not_picked":["Outmaneuver+1","Slice","Poisoned Stab"],"picked":"SKIP","floor":39.0},{"not_picked":["Quick Slash","Calculated Gamble"],"picked":"Catalyst","floor":40.0},{"not_picked":["Backflip+1","Dodge and Roll+1"],"picked":"Footwork+1","floor":41.0},{"not_picked":["Malaise","Crippling Poison"],"picked":"Catalyst","floor":42.0},{"not_picked":["Slice+1","Reflex","Backstab+1"],"picked":"SKIP","floor":48.0}],"player_experience":63039,"relics_obtained":[{"floor":5.0,"key":"Mummified Hand"},{"floor":8.0,"key":"Frozen Egg 2"},{"floor":9.0,"key":"Torii"},{"floor":21.0,"key":"Red Mask"},{"floor":23.0,"key":"Strawberry"},{"floor":23.0,"key":"Pocketwatch"},{"floor":26.0,"key":"Lantern"},{"floor":27.0,"key":"Bird Faced Urn"},{"floor":27.0,"key":"Mercury Hourglass"},{"floor":31.0,"key":"Boot"},{"floor":31.0,"key":"Anchor"},{"floor":36.0,"key":"Gambling Chip"},{"floor":38.0,"key":"Tiny Chest"},{"floor":40.0,"key":"Bronze Scales"},{"floor":40.0,"key":"Dodecahedron"},{"floor":42.0,"key":"PreservedInsect"},{"floor":42.0,"key":"Darkstone Periapt"},{"floor":43.0,"key":"Bottled Tornado"}],"event_choices":[{"damage_healed":0.0,"max_hp_gain":0.0,"max_hp_loss":0.0,"gold_gain":0.0,"event_name":"Liars Game","player_choice":"Ignored","floor":2.0,"gold_loss":0.0,"damage_taken":0.0},{"damage_healed":0.0,"max_hp_gain":0.0,"max_hp_loss":0.0,"gold_gain":0.0,"event_name":"Lab","player_choice":"Got Potions","floor":13.0,"gold_loss":0.0,"damage_taken":0.0},{"damage_healed":0.0,"max_hp_gain":0.0,"max_hp_loss":0.0,"gold_gain":0.0,"event_name":"Masked Bandits","player_choice":"Fought Bandits","floor":21.0,"gold_loss":0.0,"damage_taken":0.0},{"damage_healed":0.0,"max_hp_gain":0.0,"max_hp_loss":0.0,"gold_gain":0.0,"event_name":"The Library","player_choice":"Read","floor":25.0,"gold_loss":0.0,"damage_taken":0.0,"cards_obtained":["Noxious Fumes"]},{"damage_healed":0.0,"max_hp_gain":0.0,"max_hp_loss":0.0,"gold_gain":0.0,"event_name":"Mysterious Sphere","player_choice":"Fight","floor":36.0,"gold_loss":0.0,"damage_taken":0.0},{"damage_healed":0.0,"max_hp_gain":0.0,"max_hp_loss":0.0,"gold_gain":0.0,"event_name":"SensoryStone","player_choice":"Memory 1","floor":44.0,"gold_loss":0.0,"damage_taken":0.0},{"damage_healed":0.0,"max_hp_gain":0.0,"max_hp_loss":0.0,"gold_gain":0.0,"event_name":"Wheel of Change","player_choice":"Damaged","floor":47.0,"gold_loss":0.0,"damage_taken":7.0}],"is_beta":false,"boss_relics":[{"not_picked":["Tiny House","Cursed Key"],"picked":"Black Star"},{"not_picked":["Calling Bell","WristBlade"],"picked":"White Beast Statue"}],"items_purged_floors":[20,45],"is_endless":false,"potions_floor_spawned":[6,7,10,16,18,22,23,29,35,36,37,39,40,41,42,48],"ascension_level":0}