{"gold_per_floor":[119,119,139,158,171,171,171,171,171,188,200,200,216,228,228,329,329,344,358,130,130,130,130,147,164,164,164,164,20,120,68,68,167,167,187,187,187,197,27,27,127,127],"floor_reached":42,"playtime":1870,"items_purged":["Strike_R","Bash"],"score":413,"play_id":"4db22190-3892-4b9b-a907-5f30f5eece36","local_time":"20190925042821","is_ascension_mode":false,"campfire_choices":[{"data":"Heavy Blade","floor":6,"key":"SMITH"},{"data":"Warcry","floor":8,"key":"SMITH"},{"data":"Hemokinesis","floor":12,"key":"SMITH"},{"data":"Seeing Red","floor":15,"key":"SMITH"},{"data":"Limit Break","floor":23,"key":"SMITH"},{"data":"Spot Weakness","floor":27,"key":"SMITH"},{"floor":32,"key":"REST"},{"floor":40,"key":"REST"}],"neow_cost":"NONE","seed_source_timestamp":1084561059825599,"circlet_count":0,"master_deck":["Defend_R","Defend_R","Defend_R","Defend_R","Warcry+1","Battle Trance","Heavy Blade+1","Seeing Red+1","Hemokinesis+1","Blood for Blood","Blood for Blood","Limit Break+1","Cleave","Rupture+1","Bite","Bite","Bite","Bite","Bite","Blood for Blood","Spot Weakness+1","J.A.X.","Flex+1","Double Tap","Inflame+1","Hemokinesis+1","Combust"],"relics":["Burning Blood","Lantern","Bag of Preparation","Mark of Pain","Omamori","PreservedInsect","Anchor","Bird Faced Urn","Molten Egg 2","Cursed Key"],"potions_floor_usage":[16,18,24,25,25,30,33,33],"damage_taken":[{"damage":10,"enemies":"Cultist","floor":1,"turns":4},{"damage":2,"enemies":"Small Slimes","floor":3,"turns":4},{"damage":5,"enemies":"2 Louse","floor":4,"turns":3},{"damage":27,"enemies":"Large Slime","floor":5,"turns":7},{"damage":5,"enemies":"Exordium Thugs","floor":10,"turns":4},{"damage":10,"enemies":"Looter","floor":11,"turns":3},{"damage":2,"enemies":"Large Slime","floor":13,"turns":5},{"damage":0,"enemies":"2 Fungi Beasts","floor":14,"turns":4},{"damage":61,"enemies":"Slime Boss","floor":16,"turns":12},{"damage":10,"enemies":"2 Thieves","floor":18,"turns":4},{"damage":12,"enemies":"Chosen","floor":19,"turns":3},{"damage":36,"enemies":"Shelled Parasite and Fungi","floor":24,"turns":4},{"damage":8,"enemies":"Snake Plant","floor":25,"turns":2},{"damage":26,"enemies":"Colosseum Slavers","floor":30,"turns":4},{"damage":10,"enemies":"Colosseum Nobs","floor":30,"turns":3},{"damage":62,"enemies":"Automaton","floor":33,"turns":8},{"damage":36,"enemies":"3 Darklings","floor":35,"turns":5},{"damage":33,"enemies":"3 Shapes","floor":38,"turns":6},{"damage":46,"enemies":"Nemesis","floor":42,"turns":2}],"seed_played":"2189001707354432724","potions_obtained":[{"floor":3,"key":"FearPotion"},{"floor":5,"key":"Regen Potion"},{"floor":10,"key":"AttackPotion"},{"floor":14,"key":"Weak Potion"},{"floor":16,"key":"Block Potion"},{"floor":24,"key":"SkillPotion"},{"floor":25,"key":"Ancient Potion"},{"floor":30,"key":"Block Potion"}],"is_trial":false,"path_per_floor":["M","?","M","M","M","R","?","R","T","M","M","R","M","M","R","B",null,"M","M","$","?","?","R","M","M","T","R","?","$","?","$","R","B",null,"M","?","?","M","$","R","?","E"],"character_chosen":"IRONCLAD","items_purchased":["Omamori","Anchor","Block Potion","Combust"],"campfire_rested":2,"item_purchase_floors":[20,29,31,39],"current_hp_per_floor":[76,76,80,80,59,59,80,80,80,80,76,76,80,80,80,25,80,76,70,70,56,56,56,35,42,42,42,42,42,34,34,50,16,56,32,32,32,15,15,31,31,0],"gold":127,"neow_bonus":"RANDOM_COMMON_RELIC","is_prod":false,"is_daily":false,"chose_seed":false,"campfire_upgraded":6,"win_rate":0,"timestamp":1569400101,"path_taken":["M","?","M","M","?","R","?","R","T","M","M","R","?","M","R","BOSS","M","?","$","?","?","R","M","?","T","R","?","$","?","$","R","BOSS","M","?","?","M","$","R","?","E"],"build_version":"2019-07-17","purchased_purges":2,"victory":false,"max_hp_per_floor":[80,80,80,80,80,80,80,80,80,80,80,80,80,80,80,80,80,80,80,80,56,56,56,56,56,56,56,56,56,56,56,56,56,56,56,56,56,56,56,56,56,56],"card_choices":[{"not_picked":["True Grit","Hemokinesis"],"picked":"Rupture","floor":1},{"not_picked":["Sword Boomerang","Iron Wave"],"picked":"Warcry","floor":3},{"not_picked":["Warcry","Rupture"],"picked":"Battle Trance","floor":4},{"not_picked":["Iron Wave","Headbutt"],"picked":"Heavy Blade","floor":5},{"not_picked":["True Grit","Corruption"],"picked":"Seeing Red","floor":10},{"not_picked":["Thunderclap","Shrug It Off"],"picked":"Hemokinesis","floor":11},{"not_picked":["Body Slam","Havoc"],"picked":"Blood for Blood","floor":13},{"not_picked":["Anger","Fire Breathing"],"picked":"Blood for Blood","floor":14},{"not_picked":["Exhume","Fiend Fire"],"picked":"Limit Break","floor":16},{"not_picked":["Armaments","Clash+1"],"picked":"Cleave","floor":18},{"not_picked":["Iron Wave","True Grit"],"picked":"Rupture+1","floor":19},{"not_picked":["Armaments","True Grit"],"picked":"Blood for Blood","floor":24},{"not_picked":["Warcry","Heavy Blade"],"picked":"Spot Weakness","floor":25},{"not_picked":["Cleave","Perfected Strike"],"picked":"Flex+1","floor":30},{"not_picked":["Berserk","Juggernaut"],"picked":"Double Tap","floor":33},{"not_picked":["Metallicize+1","Burning Pact"],"picked":"Inflame+1","floor":35},{"not_picked":["Clash+1","Perfected Strike+1"],"picked":"Hemokinesis+1","floor":38}],"player_experience":85469,"relics_obtained":[{"floor":9,"key":"Bag of Preparation"},{"floor":26,"key":"PreservedInsect"},{"floor":30,"key":"Bird Faced Urn"},{"floor":30,"key":"Molten Egg 2"}],"event_choices":[{"damage_healed":0,"gold_gain":0,"player_choice":"Forge","damage_taken":0,"max_hp_gain":0,"max_hp_loss":0,"event_name":"Accursed Blacksmith","floor":2,"gold_loss":0,"cards_upgraded":["Rupture"]},{"cards_removed":["Rupture"],"damage_healed":21,"gold_gain":0,"player_choice":"Offered Uncommon","damage_taken":0,"max_hp_gain":0,"max_hp_loss":0,"event_name":"Bonfire Elementals","floor":7,"gold_loss":0},{"damage_healed":0,"gold_gain":0,"player_choice":"Became a vampire","damage_taken":0,"max_hp_gain":0,"max_hp_loss":24,"event_name":"Vampires","floor":21,"gold_loss":0,"cards_obtained":["Bite","Bite","Bite","Bite","Bite"]},{"damage_healed":0,"gold_gain":0,"player_choice":"Ignored","damage_taken":0,"max_hp_gain":0,"max_hp_loss":0,"event_name":"Ghosts","floor":22,"gold_loss":0},{"damage_healed":0,"gold_gain":0,"player_choice":"Obtain J.A.X.","damage_taken":0,"max_hp_gain":0,"max_hp_loss":0,"event_name":"Drug Dealer","floor":28,"gold_loss":0,"cards_obtained":["J.A.X."]},{"damage_healed":0,"gold_gain":0,"player_choice":"Fight","damage_taken":0,"max_hp_gain":0,"max_hp_loss":0,"event_name":"Colosseum","floor":30,"gold_loss":0},{"damage_healed":0,"gold_gain":0,"player_choice":"Fought Nobs","damage_taken":0,"max_hp_gain":0,"max_hp_loss":0,"event_name":"Colosseum","floor":30,"gold_loss":0},{"damage_healed":0,"gold_gain":0,"player_choice":"Ignored","damage_taken":0,"max_hp_gain":0,"max_hp_loss":0,"event_name":"Mysterious Sphere","floor":36,"gold_loss":0},{"damage_healed":0,"gold_gain":0,"player_choice":"Ignored","damage_taken":0,"max_hp_gain":0,"max_hp_loss":0,"event_name":"Tomb of Lord Red Mask","floor":37,"gold_loss":0},{"damage_healed":0,"gold_gain":100,"player_choice":"Pray","damage_taken":0,"max_hp_gain":0,"max_hp_loss":0,"event_name":"Golden Shrine","floor":41,"gold_loss":0}],"is_beta":false,"boss_relics":[{"not_picked":["Lizard Tail","Sozu"],"picked":"Mark of Pain"},{"not_picked":["Velvet Choker","White Beast Statue"],"picked":"Cursed Key"}],"items_purged_floors":[20,39],"is_endless":false,"potions_floor_spawned":[3,5,10,13,14,16,24,25,30],"killed_by":"Nemesis","ascension_level":0}