{"gold_per_floor":[119,119,137,149,168,168,178,208,232,69,86,86,99,122,122,221,221,233,253,253,528,7,7,33,51,51,77,97,97,197,144,144,242,242,254,265,281,57,68,93,447,94,121,121,149,149,168,168,168,168],"floor_reached":51,"playtime":1990,"items_purged":["Regret","Strike_R"],"score":1020,"play_id":"45293127-f919-478c-9e2f-c3695e293f40","local_time":"20190821184941","is_ascension_mode":true,"campfire_choices":[{"data":"1","floor":6,"key":"LIFT"},{"data":"2","floor":15,"key":"LIFT"},{"data":"3","floor":23,"key":"LIFT"},{"data":"Limit Break","floor":29,"key":"SMITH"},{"data":"Flame Barrier","floor":32,"key":"SMITH"},{"data":"Body Slam","floor":44,"key":"SMITH"},{"data":"Whirlwind","floor":46,"key":"SMITH"},{"data":"Heavy Blade","floor":49,"key":"SMITH"}],"neow_cost":"CURSE","seed_source_timestamp":116095975751659,"circlet_count":0,"master_deck":["Strike_R","Strike_R","Strike_R","Strike_R","Defend_R","Defend_R+1","Defend_R","Defend_R","Bash","Cleave","Body Slam+1","Pommel Strike","Warcry","Flame Barrier+1","Inflame","Dramatic Entrance","Clothesline","Shrug It Off+1","Feed","Whirlwind+1","Heavy Blade+1","RitualDagger","Limit Break+1","Headbutt","Demon Form","Pummel+1","Whirlwind+1","Sword Boomerang","Heavy Blade"],"relics":["Burning Blood","Girya","Spirit Poop","Odd Mushroom","Dream Catcher","Red Skull","Coffee Dripper","PreservedInsect","Bronze Scales","Bag of Marbles","Anchor","Smiling Mask","Torii","Mummified Hand","Black Star","Juzu Bracelet","Blue Candle","Pear","Old Coin","Ornamental Fan","War Paint","Boot","Art of War"],"potions_floor_usage":[16,16,24,35,40,50,50,50],"damage_taken":[{"damage":12,"enemies":"2 Louse","floor":1,"turns":3},{"damage":1,"enemies":"Cultist","floor":3,"turns":3},{"damage":19,"enemies":"Small Slimes","floor":4,"turns":4},{"damage":14,"enemies":"3 Louse","floor":5,"turns":2},{"damage":9,"enemies":"Red Slaver","floor":7,"turns":4},{"damage":36,"enemies":"The Mushroom Lair","floor":8,"turns":3},{"damage":9,"enemies":"Blue Slaver","floor":11,"turns":4},{"damage":0,"enemies":"Exordium Wildlife","floor":13,"turns":2},{"damage":14,"enemies":"Hexaghost","floor":16,"turns":8},{"damage":16,"enemies":"2 Thieves","floor":18,"turns":3},{"damage":1,"enemies":"Spheric Guardian","floor":19,"turns":3},{"damage":0,"enemies":"Gremlin Leader","floor":24,"turns":3},{"damage":12,"enemies":"Cultist and Chosen","floor":25,"turns":2},{"damage":0,"enemies":"Slavers","floor":27,"turns":2},{"damage":0,"enemies":"Centurion and Healer","floor":28,"turns":3},{"damage":0,"enemies":"Colosseum Slavers","floor":30,"turns":2},{"damage":0,"enemies":"Colosseum Nobs","floor":30,"turns":2},{"damage":57,"enemies":"Collector","floor":33,"turns":7},{"damage":0,"enemies":"Orb Walker","floor":35,"turns":2},{"damage":20,"enemies":"3 Darklings","floor":36,"turns":3},{"damage":12,"enemies":"Jaw Worm Horde","floor":37,"turns":2},{"damage":2,"enemies":"Sphere and 2 Shapes","floor":39,"turns":3},{"damage":8,"enemies":"Nemesis","floor":40,"turns":3},{"damage":17,"enemies":"2 Orb Walkers","floor":41,"turns":2},{"damage":9,"enemies":"Giant Head","floor":45,"turns":5},{"damage":22,"enemies":"4 Shapes","floor":47,"turns":1},{"damage":50,"enemies":"Donu and Deca","floor":50,"turns":4}],"seed_played":"3964802078793328152","potions_obtained":[{"floor":1,"key":"Energy Potion"},{"floor":3,"key":"Energy Potion"},{"floor":5,"key":"Poison Potion"},{"floor":11,"key":"EntropicBrew"},{"floor":18,"key":"SkillPotion"},{"floor":24,"key":"Swift Potion"},{"floor":25,"key":"FairyPotion"},{"floor":35,"key":"Fire Potion"}],"is_trial":false,"path_per_floor":["M","?","M","M","M","R","M","?","T","$","M","?","M","T","R","B",null,"M","M","?","?","$","R","E","M","T","E","M","R","?","$","R","B",null,"M","M","M","$","M","E","?","$","T","R","E","R","M","?","R","B",null],"character_chosen":"IRONCLAD","items_purchased":["Inflame","Dramatic Entrance","Limit Break","PreservedInsect","Bronze Scales","Headbutt","Whirlwind","Juzu Bracelet","Ornamental Fan","PowerPotion"],"campfire_rested":0,"item_purchase_floors":[10,10,22,22,22,31,38,38,42,42],"current_hp_per_floor":[74,74,79,66,58,58,55,25,25,25,22,22,28,28,28,20,65,58,63,57,57,57,57,63,57,57,63,69,69,84,84,84,33,73,82,68,62,62,66,74,63,63,63,63,60,60,44,44,44,15],"gold":168,"neow_bonus":"ONE_RARE_RELIC","is_prod":false,"is_daily":false,"chose_seed":false,"campfire_upgraded":5,"win_rate":0,"timestamp":1566406181,"path_taken":["M","?","?","M","?","R","M","?","T","$","M","?","?","?","R","BOSS","M","M","?","?","$","R","E","?","T","E","M","R","?","?","R","BOSS","M","M","M","?","M","E","?","$","T","R","E","R","M","?","R","BOSS"],"build_version":"2019-07-17","purchased_purges":2,"victory":true,"max_hp_per_floor":[80,80,80,80,80,80,80,80,80,80,80,80,80,80,80,80,80,83,83,83,83,83,83,83,83,83,83,83,83,86,86,86,86,86,89,89,89,89,89,99,99,99,99,99,99,99,99,94,94,94],"card_choices":[{"not_picked":["Rampage","Carnage"],"picked":"Cleave","floor":1},{"not_picked":["Searing Blow","Rampage"],"picked":"Body Slam","floor":3},{"not_picked":["Warcry","Pummel"],"picked":"Pommel Strike","floor":4},{"not_picked":["Searing Blow","Sword Boomerang","Spot Weakness"],"picked":"SKIP","floor":5},{"not_picked":["Burning Pact","Disarm"],"picked":"Warcry","floor":7},{"not_picked":["Havoc","Flex"],"picked":"Flame Barrier","floor":8},{"not_picked":["True Grit","Clash"],"picked":"Clothesline","floor":11},{"not_picked":["Pommel Strike","Dual Wield"],"picked":"Shrug It Off","floor":13},{"not_picked":["Bludgeon","Impervious"],"picked":"Feed","floor":16},{"not_picked":["Infernal Blade","Warcry+1"],"picked":"Whirlwind+1","floor":18},{"not_picked":["Headbutt+1","Metallicize"],"picked":"Heavy Blade","floor":19},{"not_picked":["Uppercut","Headbutt","Seeing Red"],"picked":"SKIP","floor":24},{"not_picked":["True Grit","Clothesline","Second Wind"],"picked":"SKIP","floor":25},{"not_picked":["Havoc+1","Headbutt","Iron Wave"],"picked":"SKIP","floor":27},{"not_picked":["Combust","Cleave","Sentinel"],"picked":"SKIP","floor":28},{"not_picked":["Limit Break","Dark Embrace"],"picked":"Demon Form","floor":33},{"not_picked":["Anger","Evolve+1","Thunderclap+1"],"picked":"SKIP","floor":35},{"not_picked":["Flame Barrier","Ghostly Armor+1","Body Slam"],"picked":"SKIP","floor":36},{"not_picked":["Clash+1","Intimidate+1"],"picked":"Pummel+1","floor":37},{"not_picked":["Anger","Combust"],"picked":"Sword Boomerang","floor":39},{"not_picked":["Dropkick","Rupture","Armaments"],"picked":"SKIP","floor":40},{"not_picked":["Pommel Strike","Flex","Clash+1"],"picked":"SKIP","floor":45},{"not_picked":["Twin Strike","Shrug It Off"],"picked":"Heavy Blade","floor":47}],"player_experience":316240,"relics_obtained":[{"floor":8,"key":"Odd Mushroom"},{"floor":9,"key":"Dream Catcher"},{"floor":14,"key":"Red Skull"},{"floor":24,"key":"Bag of Marbles"},{"floor":26,"key":"Anchor"},{"floor":27,"key":"Smiling Mask"},{"floor":30,"key":"Torii"},{"floor":30,"key":"Mummified Hand"},{"floor":40,"key":"Blue Candle"},{"floor":40,"key":"Pear"},{"floor":41,"key":"Old Coin"},{"floor":43,"key":"War Paint"},{"floor":45,"key":"Boot"},{"floor":45,"key":"Art of War"}],"event_choices":[{"cards_removed":["Decay"],"damage_healed":0,"gold_gain":0,"player_choice":"Offered Curse","damage_taken":0,"relics_obtained":["Spirit Poop"],"max_hp_gain":0,"max_hp_loss":0,"event_name":"Bonfire Elementals","floor":2,"gold_loss":0},{"damage_healed":0,"gold_gain":0,"player_choice":"Fought Mushrooms","damage_taken":0,"max_hp_gain":0,"max_hp_loss":0,"event_name":"Mushrooms","floor":8,"gold_loss":0},{"damage_healed":0,"gold_gain":0,"player_choice":"Bought 0 Potions","damage_taken":0,"max_hp_gain":0,"max_hp_loss":0,"event_name":"The Woman in Blue","floor":12,"gold_loss":0},{"damage_healed":0,"gold_gain":0,"player_choice":"Joined the Cult","damage_taken":6,"max_hp_gain":0,"max_hp_loss":0,"event_name":"Nest","floor":20,"gold_loss":0,"cards_obtained":["RitualDagger"]},{"damage_healed":0,"gold_gain":275,"player_choice":"Desecrate","damage_taken":0,"max_hp_gain":0,"max_hp_loss":0,"event_name":"Golden Shrine","floor":21,"gold_loss":0,"cards_obtained":["Regret"]},{"damage_healed":0,"gold_gain":0,"player_choice":"Fight","damage_taken":0,"max_hp_gain":0,"max_hp_loss":0,"event_name":"Colosseum","floor":30,"gold_loss":0},{"damage_healed":0,"gold_gain":0,"player_choice":"Fought Nobs","damage_taken":0,"max_hp_gain":0,"max_hp_loss":0,"event_name":"Colosseum","floor":30,"gold_loss":0},{"damage_healed":0,"gold_gain":0,"player_choice":"Fight","damage_taken":0,"max_hp_gain":0,"max_hp_loss":0,"event_name":"Mysterious Sphere","floor":41,"gold_loss":0},{"damage_healed":0,"gold_gain":0,"player_choice":"Max HP","damage_taken":0,"max_hp_gain":0,"max_hp_loss":5,"event_name":"Winding Halls","floor":48,"gold_loss":0}],"is_beta":false,"boss_relics":[{"not_picked":["Ectoplasm","Lizard Tail"],"picked":"Coffee Dripper"},{"not_picked":["White Beast Statue","Runic Cube"],"picked":"Black Star"}],"items_purged_floors":[22,42],"is_endless":false,"potions_floor_spawned":[1,3,5,11,18,24,25,30,30,35,37,47],"ascension_level":5}