{"gold_per_floor":[110,121,121,121,121,121,134,145,201,230,230,130,130,144,144,220,220,230,249,249,259,270,270,299,310,310,328,328,328,345,358,358,432,432,445,455,455,455,473,503,503,522,544,544,93,106,106,122,122,122,122],"floor_reached":52,"playtime":1987,"items_purged":["Strike_P","Strike_P+1"],"score":2314,"play_id":"adee787c-a7ce-4cae-8257-54e29cb066e3","local_time":"20190927032649","is_ascension_mode":true,"campfire_choices":[{"data":"Vigilance","floor":6.0,"key":"SMITH"},{"data":"CrushJoints","floor":13.0,"key":"SMITH"},{"data":"WheelKick","floor":15.0,"key":"SMITH"},{"data":"SandsOfTime","floor":23.0,"key":"SMITH"},{"floor":32.0,"key":"REST"},{"data":"Defend_P","floor":41.0,"key":"SMITH"},{"floor":49,"key":"REST"}],"neow_cost":"NONE","seed_source_timestamp":342213031926600,"circlet_count":0,"master_deck":["Defend_P+1","Defend_P+1","Eruption","Vigilance+1","AscMod:ascendersbane","WheelKick+1","CrushJoints+1","SandsOfTime+1","Wallop+1","DevaForm","Wallop+1","Wallop+1"],"special_seed":0,"relics":["Snecko Eye","Golden Idol","Darkstone Periapt","Akabeko","Empty Cage","Boot","HornCleat","Molten Egg 2","Regal Pillow","Philosopher\u0027s Stone","Bottled Tornado","Smiling Mask","Calipers"],"potions_floor_usage":[51,51],"damage_taken":[{"damage":0.0,"enemies":"Small Slimes","floor":1.0,"turns":2.0},{"damage":0.0,"enemies":"2 Louse","floor":2.0,"turns":2.0},{"damage":0.0,"enemies":"Cultist","floor":7.0,"turns":3.0},{"damage":5.0,"enemies":"Large Slime","floor":8.0,"turns":3.0},{"damage":0.0,"enemies":"Lagavulin","floor":10.0,"turns":7.0},{"damage":1.0,"enemies":"Red Slaver","floor":14.0,"turns":2.0},{"damage":0.0,"enemies":"Slime Boss","floor":16.0,"turns":4.0},{"damage":0.0,"enemies":"Spheric Guardian","floor":18.0,"turns":3.0},{"damage":0.0,"enemies":"Shell Parasite","floor":21.0,"turns":1.0},{"damage":28.0,"enemies":"Chosen and Byrds","floor":22.0,"turns":7.0},{"damage":34.0,"enemies":"Book of Stabbing","floor":24.0,"turns":3.0},{"damage":1.0,"enemies":"Cultist and Chosen","floor":25.0,"turns":5.0},{"damage":0.0,"enemies":"Snecko","floor":27.0,"turns":3.0},{"damage":5.0,"enemies":"Colosseum Slavers","floor":28.0,"turns":4.0},{"damage":0.0,"enemies":"3 Cultists","floor":30.0,"turns":2.0},{"damage":0.0,"enemies":"Snake Plant","floor":31.0,"turns":3.0},{"damage":1.0,"enemies":"Champ","floor":33.0,"turns":7.0},{"damage":0.0,"enemies":"3 Darklings","floor":35.0,"turns":5.0},{"damage":0.0,"enemies":"3 Shapes","floor":36.0,"turns":4.0},{"damage":0.0,"enemies":"Sphere and 2 Shapes","floor":39.0,"turns":3.0},{"damage":0.0,"enemies":"Nemesis","floor":40.0,"turns":3.0},{"damage":15.0,"enemies":"3 Darklings","floor":42.0,"turns":3.0},{"damage":0.0,"enemies":"Transient","floor":46.0,"turns":6.0},{"damage":0,"enemies":"Writhing Mass","floor":48,"turns":5},{"damage":0,"enemies":"Awakened One","floor":50,"turns":7},{"damage":5,"enemies":"Time Eater","floor":51,"turns":11}],"seed_played":"-6738998865419399867","potions_obtained":[{"floor":1.0,"key":"GamblersBrew"},{"floor":10.0,"key":"PowerPotion"},{"floor":16.0,"key":"FairyPotion"},{"floor":25.0,"key":"FearPotion"},{"floor":27.0,"key":"SteroidPotion"},{"floor":33.0,"key":"FearPotion"},{"floor":35.0,"key":"Weak Potion"}],"is_trial":false,"path_per_floor":["M","M","?","?","?","R","M","M","T","E","?","$","R","M","R","B",null,"M","T","?","M","M","R","E","M","T","M","?","?","M","M","R","B",null,"M","M","?","?","M","E","R","M","T","?","$","M","?","M","R","B","B",null],"character_chosen":"WATCHER","items_purchased":["Calipers","Dexterity Potion"],"campfire_rested":2,"item_purchase_floors":[45,45],"current_hp_per_floor":[55,55,55,37,37,37,37,32,32,32,32,32,32,31,31,31,45,45,45,45,45,17,17,13,12,12,12,7,7,7,7,32,31,45,45,45,45,45,45,45,45,30,30,30,30,30,30,30,52,52,47],"gold":122,"neow_bonus":"BOSS_RELIC","is_prod":false,"is_daily":false,"chose_seed":false,"campfire_upgraded":5,"win_rate":0,"timestamp":1569529609,"path_taken":["M","M","?","?","?","R","M","M","T","E","?","$","R","M","R","BOSS","M","?","?","?","M","R","E","M","T","M","?","?","M","M","R","BOSS","M","M","?","?","M","E","R","M","T","?","$","?","?","M","R","BOSS","BOSS"],"build_version":"2019-09-25","purchased_purges":2,"victory":true,"max_hp_per_floor":[61,61,61,61,55,55,55,55,55,55,55,55,55,55,55,55,55,55,55,55,55,55,55,55,55,55,55,55,55,55,55,55,55,55,55,55,55,52,52,52,52,52,52,52,52,52,52,52,52,52,52],"card_choices":[{"not_picked":["Conclude","ThirdEye","CrushJoints"],"picked":"SKIP","floor":1.0},{"not_picked":["EmptyFist","Crescendo","FollowUp"],"picked":"SKIP","floor":2.0},{"not_picked":["FlyingSleeves","Crescendo"],"picked":"WheelKick","floor":7.0},{"not_picked":["Prostrate","SashWhip","CutThroughFate"],"picked":"SKIP","floor":8.0},{"not_picked":["Judgement","FearNoEvil","Brilliance"],"picked":"SKIP","floor":10.0},{"not_picked":["Swivel","Protect"],"picked":"SandsOfTime","floor":14.0},{"not_picked":["CutThroughFate","EmptyFist","ClearTheMind"],"picked":"SKIP","floor":18.0},{"not_picked":["Crescendo+1","JustLucky","CutThroughFate"],"picked":"SKIP","floor":21.0},{"not_picked":["Collect","Meditate","FollowUp"],"picked":"SKIP","floor":22.0},{"not_picked":["Halt","FollowUp+1","DeceiveReality"],"picked":"SKIP","floor":24.0},{"not_picked":["Weave+1","FlowState","EmptyBody"],"picked":"SKIP","floor":25.0},{"not_picked":["Halt+1","Prostrate","Sanctity"],"picked":"SKIP","floor":27.0},{"not_picked":["Halt","EmptyBody"],"picked":"Wallop+1","floor":30.0},{"not_picked":["Conclude+1","PathToVictory","BowlingBash+1"],"picked":"SKIP","floor":31.0},{"not_picked":["Judgement","Adaptation"],"picked":"DevaForm","floor":33.0},{"not_picked":["SashWhip+1","EmptyBody"],"picked":"Wallop+1","floor":35.0},{"not_picked":["Prostrate+1","CleanseEvil","EmptyMind"],"picked":"SKIP","floor":36.0},{"not_picked":["Crescendo","Wallop+1","Wireheading"],"picked":"SKIP","floor":39.0},{"not_picked":["EmptyMind","Collect","BowlingBash+1"],"picked":"SKIP","floor":40.0},{"not_picked":["BowlingBash+1","ClearTheMind+1","Sanctity"],"picked":"SKIP","floor":42.0},{"not_picked":["WindmillStrike+1","FearNoEvil+1","Consecrate+1"],"picked":"SKIP","floor":46.0},{"not_picked":["Worship","CarveReality+1"],"picked":"Wallop+1","floor":48}],"player_experience":1167041,"relics_obtained":[{"floor":9.0,"key":"Darkstone Periapt"},{"floor":10.0,"key":"Akabeko"},{"floor":19.0,"key":"Boot"},{"floor":24.0,"key":"Molten Egg 2"},{"floor":26.0,"key":"Regal Pillow"},{"floor":40.0,"key":"Bottled Tornado"},{"floor":43.0,"key":"Smiling Mask"}],"event_choices":[{"cards_removed":["Defend_P"],"damage_healed":0.0,"max_hp_gain":0.0,"max_hp_loss":0.0,"gold_gain":0.0,"event_name":"Living Wall","player_choice":"Forget","floor":3.0,"gold_loss":0.0,"damage_taken":0.0},{"damage_healed":0.0,"max_hp_gain":0.0,"max_hp_loss":0.0,"gold_gain":0.0,"event_name":"Shining Light","player_choice":"Entered Light","floor":4.0,"gold_loss":0.0,"damage_taken":18.0,"cards_upgraded":["Strike_P","Defend_P"]},{"damage_healed":0.0,"max_hp_gain":0.0,"max_hp_loss":6.0,"gold_gain":0.0,"event_name":"Golden Idol","player_choice":"Lose Max HP","floor":5.0,"gold_loss":0.0,"damage_taken":0.0,"relics_obtained":["Golden Idol"]},{"damage_healed":0.0,"max_hp_gain":0.0,"max_hp_loss":0.0,"gold_gain":0.0,"cards_transformed":["Strike_P"],"event_name":"Transmorgrifier","player_choice":"Transformed","floor":11.0,"gold_loss":0.0,"damage_taken":0.0,"cards_obtained":["CrushJoints"]},{"damage_healed":0.0,"max_hp_gain":0.0,"max_hp_loss":0.0,"gold_gain":0.0,"event_name":"WeMeetAgain","player_choice":"Gave Potion","floor":20.0,"gold_loss":0.0,"damage_taken":0.0,"relics_obtained":["HornCleat"]},{"damage_healed":0.0,"max_hp_gain":0.0,"max_hp_loss":0.0,"gold_gain":0.0,"event_name":"Colosseum","player_choice":"Fight","floor":28.0,"gold_loss":0.0,"damage_taken":0.0},{"damage_healed":0.0,"max_hp_gain":0.0,"max_hp_loss":0.0,"gold_gain":0.0,"event_name":"Colosseum","player_choice":"Fled From Nobs","floor":28.0,"gold_loss":0.0,"damage_taken":0.0},{"damage_healed":0.0,"max_hp_gain":0.0,"max_hp_loss":0.0,"gold_gain":0.0,"event_name":"The Mausoleum","player_choice":"Ignored","floor":29.0,"gold_loss":0.0,"damage_taken":0.0},{"damage_healed":0.0,"max_hp_gain":0.0,"max_hp_loss":0.0,"gold_gain":0.0,"event_name":"SensoryStone","player_choice":"Memory 1","floor":37.0,"gold_loss":0.0,"damage_taken":0.0},{"damage_healed":0.0,"max_hp_gain":0.0,"max_hp_loss":3.0,"gold_gain":0.0,"event_name":"Winding Halls","player_choice":"Max HP","floor":38.0,"gold_loss":0.0,"damage_taken":0.0},{"damage_healed":0.0,"max_hp_gain":0.0,"max_hp_loss":0.0,"gold_gain":0.0,"event_name":"Tomb of Lord Red Mask","player_choice":"Ignored","floor":44.0,"gold_loss":0.0,"damage_taken":0.0},{"damage_healed":0,"gold_gain":0,"player_choice":"Ignored","damage_taken":0,"max_hp_gain":0,"max_hp_loss":0,"event_name":"Mysterious Sphere","floor":47,"gold_loss":0}],"is_beta":true,"boss_relics":[{"not_picked":["MetallicRebirth"],"picked":"VoidEssence"},{"not_picked":["MetallicRebirth"],"picked":"VoidEssence"},{"not_picked":["SacredBark","Calling Bell"],"picked":"Empty Cage"},{"not_picked":["MetallicRebirth"],"picked":"Scatterbrain"},{"not_picked":["MetallicRebirth"],"picked":"Scatterbrain"},{"not_picked":["Black Star","Tiny House"],"picked":"Philosopher\u0027s Stone"}],"items_purged_floors":[12,45],"is_endless":false,"potions_floor_spawned":[1,10,16,25,27,30,31,33,35,36,39],"ascension_level":25}