{"gold_per_floor":[117,131,146,146,46,46,63,63,109,24,57,72,33,64,64,138,138,148,73,90,90,14,14,340,340,340,374,393,92,108,135,135,206,206,223,236,281,281,76,76,102,102,102,133,152,179,14,24,24,24],"floor_reached":51,"playtime":14940,"items_purged":["Strike_G","Strike_G","Strike_G"],"score":1467,"play_id":"5e8df13f-a934-432d-be01-5985aedfdc85","local_time":"20190705170646","is_ascension_mode":true,"campfire_choices":[{"data":"Footwork","floor":6.0,"key":"SMITH"},{"data":"Neutralize","floor":8.0,"key":"SMITH"},{"data":"Footwork","floor":15.0,"key":"SMITH"},{"data":"Footwork","floor":23.0,"key":"SMITH"},{"data":"Adrenaline","floor":25.0,"key":"SMITH"},{"floor":32.0,"key":"REST"},{"data":"Apotheosis","floor":40,"key":"SMITH"},{"data":"After Image","floor":42,"key":"SMITH"},{"floor":49,"key":"REST"}],"neow_cost":"NONE","seed_source_timestamp":0,"circlet_count":0,"master_deck":["AscendersBane","Strike_G+1","Defend_G","Defend_G","Defend_G","Defend_G+1","Defend_G","Survivor","Neutralize+1","Dagger Spray","Backstab","Footwork+1","Backflip","Footwork+1","Dash+1","Venomology+1","Well Laid Plans","Infinite Blades","Adrenaline+1","Sucker Punch","Bouncing Flask","Neutralize","Footwork+1","Predator","After Image+1","Blur","Apotheosis+1","Backflip+1","Adrenaline","Acrobatics+1","Dagger Throw+1","Deflect","Calculated Gamble","Deadly Poison","Dodge and Roll+1","Poisoned Stab+1","Escape Plan+1","Deadly Poison+1","Prepared+1","Cloak And Dagger+1"],"special_seed":0,"relics":["Ring of the Snake","NeowsBlessing","Anchor","Boot","Potion Belt","Gremlin Horn","Black Star","Old Coin","Bag of Preparation","Letter Opener","Vajra","Whetstone","Centennial Puzzle","Kunai","Lizard Tail","Incense Burner","Pen Nib","Molten Egg 2","Toxic Egg 2","Snake Skull","War Paint","Regal Pillow","Bag of Marbles"],"potions_floor_usage":[35,37,37,37,48,48,50,50],"damage_taken":[{"damage":0.0,"enemies":"Cultist","floor":1.0,"turns":1.0},{"damage":0.0,"enemies":"Jaw Worm","floor":2.0,"turns":1.0},{"damage":0.0,"enemies":"2 Louse","floor":3.0,"turns":1.0},{"damage":3.0,"enemies":"Lots of Slimes","floor":7.0,"turns":5.0},{"damage":1.0,"enemies":"3 Sentries","floor":11.0,"turns":7.0},{"damage":0.0,"enemies":"Large Slime","floor":12.0,"turns":6.0},{"damage":1.0,"enemies":"Lagavulin","floor":14.0,"turns":11.0},{"damage":11.0,"enemies":"Slime Boss","floor":16.0,"turns":12.0},{"damage":7.0,"enemies":"Spheric Guardian","floor":18.0,"turns":8.0},{"damage":0.0,"enemies":"Shell Parasite","floor":20.0,"turns":9.0},{"damage":1.0,"enemies":"Book of Stabbing","floor":24.0,"turns":8.0},{"damage":25.0,"enemies":"Slavers","floor":27.0,"turns":9.0},{"damage":15.0,"enemies":"Snecko","floor":28.0,"turns":5.0},{"damage":0.0,"enemies":"Shelled Parasite and Fungi","floor":30.0,"turns":3.0},{"damage":10.0,"enemies":"Gremlin Leader","floor":31.0,"turns":4.0},{"damage":8.0,"enemies":"Champ","floor":33.0,"turns":18.0},{"damage":3,"enemies":"3 Darklings","floor":35,"turns":6},{"damage":0,"enemies":"Orb Walker","floor":36,"turns":5},{"damage":33,"enemies":"2 Orb Walkers","floor":37,"turns":7},{"damage":1,"enemies":"Reptomancer","floor":41,"turns":9},{"damage":1,"enemies":"Giant Head","floor":44,"turns":12},{"damage":0,"enemies":"Maw","floor":45,"turns":8},{"damage":1,"enemies":"Nemesis","floor":46,"turns":7},{"damage":8,"enemies":"Transient","floor":48,"turns":5},{"damage":0,"enemies":"Awakened One","floor":50,"turns":23}],"seed_played":"-1513807779391017521","potions_obtained":[{"floor":2.0,"key":"Dexterity Potion"},{"floor":7.0,"key":"LiquidBronze"},{"floor":14.0,"key":"Poison Potion"},{"floor":27.0,"key":"FearPotion"},{"floor":28.0,"key":"Explosive Potion"},{"floor":30.0,"key":"Strength Potion"},{"floor":41,"key":"Regen Potion"},{"floor":48,"key":"EssenceOfSteel"}],"is_trial":false,"path_per_floor":["M","M","M","?","$","R","M","R","T","$","E","M","$","E","R","B",null,"M","?","M","?","$","R","E","R","T","E","M","$","M","E","R","B",null,"M","M","?","?","$","R","E","R","T","E","M","E","$","M","R","B",null],"character_chosen":"THE_SILENT","items_purchased":["Backflip","Footwork","Well Laid Plans","Footwork","Apotheosis","Calculated Gamble","Deadly Poison+1","Prepared+1","GhostInAJar"],"campfire_rested":2,"item_purchase_floors":[5,10,13,22,29,39,47,47,47],"current_hp_per_floor":[59,59,59,48,48,48,45,45,45,45,44,44,44,43,43,32,58,51,51,51,51,51,51,50,50,50,40,25,25,25,15,34,26,56,53,53,20,66,66,66,65,65,65,64,64,63,63,55,66,66],"gold":24,"neow_bonus":"THREE_ENEMY_KILL","is_prod":false,"is_daily":false,"chose_seed":false,"campfire_upgraded":7,"win_rate":0,"timestamp":1562364406,"path_taken":["M","?","M","?","$","R","M","R","T","$","E","M","?","E","R","BOSS","M","?","M","?","$","R","E","R","T","E","M","$","?","E","R","BOSS","M","?","?","?","$","R","E","R","T","E","M","E","$","?","R","BOSS"],"build_version":"2019-07-01","purchased_purges":3,"victory":true,"max_hp_per_floor":[66,66,66,66,66,66,66,66,66,66,66,66,66,66,66,66,66,66,66,66,66,66,66,66,66,66,66,66,66,66,66,66,66,66,66,66,66,66,66,66,66,66,66,66,66,66,66,66,66,66],"card_choices":[{"not_picked":["Flying Knee","Quick Slash"],"picked":"Dagger Spray","floor":1.0},{"not_picked":["Poisoned Stab","Blade Dance"],"picked":"Backstab","floor":2.0},{"not_picked":["Noxious Fumes","Acrobatics"],"picked":"Footwork","floor":3.0},{"not_picked":["Expertise","Storm of Steel","Prepared"],"picked":"SKIP","floor":7.0},{"not_picked":["Deflect","Flying Knee"],"picked":"Dash","floor":11.0},{"not_picked":["Flying Knee","Underhanded Strike"],"picked":"Venomology","floor":12.0},{"not_picked":["Distraction","Acrobatics"],"picked":"Infinite Blades","floor":14.0},{"not_picked":["Burst","Storm of Steel"],"picked":"Adrenaline","floor":16.0},{"not_picked":["Catalyst","Choke"],"picked":"Sucker Punch","floor":18.0},{"not_picked":["Terror+1","Accuracy"],"picked":"Bouncing Flask","floor":20.0},{"not_picked":["Outmaneuver","Flying Knee"],"picked":"Predator","floor":24.0},{"not_picked":["Cloak And Dagger","Accuracy"],"picked":"After Image","floor":27.0},{"not_picked":["Bane","Dash"],"picked":"Blur","floor":28.0},{"not_picked":["Heel Hook","Slice","Flechettes"],"picked":"SKIP","floor":30.0},{"not_picked":["All Out Attack","Setup"],"picked":"Backflip+1","floor":31.0},{"not_picked":["Doppelganger","Venomology"],"picked":"Adrenaline","floor":33.0},{"not_picked":["Infinite Blades","Slice"],"picked":"Acrobatics+1","floor":35},{"not_picked":["Deadly Poison","Slice"],"picked":"Dagger Throw+1","floor":36},{"not_picked":["Underhanded Strike","Accuracy"],"picked":"Deflect","floor":37},{"not_picked":["Dagger Spray","Slice"],"picked":"Deadly Poison","floor":41},{"not_picked":["Die Die Die+1","Underhanded Strike+1"],"picked":"Dodge and Roll+1","floor":44},{"not_picked":["Prepared+1","Quick Slash+1"],"picked":"Poisoned Stab+1","floor":45},{"not_picked":["Tactician+1","Flying Knee+1"],"picked":"Escape Plan+1","floor":46},{"not_picked":["Sucker Punch+1","Acrobatics+1"],"picked":"Cloak And Dagger+1","floor":48}],"player_experience":1505017,"relics_obtained":[{"floor":9.0,"key":"Boot"},{"floor":11.0,"key":"Potion Belt"},{"floor":14.0,"key":"Gremlin Horn"},{"floor":24.0,"key":"Old Coin"},{"floor":24.0,"key":"Bag of Preparation"},{"floor":26.0,"key":"Letter Opener"},{"floor":27.0,"key":"Vajra"},{"floor":27.0,"key":"Whetstone"},{"floor":31.0,"key":"Centennial Puzzle"},{"floor":31.0,"key":"Kunai"},{"floor":37,"key":"Incense Burner"},{"floor":41,"key":"Pen Nib"},{"floor":41,"key":"Molten Egg 2"},{"floor":43,"key":"Toxic Egg 2"},{"floor":44,"key":"Snake Skull"},{"floor":44,"key":"War Paint"},{"floor":46,"key":"Regal Pillow"},{"floor":46,"key":"Bag of Marbles"}],"event_choices":[{"damage_healed":0.0,"max_hp_gain":0.0,"max_hp_loss":0.0,"gold_gain":0.0,"event_name":"Scrap Ooze","player_choice":"Success","floor":4.0,"gold_loss":0.0,"damage_taken":11.0,"relics_obtained":["Anchor"]},{"cards_removed":["Strike_G"],"damage_healed":0.0,"max_hp_gain":0.0,"max_hp_loss":0.0,"gold_gain":0.0,"event_name":"Beggar","player_choice":"Gave Gold","floor":19.0,"gold_loss":75.0,"damage_taken":0.0},{"damage_healed":0.0,"max_hp_gain":0.0,"max_hp_loss":0.0,"gold_gain":0.0,"event_name":"Match and Keep!","player_choice":"1 cards matched","floor":21.0,"gold_loss":0.0,"damage_taken":0.0,"cards_obtained":["Neutralize"]},{"damage_healed":0,"gold_gain":0,"player_choice":"Fight","damage_taken":0,"max_hp_gain":0,"max_hp_loss":0,"event_name":"Mysterious Sphere","floor":37,"gold_loss":0},{"damage_healed":46,"gold_gain":0,"player_choice":"Full Heal","damage_taken":0,"max_hp_gain":0,"max_hp_loss":0,"event_name":"Wheel of Change","floor":38,"gold_loss":0}],"is_beta":false,"boss_relics":[{"not_picked":["Sozu","Empty Cage"],"picked":"Black Star"},{"not_picked":["Eternal Feather","Runic Dome"],"picked":"Lizard Tail"}],"items_purged_floors":[5,29,39],"is_endless":false,"potions_floor_spawned":[2,7,14,27,28,30,41,45,48],"ascension_level":16}