{"gold_per_floor":[118,130,146,146,71,105,115,115,115,15,44,44,60,93,93,196,196,214,164,178,103,103,132,132,132,155,155,172,172,21,41,41,41],"floor_reached":33,"playtime":15355,"items_purged":["Strike_G","Strike_G","Strike_G"],"score":396,"play_id":"847aca31-96b2-4a63-97c5-d7e2ff3e0f83","local_time":"20180918162123","is_ascension_mode":true,"campfire_choices":[{"data":"Dash","floor":8,"key":"SMITH"},{"floor":12,"key":"REST"},{"data":"Cloak And Dagger","floor":15,"key":"SMITH"},{"data":"Glass Knife","floor":25,"key":"SMITH"},{"data":"Footwork","floor":27,"key":"SMITH"},{"data":"Quick Slash","floor":32,"key":"SMITH"}],"neow_cost":"NONE","seed_source_timestamp":442411542102032,"circlet_count":0,"master_deck":["Defend_G","Defend_G","Defend_G","Defend_G","Defend_G+1","Strike_G","Strike_G+1","Survivor","Neutralize","Cloak And Dagger+1","Dash+1","Backstab","Grand Finale","Crippling Poison","Quick Slash+1","Doppelganger","Glass Knife+1","Dagger Throw","Concentrate+1","Footwork+1","Burst","Well Laid Plans","Poisoned Stab","Acrobatics"],"relics":["Ring of the Snake","PreservedInsect","Darkstone Periapt","Ginger","Centennial Puzzle","Coffee Dripper","Dodecahedron","Ornamental Fan","Regal Pillow","Gremlin Horn"],"potions_floor_usage":[16,16,31],"damage_taken":[{"damage":0,"enemies":"Small Slimes","floor":1,"turns":3},{"damage":1,"enemies":"Jaw Worm","floor":2,"turns":4},{"damage":0,"enemies":"Cultist","floor":3,"turns":4},{"damage":7,"enemies":"3 Sentries","floor":6,"turns":12},{"damage":0,"enemies":"Blue Slaver","floor":7,"turns":3},{"damage":3,"enemies":"Gremlin Nob","floor":11,"turns":4},{"damage":0,"enemies":"2 Fungi Beasts","floor":13,"turns":4},{"damage":9,"enemies":"3 Sentries","floor":14,"turns":10},{"damage":10,"enemies":"Slime Boss","floor":16,"turns":12},{"damage":7,"enemies":"Chosen","floor":18,"turns":5},{"damage":10,"enemies":"Shell Parasite","floor":20,"turns":5},{"damage":20,"enemies":"Gremlin Leader","floor":23,"turns":3},{"damage":10,"enemies":"Centurion and Healer","floor":28,"turns":9},{"damage":2,"enemies":"3 Cultists","floor":31,"turns":4},{"damage":59,"enemies":"Collector","floor":33,"turns":6}],"seed_played":"1737665272155666202","potions_obtained":[{"floor":3,"key":"EssenceOfSteel"},{"floor":6,"key":"Fire Potion"},{"floor":11,"key":"Dexterity Potion"},{"floor":16,"key":"Strength Potion"},{"floor":20,"key":"Fire Potion"}],"is_trial":false,"path_per_floor":["M","M","M","?","$","E","M","R","T","$","E","R","M","E","R","B",null,"M","$","M","$","T","E","?","R","T","R","M","T","$","M","R"],"character_chosen":"THE_SILENT","items_purchased":["Dagger Throw","Footwork","Poisoned Stab"],"campfire_rested":1,"item_purchase_floors":[19,21,30],"current_hp_per_floor":[63,62,62,48,48,41,41,41,41,41,38,59,59,50,50,40,63,56,56,46,46,46,26,49,49,49,49,39,39,39,37,37,0],"gold":41,"neow_bonus":"THREE_CARDS","is_prod":false,"is_daily":false,"chose_seed":false,"campfire_upgraded":5,"win_rate":0,"timestamp":1537305683,"path_taken":["M","M","M","?","$","E","M","R","T","$","E","R","M","E","R","BOSS","M","$","M","$","?","E","?","R","T","R","M","?","$","M","R","BOSS"],"build_version":"2018-09-06","purchased_purges":3,"victory":false,"max_hp_per_floor":[70,70,70,70,70,70,70,70,70,70,70,70,70,70,70,70,70,70,70,70,70,70,70,70,70,70,70,70,70,70,70,70,70],"card_choices":[{"not_picked":["Sucker Punch","Acrobatics"],"picked":"Cloak And Dagger","floor":0},{"not_picked":["Outmaneuver","Reflex","Flying Knee"],"picked":"SKIP","floor":1},{"not_picked":["Setup","Cloak And Dagger"],"picked":"Dash","floor":2},{"not_picked":["Poisoned Stab","Acrobatics"],"picked":"Backstab","floor":3},{"not_picked":["Grand Finale","Acrobatics","Heel Hook"],"picked":"SKIP","floor":6},{"not_picked":["Acrobatics","Heel Hook"],"picked":"Grand Finale","floor":6},{"not_picked":["Caltrops","Quick Slash","Skewer"],"picked":"SKIP","floor":7},{"not_picked":["Crippling Poison","Deflect","Bane"],"picked":"SKIP","floor":11},{"not_picked":["Deflect","Bane"],"picked":"Crippling Poison","floor":11},{"not_picked":["PiercingWail","Bane"],"picked":"Quick Slash","floor":13},{"not_picked":["Dagger Spray","Bullet Time"],"picked":"Doppelganger","floor":14},{"not_picked":["Night Terror","Envenom"],"picked":"Glass Knife","floor":16},{"not_picked":["Setup","PiercingWail","Concentrate"],"picked":"SKIP","floor":18},{"not_picked":["Finisher","PiercingWail"],"picked":"Concentrate+1","floor":20},{"not_picked":["Poisoned Stab","Grand Finale"],"picked":"Burst","floor":23},{"not_picked":["Eviscerate+1","Acrobatics"],"picked":"Well Laid Plans","floor":28},{"not_picked":["All Out Attack","Accuracy"],"picked":"Acrobatics","floor":31}],"player_experience":569020,"relics_obtained":[{"floor":6,"key":"PreservedInsect"},{"floor":9,"key":"Darkstone Periapt"},{"floor":11,"key":"Ginger"},{"floor":14,"key":"Centennial Puzzle"},{"floor":22,"key":"Dodecahedron"},{"floor":23,"key":"Ornamental Fan"},{"floor":26,"key":"Regal Pillow"},{"floor":29,"key":"Gremlin Horn"}],"event_choices":[{"event_name":"Shining Light","player_choice":"Entered Light","floor":4,"damage_taken":0},{"event_name":"The Library","player_choice":"Heal","floor":24,"damage_taken":0}],"is_beta":false,"boss_relics":[{"not_picked":["Calling Bell","Fusion Hammer"],"picked":"Coffee Dripper"}],"items_purged_floors":[5,10,30],"is_endless":false,"potions_floor_spawned":[3,6,11,14,16,20,23,28],"killed_by":"Collector","ascension_level":8}