{"gold_per_floor":[115,129,129,129,29,29,57,57,117,139,199,209,209,219,219,282,282,294,302,227,227,241,241,253,253,273,283,304,354,339,360,370,383,393,417,427,453,12,20,20,32,32,32,32,41,57,57,66,66,66,66],"floor_reached":52,"playtime":3064,"items_purged":["Defend_G"],"score":2152,"play_id":"cc64cf49-ecb4-4e7c-abc3-8637c564c980","local_time":"20190904020425","is_ascension_mode":true,"campfire_choices":[{"data":"Skewer","floor":6.0,"key":"SMITH"},{"data":"Neutralize","floor":8.0,"key":"SMITH"},{"data":"Survivor","floor":13.0,"key":"SMITH"},{"data":"Leg Sweep","floor":15.0,"key":"SMITH"},{"data":"Malaise","floor":23.0,"key":"SMITH"},{"data":"Leg Sweep","floor":32.0,"key":"SMITH"},{"floor":40.0,"key":"REST"},{"floor":42.0,"key":"RECALL"},{"floor":49,"key":"REST"}],"neow_cost":"NONE","seed_source_timestamp":819303396168057,"circlet_count":0,"master_deck":["Strike_G","Strike_G+1","Defend_G","Defend_G","Defend_G","Defend_G","Survivor+1","Neutralize+1","Noxious Fumes+1","Skewer+1","Dagger Spray+1","Leg Sweep+1","Malaise+1","Dash+1","Bullet Time","Dash+1","Backflip+1","Leg Sweep+1","Corpse Explosion+1","Bouncing Flask+1","Predator+1","Crippling Poison+1","Footwork"],"special_seed":0,"relics":["Ring of the Snake","NeowsBlessing","Singing Bowl","Molten Egg 2","Blood Vial","Snecko Eye","MawBank","Bag of Marbles","Fusion Hammer","Pocketwatch","Shuriken"],"potions_floor_usage":[50,51,51,51],"damage_taken":[{"damage":0.0,"enemies":"Small Slimes","floor":1.0,"turns":1.0},{"damage":0.0,"enemies":"2 Louse","floor":2.0,"turns":1.0},{"damage":0.0,"enemies":"Gremlin Nob","floor":7.0,"turns":1.0},{"damage":10.0,"enemies":"Lagavulin","floor":10.0,"turns":6.0},{"damage":0.0,"enemies":"Jaw Worm","floor":12.0,"turns":3.0},{"damage":0.0,"enemies":"Large Slime","floor":14.0,"turns":4.0},{"damage":14.0,"enemies":"The Guardian","floor":16.0,"turns":14.0},{"damage":6.0,"enemies":"2 Thieves","floor":18.0,"turns":5.0},{"damage":0.0,"enemies":"Chosen","floor":19.0,"turns":5.0},{"damage":5.0,"enemies":"Centurion and Healer","floor":22.0,"turns":9.0},{"damage":0.0,"enemies":"Chosen and Byrds","floor":24.0,"turns":7.0},{"damage":2.0,"enemies":"Sentry and Sphere","floor":28.0,"turns":6.0},{"damage":20.0,"enemies":"Slavers","floor":30.0,"turns":5.0},{"damage":0.0,"enemies":"Shelled Parasite and Fungi","floor":31.0,"turns":5.0},{"damage":10.0,"enemies":"Automaton","floor":33.0,"turns":12.0},{"damage":0.0,"enemies":"3 Shapes","floor":35.0,"turns":4.0},{"damage":0.0,"enemies":"Orb Walker","floor":37.0,"turns":3.0},{"damage":0.0,"enemies":"Maw","floor":39.0,"turns":6.0},{"damage":0.0,"enemies":"Spire Growth","floor":41.0,"turns":4.0},{"damage":0.0,"enemies":"Sphere and 2 Shapes","floor":45.0,"turns":3.0},{"damage":9.0,"enemies":"Jaw Worm Horde","floor":46.0,"turns":3.0},{"damage":0,"enemies":"Writhing Mass","floor":48,"turns":5},{"damage":0,"enemies":"Awakened One","floor":50,"turns":16},{"damage":19,"enemies":"Donu and Deca","floor":51,"turns":7}],"seed_played":"-5303955732710854791","potions_obtained":[{"floor":1.0,"key":"Weak Potion"},{"floor":10.0,"key":"Dexterity Potion"},{"floor":12.0,"key":"AttackPotion"},{"floor":16.0,"key":"Fire Potion"},{"floor":18.0,"key":"EssenceOfSteel"},{"floor":33.0,"key":"SkillPotion"},{"floor":35.0,"key":"Energy Potion"},{"floor":44.0,"key":"EntropicBrew"},{"floor":44.0,"key":"Swift Potion"},{"floor":48,"key":"GhostInAJar"}],"is_trial":false,"path_per_floor":["M","M","?","?","$","R","E","R","T","E","?","M","R","M","R","B",null,"M","M","?","?","M","R","M","?","T","?","M","?","E","M","R","B",null,"M","?","M","$","M","R","M","R","T","?","M","M","?","M","R","B","B",null],"character_chosen":"THE_SILENT","items_purchased":["Pocketwatch","Predator+1","Block Potion"],"campfire_rested":2,"item_purchase_floors":[38,38,38],"current_hp_per_floor":[59,59,39,32,32,32,34,34,34,24,13,17,17,19,19,7,24,20,24,24,24,21,21,23,23,23,23,25,25,7,9,9,1,24,26,26,30,30,34,43,43,43,43,43,45,38,34,36,48,50,33],"gold":66,"neow_bonus":"THREE_ENEMY_KILL","is_prod":false,"is_daily":false,"chose_seed":false,"campfire_upgraded":6,"win_rate":0,"timestamp":1567537465,"path_taken":["M","M","?","?","$","R","E","R","T","E","?","M","R","?","R","BOSS","M","M","?","?","M","R","M","?","T","?","?","?","E","M","R","BOSS","M","?","M","?","M","R","M","R","T","?","?","M","?","M","R","BOSS","BOSS"],"build_version":"2019-07-17","purchased_purges":1,"victory":true,"max_hp_per_floor":[66,66,66,66,66,66,68,68,68,68,68,70,70,70,70,70,35,35,37,37,37,37,37,37,37,37,37,39,39,39,39,39,39,39,39,39,41,41,43,43,43,43,43,43,45,47,53,53,53,53,53],"card_choices":[{"not_picked":["Slice","All Out Attack"],"picked":"Noxious Fumes","floor":1.0},{"not_picked":["Deadly Poison","Caltrops"],"picked":"Skewer","floor":2.0},{"not_picked":["Choke","Acrobatics","Flying Knee"],"picked":"Singing Bowl","floor":7.0},{"not_picked":["Finisher+1","Outmaneuver"],"picked":"Dagger Spray+1","floor":10.0},{"not_picked":["Deadly Poison","Acrobatics","Finisher+1"],"picked":"Singing Bowl","floor":12.0},{"not_picked":["Outmaneuver","Bouncing Flask"],"picked":"Leg Sweep","floor":14.0},{"not_picked":["Envenom","A Thousand Cuts"],"picked":"Malaise","floor":16.0},{"not_picked":["Distraction","Acrobatics"],"picked":"Dash+1","floor":18.0},{"not_picked":["Flying Knee+1","Bane+1","Prepared"],"picked":"Singing Bowl","floor":19.0},{"not_picked":["Dodge and Roll","Acrobatics"],"picked":"Bullet Time","floor":22.0},{"not_picked":["Acrobatics","Choke+1"],"picked":"Dash+1","floor":24.0},{"not_picked":["Accuracy+1","Blade Dance","Blur"],"picked":"Singing Bowl","floor":28.0},{"not_picked":["Infinite Blades","Catalyst"],"picked":"Backflip+1","floor":30.0},{"not_picked":["Prepared","Tactician"],"picked":"Leg Sweep","floor":31.0},{"not_picked":["Venomology","Burst"],"picked":"Corpse Explosion","floor":33.0},{"not_picked":["Poisoned Stab+1","Acrobatics+1"],"picked":"Bouncing Flask+1","floor":35.0},{"not_picked":["Dagger Spray+1","Slice+1","Quick Slash+1"],"picked":"Singing Bowl","floor":37.0},{"not_picked":["Cloak And Dagger","Poisoned Stab+1","Escape Plan+1"],"picked":"Singing Bowl","floor":39.0},{"not_picked":["Reflex","Slice+1"],"picked":"Crippling Poison+1","floor":41.0},{"not_picked":["Catalyst","Venomology","PiercingWail"],"picked":"Singing Bowl","floor":45.0},{"not_picked":["Caltrops","Setup","Outmaneuver"],"picked":"Singing Bowl","floor":46.0},{"not_picked":["Enlightenment","Apotheosis","Deep Breath"],"picked":"Singing Bowl","floor":47},{"not_picked":["Thinking Ahead","Dark Shackles","PanicButton"],"picked":"Singing Bowl","floor":47},{"not_picked":["Swift Strike+1","Panacea","Dark Shackles"],"picked":"Singing Bowl","floor":47},{"not_picked":["Sucker Punch+1","Cloak And Dagger"],"picked":"Footwork","floor":48}],"player_experience":1141496,"relics_obtained":[{"floor":7.0,"key":"Singing Bowl"},{"floor":9.0,"key":"Molten Egg 2"},{"floor":10.0,"key":"Blood Vial"},{"floor":26.0,"key":"MawBank"},{"floor":30.0,"key":"Bag of Marbles"},{"floor":43.0,"key":"Shuriken"}],"event_choices":[{"damage_healed":0.0,"max_hp_gain":0.0,"max_hp_loss":0.0,"gold_gain":0.0,"event_name":"Shining Light","player_choice":"Entered Light","floor":3.0,"gold_loss":0.0,"damage_taken":20.0,"cards_upgraded":["Noxious Fumes","Strike_G"]},{"cards_removed":["Strike_G"],"damage_healed":0.0,"max_hp_gain":0.0,"max_hp_loss":0.0,"gold_gain":0.0,"event_name":"Golden Wing","player_choice":"Card Removal","floor":4.0,"gold_loss":0.0,"damage_taken":7.0},{"damage_healed":0.0,"max_hp_gain":0.0,"max_hp_loss":0.0,"gold_gain":75.0,"event_name":"World of Goop","player_choice":"Gather Gold","floor":11.0,"gold_loss":0.0,"damage_taken":11.0},{"cards_removed":["Strike_G"],"damage_healed":0.0,"max_hp_gain":0.0,"max_hp_loss":0.0,"gold_gain":0.0,"event_name":"Beggar","player_choice":"Gave Gold","floor":20.0,"gold_loss":75.0,"damage_taken":0.0},{"damage_healed":0.0,"max_hp_gain":0.0,"max_hp_loss":0.0,"gold_gain":0.0,"event_name":"Cursed Tome","player_choice":"Ignored","floor":21.0,"gold_loss":0.0,"damage_taken":0.0},{"cards_removed":["Strike_G"],"damage_healed":0.0,"max_hp_gain":0.0,"max_hp_loss":0.0,"gold_gain":0.0,"event_name":"Back to Basics","player_choice":"Elegance","floor":25.0,"gold_loss":0.0,"damage_taken":0.0},{"cards_removed":["AscMod:ascendersbane"],"damage_healed":0.0,"max_hp_gain":0.0,"max_hp_loss":0.0,"gold_gain":0.0,"event_name":"Fountain of Cleansing","player_choice":"Removed Curses","floor":27.0,"gold_loss":0.0,"damage_taken":0.0},{"damage_healed":0.0,"max_hp_gain":0.0,"max_hp_loss":0.0,"gold_gain":50.0,"event_name":"Nest","player_choice":"Stole From Cult","floor":29.0,"gold_loss":0.0,"damage_taken":0.0},{"damage_healed":0.0,"max_hp_gain":0.0,"max_hp_loss":0.0,"gold_gain":0.0,"event_name":"Upgrade Shrine","player_choice":"Upgraded","floor":36.0,"gold_loss":0.0,"damage_taken":0.0,"cards_upgraded":["Corpse Explosion"]},{"damage_healed":0.0,"max_hp_gain":0.0,"max_hp_loss":0.0,"gold_gain":0.0,"event_name":"Lab","player_choice":"Got Potions","floor":44.0,"gold_loss":0.0,"damage_taken":0.0},{"damage_healed":0,"gold_gain":0,"player_choice":"Memory 3","damage_taken":10,"max_hp_gain":0,"max_hp_loss":0,"event_name":"SensoryStone","floor":47,"gold_loss":0}],"is_beta":false,"boss_relics":[{"not_picked":["Scatterbrain"],"picked":"BlightedDurian"},{"not_picked":["Scatterbrain"],"picked":"BlightedDurian"},{"not_picked":["Runic Pyramid","Sozu"],"picked":"Snecko Eye"},{"not_picked":["BlightedDurian"],"picked":"GraspOfShadows"},{"not_picked":["BlightedDurian"],"picked":"GraspOfShadows"},{"not_picked":["Cursed Key","Coffee Dripper"],"picked":"Fusion Hammer"}],"items_purged_floors":[5],"is_endless":false,"potions_floor_spawned":[1,10,12,16,18,28,33,35,41,45,48],"ascension_level":25}