{"gold_per_floor":[119,119,130,141,57,57,89,103,128,128,163,163,238,256,256,330,330,340,340,350,350],"floor_reached":21,"playtime":748,"items_purged":[],"score":378,"play_id":"9d005a99-2fbd-4af8-adc4-9e6d741a78d6","local_time":"20190726223741","is_ascension_mode":true,"campfire_choices":[{"data":"Doom and Gloom","floor":6,"key":"SMITH"},{"floor":10,"key":"REST"},{"data":"Self Repair","floor":12,"key":"SMITH"},{"data":"Sweeping Beam","floor":15,"key":"SMITH"}],"neow_cost":"NONE","seed_source_timestamp":519102540927294,"circlet_count":0,"master_deck":["AscendersBane","Strike_B","Strike_B","Defend_B","Defend_B","Defend_B","Defend_B","Zap","Dualcast","Leap","Doom and Gloom+1","Self Repair+1","Compile Driver","Conserve Battery","Ball Lightning","Sweeping Beam+1","Biased Cognition","Defragment","Hello World","Buffer"],"relics":["Cracked Core","Ancient Tea Set","Potion Belt","Regal Pillow","Centennial Puzzle","Black Star"],"potions_floor_usage":[7,18],"damage_taken":[{"damage":19,"enemies":"Jaw Worm","floor":1,"turns":4},{"damage":3,"enemies":"2 Louse","floor":3,"turns":3},{"damage":0,"enemies":"Small Slimes","floor":4,"turns":2},{"damage":21,"enemies":"Lagavulin","floor":7,"turns":4},{"damage":6,"enemies":"Looter","floor":8,"turns":4},{"damage":6,"enemies":"3 Sentries","floor":11,"turns":7},{"damage":0,"enemies":"Large Slime","floor":14,"turns":4},{"damage":7,"enemies":"Slime Boss","floor":16,"turns":6},{"damage":32,"enemies":"2 Thieves","floor":18,"turns":4},{"damage":40,"enemies":"Spheric Guardian","floor":20,"turns":6},{"damage":16,"enemies":"Snake Plant","floor":21,"turns":1}],"seed_played":"-5987486175126646055","potions_obtained":[{"floor":3,"key":"Poison Potion"},{"floor":8,"key":"Strength Potion"},{"floor":14,"key":"Fire Potion"},{"floor":20,"key":"Poison Potion"}],"is_trial":false,"path_per_floor":["M","?","M","M","$","R","E","M","T","R","E","R","?","M","R","B",null,"M","?","M","M"],"character_chosen":"DEFECT","items_purchased":["Self Repair"],"campfire_rested":1,"item_purchase_floors":[5],"current_hp_per_floor":[52,41,38,38,38,38,24,25,25,63,64,64,53,63,63,66,75,43,43,13,0],"gold":350,"neow_bonus":"TEN_PERCENT_HP_BONUS","is_prod":false,"is_daily":false,"chose_seed":false,"campfire_upgraded":3,"win_rate":0,"timestamp":1564195061,"path_taken":["M","?","M","M","$","R","E","M","T","R","E","R","?","M","R","BOSS","M","?","M","M"],"build_version":"2019-07-17","purchased_purges":0,"victory":false,"max_hp_per_floor":[78,78,78,78,78,78,78,78,78,78,78,78,78,78,78,78,78,78,78,78,78],"card_choices":[{"not_picked":["Sweeping Beam","Stack"],"picked":"Leap","floor":1},{"not_picked":["Hologram","Hello World","Steam"],"picked":"SKIP","floor":3},{"not_picked":["Aggregate","Streamline"],"picked":"Doom and Gloom","floor":4},{"not_picked":["Gash","Redo"],"picked":"Compile Driver","floor":7},{"not_picked":["Streamline","White Noise"],"picked":"Conserve Battery","floor":8},{"not_picked":["Conserve Battery","Rebound"],"picked":"Ball Lightning","floor":11},{"not_picked":["Rebound","Stack"],"picked":"Sweeping Beam","floor":14},{"not_picked":["Fission","Seek"],"picked":"Biased Cognition","floor":16},{"not_picked":["Sweeping Beam","Force Field"],"picked":"Defragment","floor":18},{"not_picked":["Rebound","Compile Driver","Rip and Tear"],"picked":"SKIP","floor":20}],"player_experience":997336,"relics_obtained":[{"floor":7,"key":"Potion Belt"},{"floor":9,"key":"Regal Pillow"},{"floor":11,"key":"Centennial Puzzle"}],"event_choices":[{"damage_healed":0,"gold_gain":0,"player_choice":"Success","damage_taken":11,"relics_obtained":["Ancient Tea Set"],"max_hp_gain":0,"max_hp_loss":0,"event_name":"Scrap Ooze","floor":2,"gold_loss":0},{"damage_healed":0,"gold_gain":75,"player_choice":"Gather Gold","damage_taken":11,"max_hp_gain":0,"max_hp_loss":0,"event_name":"World of Goop","floor":13,"gold_loss":0},{"damage_healed":0,"gold_gain":0,"cards_transformed":["Strike_B","Strike_B"],"player_choice":"Became Test Subject","damage_taken":0,"max_hp_gain":0,"max_hp_loss":0,"event_name":"Drug Dealer","floor":19,"gold_loss":0,"cards_obtained":["Hello World","Buffer"]}],"is_beta":false,"boss_relics":[{"not_picked":["Lizard Tail","Velvet Choker"],"picked":"Black Star"}],"items_purged_floors":[],"is_endless":false,"potions_floor_spawned":[3,8,14,20],"killed_by":"Snake Plant","ascension_level":20}