{"gold_per_floor":[119,186,199,349,187,187,221,221,221,221,35,70,90,105,105,181,181,198,198,398,408,427,427,427],"floor_reached":24,"playtime":892,"items_purged":["Doubt"],"score":458,"play_id":"f828b6c7-435a-41e8-9017-064ea746e2ac","local_time":"20190927193640","is_ascension_mode":true,"campfire_choices":[{"data":"Hemokinesis","floor":6,"key":"SMITH"},{"data":"Bash","floor":8,"key":"SMITH"},{"data":"Spot Weakness","floor":10,"key":"SMITH"},{"data":"Apotheosis","floor":15,"key":"SMITH"},{"floor":23,"key":"REST"}],"neow_cost":"NONE","seed_source_timestamp":1387692551885500,"circlet_count":0,"master_deck":["AscendersBane","Strike_R","Strike_R","Strike_R","Strike_R","Strike_R","Defend_R","Defend_R","Defend_R","Defend_R","Bash+1","Hemokinesis+1","Spot Weakness+1","Battle Trance","Clothesline","Apotheosis+1","Fiend Fire","Pummel","Limit Break","Pommel Strike","J.A.X.","Shrug It Off"],"relics":["Burning Blood","NeowsBlessing","Vajra","Ornamental Fan","The Courier","Runic Pyramid"],"potions_floor_usage":[12,24,24],"damage_taken":[{"damage":0,"enemies":"2 Louse","floor":1,"turns":1},{"damage":0,"enemies":"Small Slimes","floor":3,"turns":1},{"damage":0,"enemies":"Lagavulin","floor":7,"turns":1},{"damage":16,"enemies":"Gremlin Nob","floor":12,"turns":3},{"damage":0,"enemies":"Cultist","floor":13,"turns":2},{"damage":0,"enemies":"2 Fungi Beasts","floor":14,"turns":2},{"damage":30,"enemies":"Slime Boss","floor":16,"turns":4},{"damage":2,"enemies":"Chosen","floor":18,"turns":3},{"damage":23,"enemies":"2 Thieves","floor":21,"turns":3},{"damage":27,"enemies":"Shelled Parasite and Fungi","floor":22,"turns":3},{"damage":64,"enemies":"Slavers","floor":24,"turns":9}],"seed_played":"5412828017459932255","potions_obtained":[{"floor":1,"key":"Poison Potion"},{"floor":14,"key":"Explosive Potion"},{"floor":21,"key":"Block Potion"}],"is_trial":false,"path_per_floor":["M","?","M","?","$","R","E","R","T","R","$","E","M","M","R","B",null,"M","?","?","M","M","R","E"],"character_chosen":"IRONCLAD","items_purchased":["Battle Trance","Apotheosis"],"campfire_rested":1,"item_purchase_floors":[5,11],"current_hp_per_floor":[74,74,75,75,75,75,75,75,75,75,75,65,71,75,75,51,69,73,73,73,56,35,57,0],"gold":427,"neow_bonus":"THREE_ENEMY_KILL","is_prod":false,"is_daily":false,"chose_seed":false,"campfire_upgraded":4,"win_rate":0,"timestamp":1569627400,"path_taken":["M","?","M","?","$","R","E","R","T","R","$","E","M","M","R","BOSS","M","?","?","?","M","R","E"],"build_version":"2019-07-17","purchased_purges":1,"victory":false,"max_hp_per_floor":[75,75,75,75,75,75,75,75,75,75,75,75,75,75,75,75,75,75,75,75,75,75,75,75],"card_choices":[{"not_picked":["Whirlwind","Iron Wave"],"picked":"Hemokinesis","floor":1},{"not_picked":["Headbutt","Sword Boomerang"],"picked":"Spot Weakness","floor":3},{"not_picked":["Pommel Strike","Body Slam"],"picked":"Clothesline","floor":7},{"not_picked":["Armaments","Reckless Charge"],"picked":"Fiend Fire","floor":12},{"not_picked":["Dual Wield","Flex","Thunderclap"],"picked":"SKIP","floor":13},{"not_picked":["Cleave","Flex"],"picked":"Pummel","floor":14},{"not_picked":["Barricade","Offering"],"picked":"Limit Break","floor":16},{"not_picked":["Warcry","Wild Strike"],"picked":"Pommel Strike","floor":18},{"not_picked":["Clash+1","Sentinel","Evolve"],"picked":"SKIP","floor":21},{"not_picked":["Perfected Strike+1","Iron Wave"],"picked":"Shrug It Off","floor":22}],"player_experience":1034406,"relics_obtained":[{"floor":7,"key":"Vajra"},{"floor":9,"key":"Ornamental Fan"},{"floor":12,"key":"The Courier"}],"event_choices":[{"damage_healed":0,"gold_gain":67,"player_choice":"Gained Gold","damage_taken":0,"max_hp_gain":0,"max_hp_loss":0,"event_name":"Golden Wing","floor":2,"gold_loss":0},{"damage_healed":0,"gold_gain":150,"player_choice":"AGREE","damage_taken":0,"max_hp_gain":0,"max_hp_loss":0,"event_name":"Liars Game","floor":4,"gold_loss":0,"cards_obtained":["Doubt"]},{"damage_healed":0,"gold_gain":0,"player_choice":"Obtain J.A.X.","damage_taken":0,"max_hp_gain":0,"max_hp_loss":0,"event_name":"Drug Dealer","floor":19,"gold_loss":0,"cards_obtained":["J.A.X."]},{"damage_healed":0,"gold_gain":250,"player_choice":"Bet on Owner","damage_taken":0,"max_hp_gain":0,"max_hp_loss":0,"event_name":"The Joust","floor":20,"gold_loss":50}],"is_beta":false,"boss_relics":[{"not_picked":["Tiny House","Orrery"],"picked":"Runic Pyramid"}],"items_purged_floors":[5],"is_endless":false,"potions_floor_spawned":[1,14,21],"killed_by":"Slavers","ascension_level":20}