{"gold_per_floor":[110,36,55,55,73,73,42,77,77,77,8,8,27,27,27,132,132,144,173,98,113,113,113,113,113,138,138,156,156,189,203,203,203],"floor_reached":33,"playtime":1574,"items_purged":[],"score":329,"play_id":"65dfdc10-b0ab-43b9-a0bc-e31bca376cc0","local_time":"20190821181436","is_ascension_mode":true,"campfire_choices":[{"data":"Inflame","floor":6,"key":"SMITH"},{"data":"Pummel","floor":10,"key":"SMITH"},{"data":"Shockwave","floor":15,"key":"SMITH"},{"data":"Shrug It Off","floor":23,"key":"SMITH"},{"data":"Heavy Blade","floor":25,"key":"SMITH"},{"data":"Twin Strike","floor":27,"key":"SMITH"},{"data":"Impervious","floor":29,"key":"SMITH"},{"data":"Whirlwind","floor":32,"key":"SMITH"}],"neow_cost":"NONE","seed_source_timestamp":114510853583966,"circlet_count":0,"master_deck":["Strike_R","Strike_R","Strike_R","Strike_R","Strike_R","Defend_R","Defend_R","Defend_R","Defend_R","Bash","Heavy Blade+1","Inflame+1","Shrug It Off+1","Pummel+1","Twin Strike+1","Shockwave+1","Dropkick","Impervious+1","Flex+1","True Grit+1","Whirlwind+1"],"relics":["Burning Blood","Blood Vial","Dead Branch","Meat on the Bone","NlothsMask","Magic Flower","Sozu","Red Mask","MutagenicStrength","Smiling Mask"],"potions_floor_usage":[16,30,33],"damage_taken":[{"damage":9,"enemies":"Jaw Worm","floor":1,"turns":5},{"damage":6,"enemies":"Cultist","floor":3,"turns":4},{"damage":5,"enemies":"2 Louse","floor":5,"turns":4},{"damage":25,"enemies":"Exordium Thugs","floor":7,"turns":5},{"damage":46,"enemies":"Lagavulin","floor":8,"turns":8},{"damage":0,"enemies":"Blue Slaver","floor":13,"turns":4},{"damage":13,"enemies":"Slime Boss","floor":16,"turns":7},{"damage":4,"enemies":"3 Byrds","floor":18,"turns":5},{"damage":45,"enemies":"Masked Bandits","floor":19,"turns":5},{"damage":41,"enemies":"Spheric Guardian","floor":21,"turns":6},{"damage":15,"enemies":"3 Cultists","floor":28,"turns":6},{"damage":48,"enemies":"Slavers","floor":30,"turns":6},{"damage":15,"enemies":"Snecko","floor":31,"turns":4},{"damage":59,"enemies":"Automaton","floor":33,"turns":8}],"seed_played":"-3617001568833189707","potions_obtained":[{"floor":3,"key":"Energy Potion"},{"floor":8,"key":"AttackPotion"},{"floor":16,"key":"Weak Potion"}],"is_trial":false,"path_per_floor":["M","$","M","?","M","R","M","E","T","R","$","?","M","?","R","B",null,"M","?","?","M","$","R","?","R","T","R","M","R","E","M","R","B"],"character_chosen":"IRONCLAD","items_purchased":["Inflame","Shockwave"],"campfire_rested":0,"item_purchase_floors":[2,11],"current_hp_per_floor":[85,85,85,85,88,88,69,31,31,31,31,31,51,51,51,68,83,88,70,70,59,59,59,59,59,59,59,56,56,38,53,53,0],"gold":203,"neow_bonus":"TEN_PERCENT_HP_BONUS","is_prod":false,"is_daily":false,"chose_seed":false,"campfire_upgraded":8,"win_rate":0,"timestamp":1566404076,"path_taken":["M","$","M","?","M","R","M","E","T","R","?","?","?","?","R","BOSS","M","?","?","M","$","R","?","R","T","R","M","R","E","M","R","BOSS"],"build_version":"2019-07-17","purchased_purges":0,"victory":false,"max_hp_per_floor":[88,88,88,88,88,88,88,88,88,88,88,88,88,88,88,88,88,88,88,88,88,88,88,88,88,88,88,88,88,88,88,88,88],"card_choices":[{"not_picked":["Thunderclap","Body Slam"],"picked":"Heavy Blade","floor":1},{"not_picked":["Wild Strike","Havoc","Combust"],"picked":"SKIP","floor":3},{"not_picked":["Heavy Blade","Thunderclap"],"picked":"Shrug It Off","floor":5},{"not_picked":["Searing Blow","True Grit"],"picked":"Pummel","floor":7},{"not_picked":["Rupture","Juggernaut"],"picked":"Twin Strike","floor":8},{"not_picked":["Clothesline","Havoc"],"picked":"Dropkick","floor":13},{"not_picked":["Dark Embrace","Offering"],"picked":"Impervious","floor":16},{"not_picked":["Corruption","Feel No Pain","Pommel Strike"],"picked":"SKIP","floor":18},{"not_picked":["Shrug It Off","Warcry"],"picked":"Flex+1","floor":19},{"not_picked":["Perfected Strike","Havoc+1"],"picked":"True Grit+1","floor":21},{"not_picked":["Wild Strike+1","Burning Pact+1","Ghostly Armor"],"picked":"SKIP","floor":28},{"not_picked":["Clothesline","Reckless Charge","Seeing Red"],"picked":"SKIP","floor":30},{"not_picked":["Clothesline+1","Iron Wave"],"picked":"Whirlwind","floor":31}],"player_experience":314666,"relics_obtained":[{"floor":4,"key":"Blood Vial"},{"floor":8,"key":"Dead Branch"},{"floor":9,"key":"Meat on the Bone"},{"floor":19,"key":"Red Mask"},{"floor":30,"key":"Smiling Mask"}],"event_choices":[{"damage_healed":0,"gold_gain":0,"player_choice":"Relic","damage_taken":0,"max_hp_gain":0,"max_hp_loss":0,"event_name":"Wheel of Change","floor":4,"gold_loss":0},{"damage_healed":0,"gold_gain":0,"player_choice":"Trade","damage_taken":0,"relics_obtained":["NlothsMask"],"max_hp_gain":0,"max_hp_loss":0,"event_name":"FaceTrader","floor":12,"gold_loss":0},{"damage_healed":0,"gold_gain":0,"player_choice":"Box","damage_taken":0,"relics_obtained":["Magic Flower"],"max_hp_gain":0,"max_hp_loss":0,"event_name":"Big Fish","floor":14,"gold_loss":0,"cards_obtained":["Regret"]},{"damage_healed":0,"gold_gain":0,"player_choice":"Fought Bandits","damage_taken":0,"max_hp_gain":0,"max_hp_loss":0,"event_name":"Masked Bandits","floor":19,"gold_loss":0},{"cards_removed":["Regret"],"damage_healed":0,"gold_gain":0,"player_choice":"Gave Gold","damage_taken":0,"max_hp_gain":0,"max_hp_loss":0,"event_name":"Beggar","floor":20,"gold_loss":75},{"damage_healed":0,"gold_gain":0,"player_choice":"Inject Mutagens","damage_taken":0,"relics_obtained":["MutagenicStrength"],"max_hp_gain":0,"max_hp_loss":0,"event_name":"Drug Dealer","floor":24,"gold_loss":0}],"is_beta":false,"boss_relics":[{"not_picked":["Runic Dome","Black Star"],"picked":"Sozu"}],"items_purged_floors":[],"is_endless":false,"potions_floor_spawned":[3,8,16,18,28,30,31],"killed_by":"Automaton","ascension_level":5}