{"gold_per_floor":[210,210,210,226,249,284,284,284,352,393,412,337,351,384,396,498,510,541,553,565,597,609,655,667,702,714,760,793,820,832,885,897,998,1010,1037,1049,971,1008,1041,1088,1100,1237,1275,1287,1034,1057,1097,1111,1111,1111],"floor_reached":51,"playtime":14329,"items_purged":["Strike_R","Strike_R"],"score":1304,"play_id":"e5958736-cb63-4e23-9a50-8ea979bcfd13","local_time":"20190510232340","is_ascension_mode":true,"campfire_choices":[{"floor":8.0,"key":"REST"},{"floor":15.0,"key":"REST"},{"floor":24.0,"key":"REST"},{"data":"Armaments","floor":30.0,"key":"SMITH"},{"data":"Flame Barrier","floor":32.0,"key":"SMITH"},{"floor":41.0,"key":"REST"},{"data":"Limit Break","floor":49,"key":"SMITH"}],"neow_cost":"NONE","seed_source_timestamp":0,"circlet_count":0,"master_deck":["AscendersBane","Strike_R+1","Defend_R","Defend_R","Defend_R","Defend_R","Bash","Armaments+1","Metallicize","Inflame","Immolate","Bash","Bludgeon","Pommel Strike","Flame Barrier+1","Armaments","Demon Form+1","Heavy Blade","Rupture","Armaments+1","Reaper","True Grit","Shockwave","Heavy Blade","Limit Break+1","Second Wind+1","Uppercut","Parasite","Inflame+1","Impervious","Metallicize","Flame Barrier","Clothesline+1"],"special_seed":0,"relics":["Burning Blood","Golden Idol","Orichalcum","Self Forming Clay","Vajra","MawBank","Snecko Eye","MutagenicStrength","Bronze Scales","Ornamental Fan","Smiling Mask","Singing Bowl","Mark of Pain","Torii","Gambling Chip","Pen Nib","Red Skull"],"potions_floor_usage":[46,50],"damage_taken":[{"damage":4.0,"enemies":"Small Slimes","floor":1.0,"turns":3.0},{"damage":7.0,"enemies":"2 Louse","floor":4.0,"turns":3.0},{"damage":5.0,"enemies":"Cultist","floor":5.0,"turns":4.0},{"damage":28.0,"enemies":"Gremlin Nob","floor":6.0,"turns":5.0},{"damage":9.0,"enemies":"3 Sentries","floor":10.0,"turns":6.0},{"damage":7.0,"enemies":"Exordium Thugs","floor":11.0,"turns":4.0},{"damage":12.0,"enemies":"Large Slime","floor":13.0,"turns":3.0},{"damage":31.0,"enemies":"Gremlin Nob","floor":14.0,"turns":5.0},{"damage":39.0,"enemies":"The Guardian","floor":16.0,"turns":10.0},{"damage":0.0,"enemies":"Spheric Guardian","floor":18.0,"turns":3.0},{"damage":2.0,"enemies":"Chosen","floor":21.0,"turns":3.0},{"damage":35.0,"enemies":"Slavers","floor":23.0,"turns":4.0},{"damage":0.0,"enemies":"Shelled Parasite and Fungi","floor":25.0,"turns":2.0},{"damage":35.0,"enemies":"Book of Stabbing","floor":27.0,"turns":4.0},{"damage":7.0,"enemies":"Centurion and Healer","floor":28.0,"turns":5.0},{"damage":11.0,"enemies":"Sentry and Sphere","floor":29.0,"turns":3.0},{"damage":6.0,"enemies":"Slavers","floor":31.0,"turns":2.0},{"damage":46.0,"enemies":"Collector","floor":33.0,"turns":5.0},{"damage":9.0,"enemies":"Orb Walker","floor":35.0,"turns":4.0},{"damage":43.0,"enemies":"3 Darklings","floor":38.0,"turns":3.0},{"damage":5.0,"enemies":"Writhing Mass","floor":39.0,"turns":4.0},{"damage":17.0,"enemies":"Giant Head","floor":40.0,"turns":6.0},{"damage":0.0,"enemies":"Mind Bloom Boss Battle","floor":42.0,"turns":4.0},{"damage":8,"enemies":"4 Shapes","floor":46,"turns":5},{"damage":10,"enemies":"Reptomancer","floor":47,"turns":4},{"damage":10,"enemies":"Spire Growth","floor":48,"turns":6},{"damage":33,"enemies":"Donu and Deca","floor":50,"turns":7}],"seed_played":"-6722332522816947074","potions_obtained":[{"floor":11.0,"key":"SkillPotion"},{"floor":13.0,"key":"Poison Potion"},{"floor":14.0,"key":"Block Potion"},{"floor":16.0,"key":"BloodPotion"},{"floor":23.0,"key":"Fire Potion"},{"floor":28.0,"key":"Energy Potion"},{"floor":35.0,"key":"Fire Potion"},{"floor":39.0,"key":"SpeedPotion"},{"floor":42.0,"key":"SpeedPotion"},{"floor":46,"key":"Energy Potion"}],"is_trial":false,"path_per_floor":["M","?","?","M","M","E","?","R","T","E","M","$","M","E","R","B",null,"M","?","?","M","?","E","R","M","T","E","M","M","R","E","R","B",null,"M","?","?","M","M","E","R","?","T","?","$","M","E","M","R","B",null],"character_chosen":"IRONCLAD","items_purchased":["Impervious","Metallicize"],"campfire_rested":4,"item_purchase_floors":[45,45],"current_hp_per_floor":[74,79,58,57,58,36,36,61,61,58,57,57,51,26,51,18,68,74,74,74,78,78,49,74,80,80,51,62,67,67,76,76,36,74,71,67,67,30,33,42,70,97,97,97,97,97,99,99,99,72],"gold":1111,"neow_bonus":"HUNDRED_GOLD","is_prod":false,"is_daily":false,"chose_seed":false,"campfire_upgraded":3,"win_rate":0,"timestamp":1557548620,"path_taken":["M","?","?","M","M","E","?","R","T","E","?","$","M","E","R","BOSS","M","?","?","?","?","E","R","M","T","E","?","M","R","E","R","BOSS","M","?","?","?","M","E","R","?","T","?","$","M","E","M","R","BOSS"],"build_version":"2019-01-23","purchased_purges":2,"victory":true,"max_hp_per_floor":[80,85,85,85,85,85,85,85,85,85,85,85,85,85,85,85,85,85,85,85,85,85,85,85,85,85,85,85,85,85,87,87,87,87,87,93,93,93,95,95,95,97,97,97,97,99,99,99,99,99],"card_choices":[{"not_picked":["Sword Boomerang","Perfected Strike"],"picked":"Armaments","floor":1.0},{"not_picked":["Flex","Heavy Blade"],"picked":"Metallicize","floor":4.0},{"not_picked":["Wild Strike","Anger"],"picked":"Inflame","floor":5.0},{"not_picked":["Twin Strike","Power Through"],"picked":"Immolate","floor":6.0},{"not_picked":["Clash","Hemokinesis"],"picked":"Pommel Strike","floor":10.0},{"not_picked":["Infernal Blade","Reckless Charge"],"picked":"Flame Barrier","floor":11.0},{"not_picked":["Anger","Cleave","Clash"],"picked":"SKIP","floor":13.0},{"not_picked":["Dropkick","Sentinel"],"picked":"Armaments","floor":14.0},{"not_picked":["Bludgeon","Feed"],"picked":"Demon Form","floor":16.0},{"not_picked":["Seeing Red+1","Burning Pact+1"],"picked":"Heavy Blade","floor":18.0},{"not_picked":["Sentinel","Twin Strike+1"],"picked":"Armaments+1","floor":21.0},{"not_picked":["Bloodletting","Havoc"],"picked":"Reaper","floor":23.0},{"not_picked":["Rampage","Headbutt","Pommel Strike"],"picked":"SKIP","floor":25.0},{"not_picked":["Searing Blow","Body Slam"],"picked":"True Grit","floor":27.0},{"not_picked":["Pommel Strike","Ghostly Armor+1"],"picked":"Shockwave","floor":28.0},{"not_picked":["Rage","Carnage+1"],"picked":"Heavy Blade","floor":29.0},{"not_picked":["Pummel","Searing Blow","Rage"],"picked":"Singing Bowl","floor":31.0},{"not_picked":["Exhume","Berserk"],"picked":"Limit Break","floor":33.0},{"not_picked":["Sentinel","Clash"],"picked":"Second Wind+1","floor":35.0},{"not_picked":["Bandage Up","Swift Strike","Master of Strategy"],"picked":"Singing Bowl","floor":36.0},{"not_picked":["Good Instincts","Flash of Steel","Magnetism"],"picked":"Singing Bowl","floor":36.0},{"not_picked":["Forethought","Dark Shackles","Jack Of All Trades"],"picked":"Singing Bowl","floor":36.0},{"not_picked":["Shockwave","Inflame"],"picked":"Uppercut","floor":38.0},{"not_picked":["Anger","Headbutt+1","Warcry"],"picked":"Singing Bowl","floor":39.0},{"not_picked":["Infernal Blade","Ghostly Armor"],"picked":"Inflame+1","floor":40.0},{"not_picked":["Ghostly Armor+1","Perfected Strike","Body Slam"],"picked":"Singing Bowl","floor":42.0},{"not_picked":["Sword Boomerang","Pommel Strike","Warcry"],"picked":"Singing Bowl","floor":46},{"not_picked":["Rampage+1","Rupture"],"picked":"Flame Barrier","floor":47},{"not_picked":["Iron Wave","Warcry"],"picked":"Clothesline+1","floor":48}],"player_experience":1192589,"relics_obtained":[{"floor":6.0,"key":"Orichalcum"},{"floor":9.0,"key":"Self Forming Clay"},{"floor":10.0,"key":"Vajra"},{"floor":14.0,"key":"MawBank"},{"floor":23.0,"key":"Bronze Scales"},{"floor":26.0,"key":"Ornamental Fan"},{"floor":27.0,"key":"Smiling Mask"},{"floor":31.0,"key":"Singing Bowl"},{"floor":40.0,"key":"Torii"},{"floor":42.0,"key":"Gambling Chip"},{"floor":43.0,"key":"Pen Nib"},{"floor":47,"key":"Red Skull"}],"event_choices":[{"damage_healed":0.0,"max_hp_gain":5.0,"max_hp_loss":0.0,"gold_gain":0.0,"event_name":"Big Fish","player_choice":"Donut","floor":2.0,"gold_loss":0.0,"damage_taken":0.0},{"damage_healed":0.0,"max_hp_gain":0.0,"max_hp_loss":0.0,"gold_gain":0.0,"event_name":"Golden Idol","player_choice":"Take Damage","floor":3.0,"gold_loss":0.0,"damage_taken":21.0,"relics_obtained":["Golden Idol"]},{"damage_healed":0.0,"max_hp_gain":0.0,"max_hp_loss":0.0,"gold_gain":0.0,"event_name":"Match and Keep!","player_choice":"3 cards matched","floor":7.0,"gold_loss":0.0,"damage_taken":0.0,"cards_obtained":["Jack Of All Trades","Bash","Bludgeon"]},{"damage_healed":0.0,"max_hp_gain":0.0,"max_hp_loss":0.0,"gold_gain":0.0,"event_name":"Drug Dealer","player_choice":"Inject Mutagens","floor":19.0,"gold_loss":0.0,"damage_taken":0.0,"relics_obtained":["MutagenicStrength"]},{"damage_healed":0.0,"max_hp_gain":0.0,"max_hp_loss":0.0,"gold_gain":0.0,"cards_transformed":["Strike_R"],"event_name":"Transmorgrifier","player_choice":"Transformed","floor":20.0,"gold_loss":0.0,"damage_taken":0.0,"cards_obtained":["Rupture"]},{"damage_healed":0.0,"max_hp_gain":0.0,"max_hp_loss":0.0,"gold_gain":0.0,"event_name":"Upgrade Shrine","player_choice":"Upgraded","floor":22.0,"gold_loss":0.0,"damage_taken":0.0,"cards_upgraded":["Demon Form"]},{"damage_healed":0.0,"max_hp_gain":0.0,"max_hp_loss":0.0,"gold_gain":0.0,"event_name":"SensoryStone","player_choice":"Memory 3","floor":36.0,"gold_loss":0.0,"damage_taken":10.0},{"cards_removed":["Jack Of All Trades"],"damage_healed":0.0,"max_hp_gain":0.0,"max_hp_loss":0.0,"gold_gain":0.0,"event_name":"Designer","player_choice":"Upgrade and Remove","floor":37.0,"gold_loss":90.0,"damage_taken":0.0,"cards_upgraded":["Strike_R"]},{"damage_healed":0.0,"max_hp_gain":0.0,"max_hp_loss":0.0,"gold_gain":0.0,"event_name":"MindBloom","player_choice":"Fight","floor":42.0,"gold_loss":0.0,"damage_taken":0.0},{"cards_removed":["Strike_R"],"damage_healed":0.0,"max_hp_gain":0.0,"max_hp_loss":0.0,"gold_gain":0.0,"event_name":"Bonfire Elementals","player_choice":"Offered Basic","floor":44.0,"gold_loss":0.0,"damage_taken":0.0}],"is_beta":false,"boss_relics":[{"not_picked":["Pandora\u0027s Box","Astrolabe"],"picked":"Snecko Eye"},{"not_picked":["Calling Bell","Empty Cage"],"picked":"Mark of Pain"}],"items_purged_floors":[12,45],"is_endless":false,"potions_floor_spawned":[11,13,14,16,23,27,28,29,35,39,42,46],"ascension_level":13}