{"gold_per_floor":[99,24,24,24,24,24,24,24,24,2,2,2,2],"floor_reached":13,"playtime":590,"items_purged":["Strike_P"],"score":96,"play_id":"cb0582e3-1f03-4b0b-9c49-92e4b20f7d29","local_time":"20190928214807","is_ascension_mode":true,"campfire_choices":[{"floor":6,"key":"REST"}],"neow_cost":"NONE","seed_source_timestamp":1407431507582000,"circlet_count":0,"master_deck":["Strike_P","Strike_P","Strike_P","Defend_P","Defend_P","Defend_P","Defend_P","Eruption","Vigilance","Meditate","CrushJoints","Sanctity","ThirdEye","Establishment","FearNoEvil"],"relics":["Ectoplasm","Golden Idol","InkBottle","Ancient Tea Set"],"potions_floor_usage":[13],"damage_taken":[{"damage":0,"enemies":"Cultist","floor":1,"turns":3},{"damage":0,"enemies":"Small Slimes","floor":3,"turns":3},{"damage":34,"enemies":"Lagavulin","floor":7,"turns":6},{"damage":16,"enemies":"3 Sentries","floor":11,"turns":7},{"damage":0,"enemies":"Jaw Worm","floor":12,"turns":4},{"damage":14,"enemies":"Exordium Wildlife","floor":13,"turns":5}],"seed_played":"2249552873601435531","potions_obtained":[{"floor":1,"key":"Ancient Potion"},{"floor":11,"key":"EssenceOfSteel"}],"is_trial":false,"path_per_floor":["M","$","M","?","?","R","E","?","T","$","E","M","M"],"character_chosen":"WATCHER","items_purchased":["ThirdEye"],"campfire_rested":1,"item_purchase_floors":[10],"current_hp_per_floor":[72,72,72,54,43,64,30,30,30,30,14,14,0],"gold":2,"neow_bonus":"BOSS_RELIC","is_prod":false,"is_daily":false,"chose_seed":false,"campfire_upgraded":0,"win_rate":0,"timestamp":1569721687,"path_taken":["M","$","M","?","?","R","E","?","T","?","E","M","?"],"build_version":"2019-09-27","purchased_purges":1,"victory":false,"max_hp_per_floor":[72,72,72,72,72,72,72,72,72,72,72,72,72],"card_choices":[{"not_picked":["FlowState","SashWhip"],"picked":"Meditate","floor":1},{"not_picked":["FlowState","Prostrate"],"picked":"CrushJoints","floor":3},{"not_picked":["Halt","EmptyBody"],"picked":"Sanctity","floor":7},{"not_picked":["CrushJoints","SashWhip"],"picked":"Establishment","floor":11},{"not_picked":["MentalFortress","Weave"],"picked":"FearNoEvil","floor":12}],"player_experience":188492,"relics_obtained":[{"floor":7,"key":"InkBottle"},{"floor":11,"key":"Ancient Tea Set"}],"event_choices":[{"damage_healed":0,"gold_gain":0,"player_choice":"Take Damage","damage_taken":18,"relics_obtained":["Golden Idol"],"max_hp_gain":0,"max_hp_loss":0,"event_name":"Golden Idol","floor":4,"gold_loss":0},{"damage_healed":0,"gold_gain":75,"player_choice":"Gather Gold","damage_taken":11,"max_hp_gain":0,"max_hp_loss":0,"event_name":"World of Goop","floor":5,"gold_loss":0},{"damage_healed":0,"gold_gain":0,"player_choice":"Ignored","damage_taken":0,"max_hp_gain":0,"max_hp_loss":0,"event_name":"Shining Light","floor":8,"gold_loss":0}],"is_beta":true,"boss_relics":[],"items_purged_floors":[2],"is_endless":false,"potions_floor_spawned":[1,11],"killed_by":"Exordium Wildlife","ascension_level":1}