{"path_per_floor":["M","?","?","?","M","E","M","R","T","R","?","M","M","M","R","B",null,"M","$","M","?","$","E","M","E","T","?","T","M","R","$","R","B",null,"M","$","?","M","M","R","E","R","T","M","E","M","M","E","R","B"],"character_chosen":"DEFECT","items_purchased":["Potion Belt","Strawberry","Bottled Lightning","Bag of Marbles"],"gold_per_floor":[114,114,189,189,208,246,265,265,265,265,265,284,303,322,322,447,447,466,466,485,485,485,523,542,580,580,580,580,599,599,79,79,204,204,223,103,0,19,38,38,76,76,76,95,133,152,171,209,209,209],"floor_reached":51,"campfire_rested":0,"playtime":2589,"item_purchase_floors":[31,31,31,36],"current_hp_per_floor":[73,72,61,61,61,61,61,61,61,61,61,61,61,60,59,58,57,56,55,54,53,52,51,50,49,48,47,46,45,44,50,49,42,47,46,45,44,43,42,41,40,39,48,47,46,45,44,57,56,21],"items_purged":[],"gold":209,"score":1277,"play_id":"66776da9-7127-43f4-96a0-18ec4f95a021","local_time":"20180531160749","daily_mods":["Insanity","Time Dilation","Terminal"],"is_prod":false,"is_daily":true,"chose_seed":false,"is_ascension_mode":false,"campfire_upgraded":5,"win_rate":0,"timestamp":1527757669,"campfire_choices":[{"data":"Chill","floor":8,"key":"SMITH"},{"data":"Seek","floor":10,"key":"SMITH"},{"data":"Hyperbeam","floor":15,"key":"SMITH"},{"data":"1","floor":30,"key":"LIFT"},{"data":"2","floor":32,"key":"LIFT"},{"data":"3","floor":40,"key":"LIFT"},{"data":"Hyperbeam","floor":42,"key":"SMITH"},{"data":"Skim","floor":49,"key":"SMITH"}],"path_taken":["M","?","?","?","?","E","M","R","T","R","?","?","M","M","R","BOSS","M","$","M","?","$","E","M","E","T","?","?","M","R","?","R","BOSS","M","$","?","M","M","R","E","R","T","?","E","M","M","E","R","BOSS"],"build_version":"2018-05-30v2","seed_source_timestamp":0,"purchased_purges":0,"victory":true,"master_deck":["Self Repair","Undo","Aggregate","Electrodynamics","Defend_B+1","Core Surge","Auto Shields","Blizzard","Skim+1","Recycle","Cold Snap","Echo Form","Seek+1","Ball Lightning","Biased Cognition","Rainbow","Biased Cognition","Chill","Sweeping Beam","Coolheaded","Fusion","Cold Snap","Aggregate","White Noise","Fusion","Aggregate","Steam Power","Scrape","Compile Driver","Cold Snap","Hyperbeam+1","Heatsinks","Sweeping Beam","Glacier","Barrage","Rebound","Skim","Steam Power","Go for the Eyes","Static Discharge","Cold Snap","Heatsinks","Conserve Battery","Hyperbeam","Hyperbeam+1","Compile Driver","Chill+1","Skim","Creative AI","Multi-Cast","Beam Cell","Injury","Compile Driver","BootSequence","Stack","Regret","Core Surge","Ball Lightning","Leap","Machine Learning","Injury","Clumsy","Injury","Heatsinks+1","Turbo","Doom and Gloom","Compile Driver","Aggregate","Stack","Core Surge","Compile Driver","Hologram","Stack","Lockon","Reinforced Body+1","BootSequence+1","Melter+1","Go for the Eyes+1","Buffer+1","Heatsinks+1","Hologram","Stack+1","Fission"],"max_hp_per_floor":[73,72,71,70,69,68,67,66,65,64,63,62,61,60,59,58,57,56,55,54,53,52,51,50,49,48,47,46,45,44,50,49,48,47,46,45,44,43,42,41,40,39,48,47,46,45,44,57,56,55],"relics":["Cracked Core","Golden Idol","Centennial Puzzle","Kunai","Anchor","Calling Bell","Dream Catcher","The Courier","Emotion Chip","Girya","Peace Pipe","Du-Vu Doll","Frozen Egg 2","Potion Belt","Strawberry","Bottled Lightning","Orrery","Bag of Marbles","Red Mask","Bottled Flame","Pear","Ginger","Mango"],"card_choices":[{"not_picked":["Loop","Steam"],"picked":"Beam Cell","floor":1},{"not_picked":["Turbo","Heatsinks"],"picked":"Compile Driver","floor":5},{"not_picked":["Static Discharge","Glacier"],"picked":"BootSequence","floor":6},{"not_picked":["Rebound","Reinforced Body"],"picked":"Stack","floor":7},{"not_picked":["Chaos","Beam Cell"],"picked":"Core Surge","floor":12},{"not_picked":["Compile Driver","Redo"],"picked":"Ball Lightning","floor":13},{"not_picked":["Gash","Go for the Eyes"],"picked":"Leap","floor":14},{"not_picked":["Core Surge","Echo Form"],"picked":"Machine Learning","floor":16},{"not_picked":["Rebound+1","Beam Cell"],"picked":"Heatsinks+1","floor":18},{"not_picked":["Chill","Leap"],"picked":"Turbo","floor":20},{"not_picked":["Cold Snap","Compile Driver"],"picked":"Doom and Gloom","floor":23},{"not_picked":["Stack+1","Steam"],"picked":"Compile Driver","floor":24},{"not_picked":["Stack","Beam Cell"],"picked":"Aggregate","floor":25},{"not_picked":["Sunder","Genetic Algorithm+1"],"picked":"Stack","floor":29},{"not_picked":["Electrodynamics+1","Thunder Strike"],"picked":"Core Surge","floor":33},{"not_picked":["Consume+1","Ball Lightning"],"picked":"Compile Driver","floor":34},{"not_picked":["Compile Driver","Tempest+1"],"picked":"Hologram","floor":34},{"not_picked":["Ball Lightning","Undo+1"],"picked":"Stack","floor":34},{"not_picked":["Cold Snap","Doom and Gloom"],"picked":"Lockon","floor":34},{"not_picked":["Leap+1","Defragment+1"],"picked":"Reinforced Body+1","floor":34},{"not_picked":["Hello World+1","Hologram+1","Doom and Gloom"],"picked":"SKIP","floor":35},{"not_picked":["Capacitor+1","Steam"],"picked":"BootSequence+1","floor":38},{"not_picked":["Gash+1","Streamline+1"],"picked":"Melter+1","floor":39},{"not_picked":["Glacier","Sunder"],"picked":"Go for the Eyes+1","floor":41},{"not_picked":["Undo","Storm+1"],"picked":"Buffer+1","floor":44},{"not_picked":["Ball Lightning+1","Stack+1"],"picked":"Heatsinks+1","floor":45},{"not_picked":["Undo","Compile Driver"],"picked":"Hologram","floor":46},{"not_picked":["Go for the Eyes","Heatsinks+1"],"picked":"Stack+1","floor":47},{"not_picked":["Cold Snap","Barrage+1"],"picked":"Fission","floor":48}],"player_experience":17746,"potions_floor_usage":[6,16,33,33,41,45,50,50,50],"damage_taken":[{"damage":0,"enemies":"2 Louse","floor":1,"turns":2},{"damage":0,"enemies":"Small Slimes","floor":5,"turns":2},{"damage":0,"enemies":"Lagavulin","floor":6,"turns":5},{"damage":0,"enemies":"Jaw Worm","floor":7,"turns":1},{"damage":0,"enemies":"2 Fungi Beasts","floor":12,"turns":2},{"damage":0,"enemies":"Large Slime","floor":13,"turns":1},{"damage":0,"enemies":"Blue Slaver","floor":14,"turns":1},{"damage":0,"enemies":"Hexaghost","floor":16,"turns":8},{"damage":3,"enemies":"2 Thieves","floor":18,"turns":3},{"damage":8,"enemies":"Spheric Guardian","floor":20,"turns":4},{"damage":0,"enemies":"Gremlin Leader","floor":23,"turns":3},{"damage":1,"enemies":"Centurion and Healer","floor":24,"turns":4},{"damage":0,"enemies":"Book of Stabbing","floor":25,"turns":2},{"damage":0,"enemies":"Snake Plant","floor":29,"turns":3},{"damage":14,"enemies":"Collector","floor":33,"turns":7},{"damage":0,"enemies":"Orb Walker","floor":35,"turns":1},{"damage":0,"enemies":"3 Shapes","floor":38,"turns":1},{"damage":0,"enemies":"Spire Growth","floor":39,"turns":1},{"damage":0,"enemies":"Nemesis","floor":41,"turns":5},{"damage":0,"enemies":"Sphere and 2 Shapes","floor":44,"turns":2},{"damage":0,"enemies":"Giant Head","floor":45,"turns":5},{"damage":0,"enemies":"Flame Bruiser 2 Orb","floor":46,"turns":1},{"damage":0,"enemies":"Maw","floor":47,"turns":1},{"damage":0,"enemies":"Nemesis","floor":48,"turns":1},{"damage":42,"enemies":"Time Eater","floor":50,"turns":10}],"relics_obtained":[{"floor":6,"key":"Centennial Puzzle"},{"floor":9,"key":"Kunai"},{"floor":17,"key":"Dream Catcher"},{"floor":17,"key":"The Courier"},{"floor":17,"key":"Emotion Chip"},{"floor":23,"key":"Girya"},{"floor":25,"key":"Peace Pipe"},{"floor":26,"key":"Du-Vu Doll"},{"floor":28,"key":"Frozen Egg 2"},{"floor":41,"key":"Bottled Flame"},{"floor":43,"key":"Pear"},{"floor":45,"key":"Ginger"},{"floor":48,"key":"Mango"}],"event_choices":[{"event_name":"Liars Game","player_choice":"disagreed","floor":2,"damage_taken":0},{"event_name":"World of Goop","player_choice":"Gather Gold","floor":3,"damage_taken":0},{"event_name":"Golden Idol","player_choice":"Take Wound","floor":4,"damage_taken":0},{"event_name":"Big Fish","player_choice":"Box","floor":11,"damage_taken":0},{"event_name":"Beggar","player_choice":"Ignored","floor":21,"damage_taken":0},{"event_name":"Back to Basics","player_choice":"Simplicity","floor":27,"damage_taken":0},{"event_name":"Tomb of Lord Red Mask","player_choice":"Paid","floor":37,"damage_taken":0}],"boss_relics":[{"not_picked":["Runic Dome","Ectoplasm"],"picked":"Calling Bell"},{"not_picked":["Nuclear Battery","Lizard Tail"],"picked":"Orrery"}],"items_purged_floors":[],"potions_floor_spawned":[1,12,13,23,25,29,35,38,44,48],"seed_played":"-8525478308114596577","ascension_level":0,"potions_obtained":[{"floor":1,"key":"EssenceOfSteel"},{"floor":12,"key":"PowerPotion"},{"floor":13,"key":"Strength Potion"},{"floor":23,"key":"EssenceOfSteel"},{"floor":25,"key":"Swift Potion"},{"floor":29,"key":"GamblersBrew"},{"floor":35,"key":"Ancient Potion"},{"floor":38,"key":"AttackPotion"},{"floor":44,"key":"Energy Potion"},{"floor":48,"key":"PowerPotion"}],"is_trial":false}