{"gold_per_floor":[115,115,71,71,149,177,102,127,127,154,154,154,154,164,164,236,236,252,252,177,202,216,216,228,228,251,251,281,293,17,17,17,89,89,109,59,114,214,9,9,26,26,52,72,89,119,131,150,150,150,150],"floor_reached":52,"playtime":2660,"items_purged":["Defend_G","Strike_G","Defend_G"],"score":2028,"play_id":"a45205e5-c45f-49a1-8643-e18891c55644","local_time":"20190826001138","is_ascension_mode":true,"campfire_choices":[{"data":"Neutralize","floor":11.0,"key":"SMITH"},{"data":"Footwork","floor":13.0,"key":"SMITH"},{"data":"Skewer","floor":15.0,"key":"SMITH"},{"data":"Backflip","floor":23.0,"key":"SMITH"},{"data":"Night Terror","floor":25.0,"key":"SMITH"},{"data":"Dash","floor":27.0,"key":"SMITH"},{"data":"Survivor","floor":32.0,"key":"SMITH"},{"data":"Corpse Explosion","floor":40.0,"key":"SMITH"},{"data":"Dodge and Roll","floor":42.0,"key":"SMITH"},{"data":"Malaise","floor":49,"key":"SMITH"}],"neow_cost":"NONE","seed_source_timestamp":35469609806068,"circlet_count":0,"master_deck":["AscendersBane","Strike_G","Strike_G","Strike_G+1","Defend_G+1","Defend_G","Survivor+1","Neutralize+1","Dash+1","Footwork+1","Wraith Form v2+1","Skewer+1","Night Terror+1","Backflip+1","Dodge and Roll+1","Footwork+1","Corpse Explosion+1","Dodge and Roll+1","Footwork+1","Malaise+1"],"special_seed":0,"relics":["Ring of the Snake","NeowsBlessing","Mercury Hourglass","Happy Flower","Incense Burner","Frozen Egg 2","Shuriken","Strawberry","Busted Crown","Red Mask","Art of War","Pantograph","Membership Card","Coffee Dripper","Ginger","Pocketwatch","Pen Nib","Dream Catcher"],"potions_floor_usage":[45,51],"damage_taken":[{"damage":0.0,"enemies":"2 Louse","floor":1.0,"turns":1.0},{"damage":0.0,"enemies":"Lagavulin","floor":6.0,"turns":1.0},{"damage":0.0,"enemies":"Gremlin Nob","floor":8.0,"turns":1.0},{"damage":8.0,"enemies":"Lagavulin","floor":10.0,"turns":7.0},{"damage":0.0,"enemies":"Small Slimes","floor":14.0,"turns":3.0},{"damage":16.0,"enemies":"Slime Boss","floor":16.0,"turns":12.0},{"damage":0.0,"enemies":"Chosen","floor":18.0,"turns":5.0},{"damage":4.0,"enemies":"Masked Bandits","floor":21.0,"turns":4.0},{"damage":3.0,"enemies":"Spheric Guardian","floor":22.0,"turns":6.0},{"damage":9.0,"enemies":"Snecko","floor":24.0,"turns":6.0},{"damage":5.0,"enemies":"Gremlin Leader","floor":28.0,"turns":12.0},{"damage":8.0,"enemies":"Centurion and Healer","floor":29.0,"turns":6.0},{"damage":28.0,"enemies":"Automaton","floor":33.0,"turns":15.0},{"damage":0.0,"enemies":"3 Shapes","floor":35.0,"turns":6.0},{"damage":0.0,"enemies":"2 Orb Walkers","floor":37.0,"turns":9.0},{"damage":0.0,"enemies":"Mind Bloom Boss Battle","floor":38.0,"turns":9.0},{"damage":0.0,"enemies":"3 Darklings","floor":41.0,"turns":3.0},{"damage":7.0,"enemies":"Sphere and 2 Shapes","floor":44.0,"turns":5.0},{"damage":10,"enemies":"Writhing Mass","floor":45,"turns":9},{"damage":0,"enemies":"Nemesis","floor":46,"turns":12},{"damage":1,"enemies":"Maw","floor":47,"turns":10},{"damage":2,"enemies":"Jaw Worm Horde","floor":48,"turns":4},{"damage":11,"enemies":"Time Eater","floor":50,"turns":21},{"damage":0,"enemies":"Awakened One","floor":51,"turns":20}],"seed_played":"5691982685295495929","potions_obtained":[{"floor":6.0,"key":"FearPotion"},{"floor":10.0,"key":"LiquidBronze"},{"floor":14.0,"key":"Poison Potion"},{"floor":18.0,"key":"SteroidPotion"},{"floor":28.0,"key":"Fire Potion"},{"floor":35.0,"key":"Regen Potion"},{"floor":37.0,"key":"Swift Potion"},{"floor":41.0,"key":"GhostInAJar"}],"is_trial":false,"path_per_floor":["M","?","$","?","T","E","?","E","T","E","R","?","R","M","R","B",null,"M","?","?","?","M","R","M","R","T","R","E","M","$","?","R","B",null,"M","$","?","?","$","R","M","R","T","M","M","E","M","M","R","B","B",null],"character_chosen":"THE_SILENT","items_purchased":["Dash","Membership Card","Footwork+1","Corpse Explosion","Dodge and Roll","Dexterity Potion"],"campfire_rested":0,"item_purchase_floors":[3,30,30,39,39,39],"current_hp_per_floor":[59,64,64,43,43,43,43,43,43,35,35,31,31,31,31,15,62,62,62,62,58,55,55,46,46,46,46,41,33,33,33,33,30,66,66,66,78,78,78,78,78,78,78,71,61,61,60,58,58,67,78],"gold":150,"neow_bonus":"THREE_ENEMY_KILL","is_prod":false,"is_daily":false,"chose_seed":false,"campfire_upgraded":10,"win_rate":0,"timestamp":1566753098,"path_taken":["M","?","$","?","?","E","?","E","T","E","R","?","R","M","R","BOSS","M","?","?","?","M","R","M","R","T","R","E","M","$","?","R","BOSS","M","$","?","?","?","R","M","R","T","M","?","E","M","M","R","BOSS","BOSS"],"build_version":"2019-07-17","purchased_purges":3,"victory":true,"max_hp_per_floor":[66,71,71,71,71,71,71,71,71,71,71,78,78,78,78,78,78,78,78,78,78,78,78,78,78,78,78,78,78,78,78,78,78,78,78,78,78,78,78,78,78,78,78,78,78,78,78,78,78,78,78],"card_choices":[{"not_picked":["Deflect","Expertise","Dodge and Roll"],"picked":"SKIP","floor":1.0},{"not_picked":["Finisher","Escape Plan"],"picked":"Footwork","floor":6.0},{"not_picked":["Reflex","Blade Dance","Sucker Punch"],"picked":"SKIP","floor":8.0},{"not_picked":["Cloak And Dagger","Reflex"],"picked":"Wraith Form v2+1","floor":10.0},{"not_picked":["Flying Knee","Dodge and Roll"],"picked":"Skewer","floor":14.0},{"not_picked":["Phantasmal Killer","Bullet Time"],"picked":"Night Terror","floor":16.0},{"not_picked":["Deflect"],"picked":"SKIP","floor":18.0},{"not_picked":[],"picked":"Backflip","floor":21.0},{"not_picked":[],"picked":"Dodge and Roll+1","floor":22.0},{"not_picked":["Expertise"],"picked":"SKIP","floor":24.0},{"not_picked":["Prepared"],"picked":"SKIP","floor":28.0},{"not_picked":["Sucker Punch"],"picked":"SKIP","floor":29.0},{"not_picked":["Outmaneuver"],"picked":"SKIP","floor":35.0},{"not_picked":["Poisoned Stab"],"picked":"SKIP","floor":41.0},{"not_picked":[],"picked":"Footwork+1","floor":44.0},{"not_picked":["Flying Knee"],"picked":"SKIP","floor":45},{"not_picked":[],"picked":"Malaise","floor":46},{"not_picked":["Acrobatics"],"picked":"SKIP","floor":47},{"not_picked":["Predator+1"],"picked":"SKIP","floor":48}],"player_experience":1079956,"relics_obtained":[{"floor":5.0,"key":"Mercury Hourglass"},{"floor":6.0,"key":"Happy Flower"},{"floor":8.0,"key":"Incense Burner"},{"floor":9.0,"key":"Frozen Egg 2"},{"floor":10.0,"key":"Shuriken"},{"floor":21.0,"key":"Red Mask"},{"floor":26.0,"key":"Art of War"},{"floor":28.0,"key":"Pantograph"},{"floor":37.0,"key":"Ginger"},{"floor":38.0,"key":"Pocketwatch"},{"floor":43.0,"key":"Pen Nib"},{"floor":46,"key":"Dream Catcher"}],"event_choices":[{"damage_healed":0.0,"max_hp_gain":5.0,"max_hp_loss":0.0,"gold_gain":0.0,"event_name":"Big Fish","player_choice":"Donut","floor":2.0,"gold_loss":0.0,"damage_taken":0.0},{"damage_healed":0.0,"max_hp_gain":0.0,"max_hp_loss":0.0,"gold_gain":0.0,"event_name":"Shining Light","player_choice":"Entered Light","floor":4.0,"gold_loss":0.0,"damage_taken":21.0,"cards_upgraded":["Defend_G","Strike_G"]},{"cards_removed":["Strike_G"],"damage_healed":0.0,"max_hp_gain":0.0,"max_hp_loss":0.0,"gold_gain":0.0,"event_name":"The Cleric","player_choice":"Card Removal","floor":7.0,"gold_loss":75.0,"damage_taken":0.0},{"damage_healed":0.0,"max_hp_gain":0.0,"max_hp_loss":0.0,"gold_gain":0.0,"event_name":"Scrap Ooze","player_choice":"Success","floor":12.0,"gold_loss":0.0,"damage_taken":11.0,"relics_obtained":["Strawberry"]},{"damage_healed":0.0,"max_hp_gain":0.0,"max_hp_loss":0.0,"gold_gain":0.0,"event_name":"Cursed Tome","player_choice":"Ignored","floor":19.0,"gold_loss":0.0,"damage_taken":0.0},{"cards_removed":["Defend_G"],"damage_healed":0.0,"max_hp_gain":0.0,"max_hp_loss":0.0,"gold_gain":0.0,"event_name":"Beggar","player_choice":"Gave Gold","floor":20.0,"gold_loss":75.0,"damage_taken":0.0},{"damage_healed":0.0,"max_hp_gain":0.0,"max_hp_loss":0.0,"gold_gain":0.0,"event_name":"Masked Bandits","player_choice":"Fought Bandits","floor":21.0,"gold_loss":0.0,"damage_taken":0.0},{"damage_healed":0.0,"max_hp_gain":0.0,"max_hp_loss":0.0,"gold_gain":0.0,"event_name":"Mysterious Sphere","player_choice":"Fight","floor":37.0,"gold_loss":0.0,"damage_taken":0.0},{"damage_healed":0.0,"max_hp_gain":0.0,"max_hp_loss":0.0,"gold_gain":0.0,"event_name":"MindBloom","player_choice":"Fight","floor":38.0,"gold_loss":0.0,"damage_taken":0.0}],"is_beta":false,"boss_relics":[{"not_picked":["Ring of the Serpent","Runic Dome"],"picked":"Busted Crown"},{"not_picked":["Tiny House","Lizard Tail"],"picked":"Coffee Dripper"}],"items_purged_floors":[30,36,39],"is_endless":false,"potions_floor_spawned":[6,10,14,18,28,35,37,41,44],"ascension_level":20}