{"gold_per_floor":[119,130,150,66,78,78,142,160,160,160,176,202,202,217,217,290,290,303,321,321],"floor_reached":20,"playtime":791,"items_purged":[],"score":376,"play_id":"a3dd9b6c-7354-4bd4-b1cb-376554cf1431","local_time":"20190421125903","is_ascension_mode":true,"campfire_choices":[{"data":"Doom and Gloom","floor":6,"key":"SMITH"},{"data":"Defragment","floor":10,"key":"SMITH"},{"data":"Redo","floor":15,"key":"SMITH"}],"neow_cost":"TEN_PERCENT_HP_LOSS","seed_source_timestamp":326155218816178,"circlet_count":0,"master_deck":["AscendersBane","Strike_B","Strike_B","Defend_B","Defend_B","Defend_B","Defend_B","Zap","Dualcast","Barrage","Reinforced Body","Melter","White Noise","Cold Snap","Doom and Gloom+1","Cold Snap","Defragment+1","Doom and Gloom","Coolheaded","Redo+1","White Noise","Biased Cognition","Static Discharge+1","Leap"],"relics":["Cracked Core","Tiny Chest","Sundial","Bottled Flame","Pear","Inserter"],"potions_floor_usage":[7,12],"damage_taken":[{"damage":0,"enemies":"Cultist","floor":1,"turns":3},{"damage":0,"enemies":"2 Louse","floor":2,"turns":3},{"damage":0,"enemies":"Jaw Worm","floor":3,"turns":3},{"damage":12,"enemies":"3 Louse","floor":5,"turns":4},{"damage":11,"enemies":"3 Sentries","floor":7,"turns":6},{"damage":0,"enemies":"Large Slime","floor":8,"turns":4},{"damage":6,"enemies":"Red Slaver","floor":11,"turns":4},{"damage":11,"enemies":"Gremlin Nob","floor":12,"turns":4},{"damage":12,"enemies":"2 Fungi Beasts","floor":14,"turns":2},{"damage":20,"enemies":"Hexaghost","floor":16,"turns":8},{"damage":27,"enemies":"3 Byrds","floor":18,"turns":5},{"damage":14,"enemies":"Spheric Guardian","floor":19,"turns":4},{"damage":31,"enemies":"Shelled Parasite and Fungi","floor":20,"turns":2}],"seed_played":"8366487586022478767","potions_obtained":[{"floor":1,"key":"AttackPotion"},{"floor":2,"key":"Regen Potion"},{"floor":11,"key":"FairyPotion"},{"floor":19,"key":"SteroidPotion"}],"is_trial":false,"path_per_floor":["M","M","M","$","M","R","E","M","T","R","M","E","T","M","R","B",null,"M","M","M"],"character_chosen":"DEFECT","items_purchased":["Doom and Gloom"],"campfire_rested":0,"item_purchase_floors":[4],"current_hp_per_floor":[64,64,64,64,52,52,56,56,56,56,50,39,49,37,37,17,60,33,19,0],"gold":321,"neow_bonus":"TRANSFORM_TWO_CARDS","is_prod":false,"is_daily":false,"chose_seed":false,"campfire_upgraded":3,"win_rate":0,"timestamp":1555865943,"path_taken":["M","M","M","$","M","R","E","M","T","R","M","E","?","M","R","BOSS","M","M","M"],"build_version":"2019-01-23","purchased_purges":0,"victory":false,"max_hp_per_floor":[64,64,64,64,64,64,64,64,64,64,64,64,74,74,74,74,74,74,74,74],"card_choices":[{"not_picked":["Storm","Barrage"],"picked":"Melter","floor":1},{"not_picked":["Steam","Beam Cell"],"picked":"White Noise","floor":2},{"not_picked":["Leap","Sweeping Beam"],"picked":"Cold Snap","floor":3},{"not_picked":["Barrage","Redo"],"picked":"Cold Snap","floor":5},{"not_picked":["Reinforced Body","Meteor Strike"],"picked":"Defragment","floor":7},{"not_picked":["Gash","Stack"],"picked":"Doom and Gloom","floor":8},{"not_picked":["Doom and Gloom","Static Discharge"],"picked":"Coolheaded","floor":11},{"not_picked":["Cold Snap","Go for the Eyes"],"picked":"Redo","floor":12},{"not_picked":["Go for the Eyes","Barrage"],"picked":"White Noise","floor":14},{"not_picked":["Reboot","Machine Learning"],"picked":"Biased Cognition","floor":16},{"not_picked":["Steam","Sweeping Beam"],"picked":"Static Discharge+1","floor":18},{"not_picked":["Hello World","Go for the Eyes"],"picked":"Leap","floor":19}],"player_experience":750610,"relics_obtained":[{"floor":7,"key":"Tiny Chest"},{"floor":9,"key":"Sundial"},{"floor":12,"key":"Bottled Flame"},{"floor":13,"key":"Pear"}],"event_choices":[],"is_beta":false,"boss_relics":[{"not_picked":["Black Star","Astrolabe"],"picked":"Inserter"}],"items_purged_floors":[],"is_endless":false,"potions_floor_spawned":[1,2,3,11,19],"killed_by":"Shelled Parasite and Fungi","ascension_level":20}