{"gold_per_floor":[117,129,142,158,178,178,211,211,211,211,211,225,250,285,285,376,376,399,324,338,338,15,15,59,59,59,79,79],"floor_reached":28,"playtime":1584,"items_purged":[],"score":500,"play_id":"c9e67895-d073-40c8-8de6-bae9d3d0058e","local_time":"20190726222500","is_ascension_mode":true,"campfire_choices":[{"data":"Sunder","floor":6,"key":"SMITH"},{"data":"Coolheaded","floor":8,"key":"SMITH"},{"data":"Go for the Eyes","floor":10,"key":"SMITH"},{"floor":15,"key":"DIG"},{"floor":23,"key":"REST"},{"floor":25,"key":"REST"}],"neow_cost":"NONE","seed_source_timestamp":517504809571271,"circlet_count":0,"master_deck":["AscendersBane","Strike_B","Strike_B","Strike_B","Defend_B","Defend_B","Defend_B","Defend_B","Zap","Dualcast","Sunder+1","Go for the Eyes+1","Ball Lightning","Coolheaded+1","Leap","Gash","Hologram","Machine Learning","Core Surge","Coolheaded","Genetic Algorithm","Undo","Biased Cognition"],"relics":["Cracked Core","Pen Nib","Unceasing Top","Mango","Golden Idol","Shovel","Du-Vu Doll","Velvet Choker","Incense Burner","Bottled Tornado","Bird Faced Urn"],"potions_floor_usage":[7,24,27],"damage_taken":[{"damage":1,"enemies":"2 Louse","floor":1,"turns":3},{"damage":4,"enemies":"Small Slimes","floor":2,"turns":3},{"damage":9,"enemies":"Jaw Worm","floor":3,"turns":5},{"damage":0,"enemies":"Large Slime","floor":4,"turns":4},{"damage":0,"enemies":"Red Slaver","floor":5,"turns":1},{"damage":2,"enemies":"Gremlin Nob","floor":7,"turns":3},{"damage":0,"enemies":"Blue Slaver","floor":12,"turns":3},{"damage":1,"enemies":"Looter","floor":13,"turns":3},{"damage":15,"enemies":"Lagavulin","floor":14,"turns":5},{"damage":13,"enemies":"The Guardian","floor":16,"turns":14},{"damage":21,"enemies":"Shell Parasite","floor":18,"turns":5},{"damage":27,"enemies":"2 Thieves","floor":20,"turns":3},{"damage":41,"enemies":"Slavers","floor":24,"turns":8},{"damage":7,"enemies":"Cultist and Chosen","floor":27,"turns":7},{"damage":29,"enemies":"Gremlin Leader","floor":28,"turns":2}],"seed_played":"-2086967764153516629","potions_obtained":[{"floor":1,"key":"Poison Potion"},{"floor":7,"key":"GamblersBrew"},{"floor":12,"key":"SpeedPotion"}],"is_trial":false,"path_per_floor":["M","M","M","M","M","R","E","R","T","R","?","M","M","E","R","B",null,"M","?","M","?","$","R","E","R","T","M","E"],"character_chosen":"DEFECT","items_purchased":["Incense Burner"],"campfire_rested":2,"item_purchase_floors":[22],"current_hp_per_floor":[63,59,50,50,50,50,48,48,62,62,33,33,32,17,17,4,65,44,44,17,17,17,42,1,26,26,21,0],"gold":79,"neow_bonus":"RANDOM_COMMON_RELIC","is_prod":false,"is_daily":false,"chose_seed":false,"campfire_upgraded":3,"win_rate":0,"timestamp":1564194300,"path_taken":["M","M","M","M","M","R","E","R","T","R","?","M","M","E","R","BOSS","M","?","M","?","$","R","E","R","T","M","E"],"build_version":"2019-07-17","purchased_purges":0,"victory":false,"max_hp_per_floor":[71,71,71,71,71,71,71,71,85,85,85,85,85,85,85,85,85,85,85,85,85,85,85,85,85,85,85,85],"card_choices":[{"not_picked":["Chill","Compile Driver"],"picked":"Sunder","floor":1},{"not_picked":["Steam","Storm"],"picked":"Go for the Eyes","floor":2},{"not_picked":["Go for the Eyes","Aggregate","Melter"],"picked":"SKIP","floor":3},{"not_picked":["Leap","Chill"],"picked":"Ball Lightning","floor":4},{"not_picked":["Compile Driver","Leap"],"picked":"Coolheaded","floor":5},{"not_picked":["Ball Lightning","Recycle"],"picked":"Leap","floor":7},{"not_picked":["Blizzard","Beam Cell"],"picked":"Gash","floor":12},{"not_picked":["Sweeping Beam","Leap"],"picked":"Hologram","floor":13},{"not_picked":["Compile Driver","Scrape"],"picked":"Machine Learning","floor":14},{"not_picked":["Buffer","Hyperbeam"],"picked":"Core Surge","floor":16},{"not_picked":["Compile Driver","Turbo"],"picked":"Coolheaded","floor":18},{"not_picked":["Cold Snap","Heatsinks+1"],"picked":"Genetic Algorithm","floor":20},{"not_picked":["Compile Driver","Conserve Battery"],"picked":"Undo","floor":24},{"not_picked":["Coolheaded","Redo+1"],"picked":"Biased Cognition","floor":27}],"player_experience":995752,"relics_obtained":[{"floor":7,"key":"Unceasing Top"},{"floor":9,"key":"Mango"},{"floor":14,"key":"Shovel"},{"floor":15,"key":"Du-Vu Doll"},{"floor":24,"key":"Bottled Tornado"},{"floor":26,"key":"Bird Faced Urn"}],"event_choices":[{"damage_healed":0,"gold_gain":0,"player_choice":"Take Damage","damage_taken":29,"relics_obtained":["Golden Idol"],"max_hp_gain":0,"max_hp_loss":0,"event_name":"Golden Idol","floor":11,"gold_loss":0},{"cards_removed":["Strike_B"],"damage_healed":0,"gold_gain":0,"player_choice":"Gave Gold","damage_taken":0,"max_hp_gain":0,"max_hp_loss":0,"event_name":"Beggar","floor":19,"gold_loss":75},{"damage_healed":0,"gold_gain":0,"player_choice":"Ignored","damage_taken":0,"max_hp_gain":0,"max_hp_loss":0,"event_name":"Vampires","floor":21,"gold_loss":0}],"is_beta":false,"boss_relics":[{"not_picked":["Runic Dome","Ectoplasm"],"picked":"Velvet Choker"}],"items_purged_floors":[],"is_endless":false,"potions_floor_spawned":[1,7,12,18],"killed_by":"Gremlin Leader","ascension_level":20}