{"path_per_floor":["M","?","?","M","M","R","M","E","T","M","E","$","E","M","R","B",null,"M","M","?","M","M","E","M","M","T","?","E","M","E","?","R","B",null,"M","M","M","?","M","E","?","E","T","R","M","E","M","M","R","B"],"character_chosen":"IRONCLAD","items_purchased":["Paper Frog","Bandage Up","Wild Strike"],"gold_per_floor":[144,144,144,189,234,234,279,369,369,414,504,117,207,252,252,552,552,597,642,642,687,732,822,867,912,912,912,1002,1047,1137,1137,1137,1437,1437,1482,1527,1572,2571,2616,2706,2706,2796,2796,2796,2841,2931,2976,3021,3021,3021],"floor_reached":51,"campfire_rested":5,"playtime":2844,"item_purchase_floors":[12,12,12],"current_hp_per_floor":[78,78,71,67,65,80,75,80,80,79,36,36,41,47,71,79,80,80,80,80,76,80,59,61,67,67,59,65,71,77,62,85,26,85,85,85,76,76,78,84,84,85,85,85,89,89,69,80,93,88],"items_purged":[],"gold":3021,"score":1400,"play_id":"05590dd7-245a-474f-8448-596d17a992b9","local_time":"20180613145134","daily_mods":["Heirloom","Midas","Hoarder"],"is_prod":false,"is_daily":true,"chose_seed":false,"is_ascension_mode":false,"campfire_upgraded":0,"win_rate":0,"timestamp":1528878094,"campfire_choices":[{"floor":6,"key":"REST"},{"floor":15,"key":"REST"},{"floor":32,"key":"REST"},{"floor":44,"key":"REST"},{"floor":49,"key":"REST"}],"path_taken":["M","?","?","M","M","R","M","E","T","M","E","$","E","M","R","BOSS","M","M","?","M","M","E","M","M","T","?","E","M","E","?","R","BOSS","M","M","M","?","M","E","?","E","T","R","M","E","?","M","R","BOSS"],"build_version":"2018-06-11","seed_source_timestamp":0,"purchased_purges":0,"victory":true,"master_deck":["Strike_R","Strike_R","Strike_R","Strike_R","Strike_R+1","Defend_R+1","Defend_R","Bash","Armaments","Armaments","Armaments","Pommel Strike+1","Pommel Strike","Pommel Strike","Dual Wield","Dual Wield","Dual Wield","Wild Strike","Wild Strike","Wild Strike","Thunderclap","Thunderclap","Thunderclap","Bandage Up","Bandage Up","Wild Strike","Wild Strike","Wild Strike","Offering","Offering","Offering","Perfected Strike+1","Perfected Strike","Perfected Strike","Shrug It Off+1","Shrug It Off+1","Shrug It Off+1","Pommel Strike+1","Pommel Strike+1","Pommel Strike+1","Pommel Strike","Pommel Strike","Pommel Strike","Dual Wield+1","Dual Wield+1","Dual Wield+1","Warcry","Warcry","Impervious+1","Impervious","Bloodletting+1","Bloodletting+1","Bloodletting+1","Jack Of All Trades+1","Jack Of All Trades+1","Jack Of All Trades+1","Feed+1","Feed+1","Feed+1","Perfected Strike","Perfected Strike","Perfected Strike","Normality","Normality","Normality","Normality","Normality","Normality","Twin Strike+1","Twin Strike+1","Twin Strike+1","Twin Strike","Twin Strike","Twin Strike","Bloodletting+1","Bloodletting+1","Bloodletting+1","Twin Strike+1","Twin Strike+1","Twin Strike+1","Headbutt","Headbutt","Headbutt","Battle Trance","Battle Trance","Battle Trance","Perfected Strike","Perfected Strike","Perfected Strike","Headbutt","Headbutt","Headbutt"],"max_hp_per_floor":[80,80,80,80,80,80,80,80,80,80,80,80,80,80,80,80,80,80,80,80,80,80,80,80,80,80,80,80,80,80,85,85,85,85,85,85,85,85,85,85,85,85,85,85,89,89,89,93,93,93],"special_seed":17695,"relics":["Burning Blood","Gambling Chip","Gremlin Horn","Bottled Lightning","Toolbox","Paper Frog","Potion Belt","Snecko Eye","Self Forming Clay","Ginger","Pantograph","Whetstone","Astrolabe","Bag of Marbles","Dream Catcher","War Paint","Blue Candle"],"card_choices":[{"not_picked":["Pummel","Sword Boomerang","Cleave"],"picked":"SKIP","floor":1},{"not_picked":["Warcry","Inflame","Cleave"],"picked":"SKIP","floor":4},{"not_picked":["Rampage","Dropkick"],"picked":"Armaments","floor":5},{"not_picked":["Seeing Red","Clash"],"picked":"Pommel Strike","floor":7},{"not_picked":["Havoc","Feel No Pain"],"picked":"Dual Wield","floor":8},{"not_picked":["Juggernaut","Second Wind"],"picked":"Wild Strike","floor":10},{"not_picked":["Second Wind","Reaper"],"picked":"Thunderclap","floor":11},{"not_picked":["Ghostly Armor","Burning Pact","Armaments"],"picked":"SKIP","floor":13},{"not_picked":["Clothesline","Headbutt","Havoc"],"picked":"SKIP","floor":14},{"not_picked":["Exhume","Impervious"],"picked":"Offering","floor":16},{"not_picked":["Clothesline","Power Through+1"],"picked":"Perfected Strike","floor":18},{"not_picked":["Clash","Reckless Charge+1"],"picked":"Shrug It Off+1","floor":19},{"not_picked":["Heavy Blade","Armaments+1"],"picked":"Pommel Strike+1","floor":21},{"not_picked":["Sword Boomerang","Iron Wave+1","Anger"],"picked":"SKIP","floor":22},{"not_picked":["Spot Weakness+1","Pummel+1","Power Through"],"picked":"SKIP","floor":23},{"not_picked":["Spot Weakness+1","Pummel+1","Power Through"],"picked":"SKIP","floor":23},{"not_picked":["Carnage+1","Cleave"],"picked":"Pommel Strike","floor":24},{"not_picked":["Clothesline","Reckless Charge"],"picked":"Dual Wield+1","floor":25},{"not_picked":["Juggernaut","Reckless Charge","Clothesline"],"picked":"SKIP","floor":28},{"not_picked":["Armaments","Exhume"],"picked":"Warcry","floor":29},{"not_picked":["Shockwave","True Grit","Body Slam"],"picked":"SKIP","floor":30},{"not_picked":["Berserk","Juggernaut"],"picked":"Impervious","floor":33},{"not_picked":["Shrug It Off+1","Evolve+1"],"picked":"Perfected Strike","floor":35},{"not_picked":["Armaments+1","Sentinel+1","Clash+1"],"picked":"SKIP","floor":36},{"not_picked":["Warcry+1","Rupture+1","Clash"],"picked":"SKIP","floor":37},{"not_picked":["Impervious","Clash"],"picked":"Twin Strike+1","floor":39},{"not_picked":["Clash","Sword Boomerang","Infernal Blade+1"],"picked":"SKIP","floor":40},{"not_picked":["Sentinel+1","Combust+1"],"picked":"Twin Strike","floor":42},{"not_picked":["Metallicize","Reaper"],"picked":"Bloodletting+1","floor":44},{"not_picked":["True Grit","Disarm"],"picked":"Twin Strike+1","floor":45},{"not_picked":["Havoc+1","Metallicize"],"picked":"Headbutt","floor":46},{"not_picked":["Hemokinesis","Combust+1"],"picked":"Battle Trance","floor":47},{"not_picked":["Clothesline+1","Dropkick"],"picked":"Perfected Strike","floor":48},{"not_picked":["Feel No Pain","Burning Pact+1"],"picked":"Headbutt","floor":49}],"player_experience":59934,"potions_floor_usage":[8,8,11,13,16,21,22,33,33,33,50,50,50],"damage_taken":[{"damage":8,"enemies":"Jaw Worm","floor":1,"turns":3},{"damage":10,"enemies":"Cultist","floor":4,"turns":4},{"damage":8,"enemies":"Small Slimes","floor":5,"turns":3},{"damage":11,"enemies":"3 Louse","floor":7,"turns":3},{"damage":0,"enemies":"3 Sentries","floor":8,"turns":7},{"damage":7,"enemies":"Looter","floor":10,"turns":4},{"damage":49,"enemies":"Lagavulin","floor":11,"turns":8},{"damage":13,"enemies":"3 Sentries","floor":13,"turns":5},{"damage":0,"enemies":"Lots of Slimes","floor":14,"turns":1},{"damage":11,"enemies":"Slime Boss","floor":16,"turns":6},{"damage":4,"enemies":"2 Thieves","floor":18,"turns":2},{"damage":0,"enemies":"Spheric Guardian","floor":19,"turns":2},{"damage":14,"enemies":"3 Cultists","floor":21,"turns":5},{"damage":4,"enemies":"Chosen and Byrds","floor":22,"turns":2},{"damage":27,"enemies":"Gremlin Leader","floor":23,"turns":3},{"damage":4,"enemies":"Cultist and Chosen","floor":24,"turns":1},{"damage":4,"enemies":"Centurion and Healer","floor":25,"turns":2},{"damage":0,"enemies":"Book of Stabbing","floor":28,"turns":1},{"damage":0,"enemies":"Snake Plant","floor":29,"turns":1},{"damage":0,"enemies":"Slavers","floor":30,"turns":1},{"damage":79,"enemies":"Automaton","floor":33,"turns":10},{"damage":0,"enemies":"Orb Walker","floor":35,"turns":2},{"damage":0,"enemies":"3 Shapes","floor":36,"turns":1},{"damage":15,"enemies":"Spire Growth","floor":37,"turns":2},{"damage":4,"enemies":"Transient","floor":39,"turns":5},{"damage":0,"enemies":"Nemesis","floor":40,"turns":3},{"damage":0,"enemies":"2 Orb Walkers","floor":42,"turns":1},{"damage":4,"enemies":"Maw","floor":45,"turns":2},{"damage":0,"enemies":"Nemesis","floor":46,"turns":1},{"damage":26,"enemies":"3 Darklings","floor":47,"turns":4},{"damage":3,"enemies":"Sphere and 2 Shapes","floor":48,"turns":1},{"damage":11,"enemies":"Time Eater","floor":50,"turns":2}],"relics_obtained":[{"floor":8,"key":"Gremlin Horn"},{"floor":9,"key":"Bottled Lightning"},{"floor":11,"key":"Toolbox"},{"floor":13,"key":"Potion Belt"},{"floor":23,"key":"Self Forming Clay"},{"floor":26,"key":"Ginger"},{"floor":28,"key":"Pantograph"},{"floor":30,"key":"Whetstone"},{"floor":40,"key":"Bag of Marbles"},{"floor":42,"key":"Dream Catcher"},{"floor":43,"key":"War Paint"},{"floor":46,"key":"Blue Candle"}],"event_choices":[{"event_name":"The Lab","player_choice":"Got Potions","floor":2,"damage_taken":0},{"event_name":"Golden Wing","player_choice":"Card Removal","floor":3,"damage_taken":0},{"event_name":"Upgrade Shrine","player_choice":"Upgraded","floor":20,"damage_taken":0},{"event_name":"Wheel of Change","player_choice":"Damage","floor":27,"damage_taken":0},{"event_name":"Forgotten Altar","player_choice":"Shed Blood","floor":31,"damage_taken":0},{"event_name":"MindBloom","player_choice":"Gold","floor":38,"damage_taken":0},{"event_name":"Falling","player_choice":"Removed Skill","floor":41,"damage_taken":0}],"boss_relics":[{"not_picked":["Runic Dome","Sozu"],"picked":"Snecko Eye"},{"not_picked":["Black Blood","Runic Cube"],"picked":"Astrolabe"}],"items_purged_floors":[],"potions_floor_spawned":[1,5,10,14,19,21,23,24,29,36,37,40,48],"seed_played":"-5779064230905744809","ascension_level":0,"potions_obtained":[{"floor":1,"key":"LiquidBronze"},{"floor":2,"key":"SneckoOil"},{"floor":2,"key":"Fire Potion"},{"floor":2,"key":"Strength Potion"},{"floor":10,"key":"EssenceOfSteel"},{"floor":14,"key":"SneckoOil"},{"floor":19,"key":"Swift Potion"},{"floor":21,"key":"Explosive Potion"},{"floor":23,"key":"Block Potion"},{"floor":24,"key":"Ancient Potion"},{"floor":29,"key":"SkillPotion"},{"floor":36,"key":"SkillPotion"},{"floor":37,"key":"Energy Potion"},{"floor":40,"key":"Fire Potion"},{"floor":48,"key":"FearPotion"}],"is_trial":false}