{"gold_per_floor":[118,135,145,161,12,12,45,59,59,77,77,105,105,118,118,118],"floor_reached":16,"playtime":1101,"items_purged":[],"score":228,"play_id":"15d6a5e9-771b-473d-81d6-fbb38e0e1ea2","local_time":"20190421132427","is_ascension_mode":true,"campfire_choices":[{"data":"Malaise","floor":6,"key":"SMITH"},{"floor":11,"key":"DIG"},{"floor":13,"key":"DIG"},{"floor":15,"key":"REST"}],"neow_cost":"NONE","seed_source_timestamp":327370216140127,"circlet_count":0,"master_deck":["AscendersBane","Survivor","Neutralize","Burst","Eviscerate","Dagger Throw","Expertise","Dagger Throw","After Image","Endless Agony","Night Terror","Bouncing Flask","Malaise+1","Dodge and Roll","Poisoned Stab","Dagger Spray","Adrenaline","PiercingWail","Well Laid Plans","Footwork","Endless Agony","Blur"],"relics":["Pandora\u0027s Box","Shovel","Dodecahedron","Shuriken","Unceasing Top"],"potions_floor_usage":[16,16],"damage_taken":[{"damage":3,"enemies":"Cultist","floor":1,"turns":4},{"damage":5,"enemies":"Jaw Worm","floor":2,"turns":5},{"damage":0,"enemies":"2 Louse","floor":3,"turns":3},{"damage":3,"enemies":"Lots of Slimes","floor":4,"turns":6},{"damage":3,"enemies":"Lagavulin","floor":7,"turns":6},{"damage":0,"enemies":"Blue Slaver","floor":8,"turns":5},{"damage":1,"enemies":"2 Fungi Beasts","floor":10,"turns":4},{"damage":26,"enemies":"3 Sentries","floor":12,"turns":11},{"damage":10,"enemies":"Exordium Wildlife","floor":14,"turns":5},{"damage":28,"enemies":"Slime Boss","floor":16,"turns":13}],"seed_played":"1338768835959067827","potions_obtained":[{"floor":2,"key":"Ancient Potion"},{"floor":8,"key":"Ancient Potion"},{"floor":10,"key":"Explosive Potion"},{"floor":14,"key":"Explosive Potion"}],"is_trial":false,"path_per_floor":["M","M","M","M","$","R","E","M","T","M","R","E","R","M","R","B"],"character_chosen":"THE_SILENT","items_purchased":["Adrenaline"],"campfire_rested":1,"item_purchase_floors":[5],"current_hp_per_floor":[56,51,51,48,48,48,45,45,45,44,44,18,18,8,27,0],"gold":118,"neow_bonus":"BOSS_RELIC","is_prod":false,"is_daily":false,"chose_seed":false,"campfire_upgraded":1,"win_rate":0,"timestamp":1555867467,"path_taken":["M","?","M","M","$","R","E","M","T","M","R","E","R","M","R","BOSS"],"build_version":"2019-01-23","purchased_purges":0,"victory":false,"max_hp_per_floor":[66,66,66,66,66,66,66,66,66,66,66,66,66,66,66,66],"card_choices":[{"not_picked":["Acrobatics","Sucker Punch"],"picked":"Dodge and Roll","floor":1},{"not_picked":["Deflect","Accuracy"],"picked":"Poisoned Stab","floor":2},{"not_picked":["Eviscerate","Flying Knee","Outmaneuver"],"picked":"SKIP","floor":3},{"not_picked":["Terror","Sucker Punch"],"picked":"Dagger Spray","floor":4},{"not_picked":["Deadly Poison","Accuracy"],"picked":"PiercingWail","floor":7},{"not_picked":["Prepared","Concentrate"],"picked":"Well Laid Plans","floor":8},{"not_picked":["Dagger Throw","Caltrops"],"picked":"Footwork","floor":10},{"not_picked":["Flechettes","Setup"],"picked":"Endless Agony","floor":12},{"not_picked":["Finisher","Accuracy"],"picked":"Blur","floor":14}],"player_experience":751798,"relics_obtained":[{"floor":7,"key":"Shovel"},{"floor":11,"key":"Dodecahedron"},{"floor":12,"key":"Shuriken"},{"floor":13,"key":"Unceasing Top"}],"event_choices":[],"is_beta":false,"boss_relics":[],"items_purged_floors":[],"is_endless":false,"potions_floor_spawned":[2,8,10,14],"killed_by":"Slime Boss","ascension_level":20}