{"gold_per_floor":[113,113,124,141,160,160,186,151,202,217,392,403,403,403,403,503,503,516,516,530,338,373,373,408,408,462,462,474,488,488,498,498,600,600,617,115,115,131,141,141,141,151,177,177,277,277,296,312,312,312],"floor_reached":51,"playtime":4192,"items_purged":["Normality"],"score":727,"play_id":"c9c6536e-b378-4248-9a15-e9b4d3fa83bd","local_time":"20190924003237","is_ascension_mode":true,"campfire_choices":[{"data":"Genetic Algorithm","floor":6,"key":"SMITH"},{"data":"Hologram","floor":13,"key":"SMITH"},{"data":"Zap","floor":15,"key":"SMITH"},{"floor":23,"key":"REST"},{"floor":27,"key":"REST"},{"floor":30,"key":"REST"},{"data":"Dualcast","floor":32,"key":"SMITH"},{"floor":40,"key":"REST"},{"floor":44,"key":"REST"},{"floor":49,"key":"REST"}],"neow_cost":"NONE","seed_source_timestamp":981682859053500,"circlet_count":0,"master_deck":["Strike_B","Defend_B","Defend_B","Defend_B","Defend_B","Zap+1","Dualcast+1","Blizzard","Genetic Algorithm+1","Leap","Cold Snap","Conserve Battery","Rebound+1","Undo","Hologram+1","Electrodynamics","Aggregate+1","Sunder+1","Darkness+1","Gash+1","Lockon+1","Gash+1","FTL+1","Echo Form","Parasite","Pain","Doom and Gloom+1","All For One+1","Secret Weapon","Master of Strategy","Tempest+1","Ball Lightning+1","Pain","Conserve Battery","Glacier","Writhe","Gash+1","Auto Shields+1"],"relics":["Cracked Core","Molten Egg 2","Boot","Regal Pillow","Astrolabe","MealTicket","Red Mask","Gambling Chip","Nunchaku","Blood Vial","Calling Bell","Pen Nib","Question Card","Pocketwatch","Juzu Bracelet","Frozen Eye","WarpedTongs","Bag of Preparation","StoneCalendar"],"potions_floor_usage":[16,16,20,28,50,50,50],"damage_taken":[{"damage":0,"enemies":"2 Louse","floor":1,"turns":2},{"damage":2,"enemies":"Cultist","floor":3,"turns":5},{"damage":0,"enemies":"Jaw Worm","floor":4,"turns":5},{"damage":8,"enemies":"Gremlin Gang","floor":5,"turns":5},{"damage":18,"enemies":"3 Sentries","floor":7,"turns":9},{"damage":0,"enemies":"Exordium Wildlife","floor":10,"turns":3},{"damage":4,"enemies":"Large Slime","floor":12,"turns":6},{"damage":55,"enemies":"The Guardian","floor":16,"turns":16},{"damage":9,"enemies":"Shell Parasite","floor":18,"turns":11},{"damage":0,"enemies":"3 Byrds","floor":20,"turns":3},{"damage":42,"enemies":"Masked Bandits","floor":22,"turns":5},{"damage":19,"enemies":"Book of Stabbing","floor":24,"turns":6},{"damage":5,"enemies":"Centurion and Healer","floor":28,"turns":4},{"damage":33,"enemies":"Shelled Parasite and Fungi","floor":29,"turns":5},{"damage":21,"enemies":"Snake Plant","floor":31,"turns":3},{"damage":0,"enemies":"Collector","floor":33,"turns":6},{"damage":0,"enemies":"3 Shapes","floor":35,"turns":3},{"damage":35,"enemies":"3 Darklings","floor":38,"turns":5},{"damage":20,"enemies":"Jaw Worm Horde","floor":39,"turns":3},{"damage":32,"enemies":"Transient","floor":42,"turns":5},{"damage":9,"enemies":"Mind Bloom Boss Battle","floor":45,"turns":4},{"damage":10,"enemies":"Sphere and 2 Shapes","floor":47,"turns":3},{"damage":13,"enemies":"Jaw Worm Horde","floor":48,"turns":3},{"damage":53,"enemies":"Awakened One","floor":50,"turns":10}],"seed_played":"4877793375675163219","potions_obtained":[{"floor":1,"key":"Weak Potion"},{"floor":4,"key":"Regen Potion"},{"floor":10,"key":"SteroidPotion"},{"floor":18,"key":"Energy Potion"},{"floor":29,"key":"EssenceOfSteel"},{"floor":31,"key":"Strength Potion"},{"floor":35,"key":"FocusPotion"},{"floor":48,"key":"SkillPotion"}],"is_trial":false,"path_per_floor":["M","?","M","M","M","R","E","?","T","M","?","M","R","?","R","B",null,"M","?","M","$","?","R","E","?","T","R","M","M","R","M","R","B",null,"M","$","?","M","M","R","?","M","T","R","?","?","M","M","R","B",null],"character_chosen":"DEFECT","items_purchased":["MealTicket","All For One+1","Juzu Bracelet","Frozen Eye"],"campfire_rested":6,"item_purchase_floors":[21,36,36,36],"current_hp_per_floor":[75,75,73,73,65,65,47,65,65,65,65,61,61,61,61,20,75,66,66,66,66,24,60,41,41,41,72,67,36,72,51,51,53,72,72,72,67,34,16,52,52,22,22,58,51,69,61,50,72,19],"gold":312,"neow_bonus":"TRANSFORM_CARD","is_prod":false,"is_daily":false,"chose_seed":false,"campfire_upgraded":4,"win_rate":0,"timestamp":1569299557,"path_taken":["M","?","M","M","?","R","E","?","T","M","?","M","R","?","R","BOSS","M","?","?","$","?","R","E","?","T","R","M","M","R","?","R","BOSS","M","$","?","M","M","R","?","M","T","R","?","?","M","M","R","BOSS"],"build_version":"2019-07-17","purchased_purges":1,"victory":true,"max_hp_per_floor":[75,75,75,75,75,75,75,75,75,75,75,75,75,75,75,75,75,75,72,72,72,72,72,72,72,72,72,72,72,72,72,72,72,72,72,72,72,72,72,72,72,72,72,72,72,72,72,72,72,72],"card_choices":[{"not_picked":["Beam Cell","Melter"],"picked":"Genetic Algorithm","floor":1},{"not_picked":["Compile Driver","Hologram"],"picked":"Leap","floor":3},{"not_picked":["Steam Power","Ball Lightning"],"picked":"Cold Snap","floor":4},{"not_picked":["Hologram","Fission"],"picked":"Conserve Battery","floor":5},{"not_picked":["Turbo","Steam"],"picked":"Rebound","floor":7},{"not_picked":["Beam Cell+1","Tempest"],"picked":"Undo","floor":10},{"not_picked":["Aggregate","Turbo"],"picked":"Hologram","floor":12},{"not_picked":["Rainbow","Amplify"],"picked":"Electrodynamics","floor":16},{"not_picked":["Turbo","Compile Driver+1"],"picked":"Sunder+1","floor":18},{"not_picked":["Rebound+1","BootSequence"],"picked":"Darkness+1","floor":20},{"not_picked":["Compile Driver+1","Consume+1"],"picked":"Gash+1","floor":24},{"not_picked":["Redo+1","Ball Lightning+1"],"picked":"Lockon+1","floor":28},{"not_picked":["Hologram","Redo+1"],"picked":"Gash+1","floor":29},{"not_picked":["Turbo","Electrodynamics"],"picked":"FTL+1","floor":31},{"not_picked":["Reboot","Biased Cognition"],"picked":"Echo Form","floor":33},{"not_picked":["Consume+1","Beam Cell+1","Turbo"],"picked":"Doom and Gloom+1","floor":35},{"not_picked":["Purity","HandOfGreed+1","Dark Shackles"],"picked":"Secret Weapon","floor":37},{"not_picked":["Impatience","Transmutation","PanicButton"],"picked":"Master of Strategy","floor":37},{"not_picked":["Turbo","Go for the Eyes+1","Static Discharge+1"],"picked":"Tempest+1","floor":38},{"not_picked":["Static Discharge+1","Loop","Chaos+1"],"picked":"Ball Lightning+1","floor":39},{"not_picked":["Compile Driver+1","Go for the Eyes+1","Ball Lightning+1"],"picked":"Conserve Battery","floor":42},{"not_picked":["Conserve Battery+1","Redo+1","Fusion"],"picked":"Glacier","floor":45},{"not_picked":["Sunder+1","Go for the Eyes+1","Cold Snap+1"],"picked":"Gash+1","floor":47},{"not_picked":["Ball Lightning+1","Compile Driver+1","Self Repair"],"picked":"Auto Shields+1","floor":48}],"player_experience":47959,"relics_obtained":[{"floor":7,"key":"Molten Egg 2"},{"floor":9,"key":"Boot"},{"floor":22,"key":"Red Mask"},{"floor":24,"key":"Gambling Chip"},{"floor":25,"key":"Nunchaku"},{"floor":26,"key":"Blood Vial"},{"floor":34,"key":"Pen Nib"},{"floor":34,"key":"Question Card"},{"floor":34,"key":"Pocketwatch"},{"floor":43,"key":"Bag of Preparation"},{"floor":45,"key":"StoneCalendar"}],"event_choices":[{"cards_removed":["Strike_B"],"damage_healed":0,"gold_gain":0,"player_choice":"Purged","damage_taken":0,"max_hp_gain":0,"max_hp_loss":0,"event_name":"Purifier","floor":2,"gold_loss":0},{"damage_healed":18,"gold_gain":0,"player_choice":"Healed","damage_taken":0,"max_hp_gain":0,"max_hp_loss":0,"event_name":"The Cleric","floor":8,"gold_loss":35},{"damage_healed":0,"gold_gain":175,"player_choice":"AGREE","damage_taken":0,"max_hp_gain":0,"max_hp_loss":0,"event_name":"Liars Game","floor":11,"gold_loss":0,"cards_obtained":["Doubt"]},{"damage_healed":0,"gold_gain":0,"player_choice":"Box","damage_taken":0,"relics_obtained":["Regal Pillow"],"max_hp_gain":0,"max_hp_loss":0,"event_name":"Big Fish","floor":14,"gold_loss":0,"cards_obtained":["Regret"]},{"cards_removed":["Normality","Parasite"],"damage_healed":0,"gold_gain":0,"player_choice":"Removed Curses","damage_taken":0,"max_hp_gain":0,"max_hp_loss":0,"event_name":"Fountain of Cleansing","floor":19,"gold_loss":0},{"damage_healed":0,"gold_gain":0,"player_choice":"Fought Bandits","damage_taken":0,"max_hp_gain":0,"max_hp_loss":0,"event_name":"Masked Bandits","floor":22,"gold_loss":0},{"damage_healed":0,"gold_gain":0,"player_choice":"Relic","damage_taken":0,"max_hp_gain":0,"max_hp_loss":0,"event_name":"Wheel of Change","floor":25,"gold_loss":0},{"damage_healed":0,"gold_gain":0,"player_choice":"Memory 2","damage_taken":5,"max_hp_gain":0,"max_hp_loss":0,"event_name":"SensoryStone","floor":37,"gold_loss":0},{"damage_healed":0,"gold_gain":0,"player_choice":"Rummage","damage_taken":0,"relics_obtained":["WarpedTongs"],"max_hp_gain":0,"max_hp_loss":0,"event_name":"Accursed Blacksmith","floor":41,"gold_loss":0,"cards_obtained":["Pain"]},{"damage_healed":0,"gold_gain":0,"player_choice":"Fight","damage_taken":0,"max_hp_gain":0,"max_hp_loss":0,"event_name":"MindBloom","floor":45,"gold_loss":0},{"damage_healed":18,"gold_gain":0,"player_choice":"Writhe","damage_taken":0,"max_hp_gain":0,"max_hp_loss":0,"event_name":"Winding Halls","floor":46,"gold_loss":0,"cards_obtained":["Writhe"]}],"is_beta":false,"boss_relics":[{"not_picked":["Fusion Hammer","Runic Dome"],"picked":"Astrolabe"},{"not_picked":["Runic Pyramid","Tiny House"],"picked":"Calling Bell"}],"items_purged_floors":[36],"is_endless":false,"potions_floor_spawned":[1,4,10,18,29,31,35,48],"ascension_level":1}