{"gold_per_floor":[116,191,116,116,116,135,164,164,164,177,31,65,65,77,77,77],"floor_reached":16,"playtime":738,"items_purged":["Strike_B","Regret"],"score":146,"play_id":"10b00511-c004-40f6-a6d5-ab21c6798056","local_time":"20190601211651","is_ascension_mode":true,"campfire_choices":[{"data":"Reinforced Body","floor":8,"key":"SMITH"},{"data":"Glacier","floor":15,"key":"SMITH"}],"neow_cost":"NONE","seed_source_timestamp":128713584236017,"circlet_count":0,"master_deck":["Strike_B","Strike_B","Strike_B","Defend_B","Defend_B","Defend_B","Zap","Dualcast","Redo","Redo","Reinforced Body+1","Cold Snap","Glacier+1"],"relics":["Cracked Core","NeowsBlessing","Meat on the Bone","Omamori","Frozen Egg 2","Singing Bowl"],"potions_floor_usage":[16,16,16],"damage_taken":[{"damage":0,"enemies":"Cultist","floor":1,"turns":1},{"damage":0,"enemies":"2 Louse","floor":6,"turns":1},{"damage":0,"enemies":"Gremlin Nob","floor":7,"turns":1},{"damage":5,"enemies":"Jaw Worm","floor":10,"turns":3},{"damage":19,"enemies":"Lagavulin","floor":12,"turns":8},{"damage":7,"enemies":"Blue Slaver","floor":14,"turns":4},{"damage":50,"enemies":"Slime Boss","floor":16,"turns":9}],"seed_played":"77647393330580997","potions_obtained":[{"floor":6,"key":"Fire Potion"},{"floor":12,"key":"Energy Potion"},{"floor":14,"key":"SpeedPotion"}],"is_trial":false,"path_per_floor":["M","?","$","?","?","M","E","R","T","M","$","E","$","M","R","B"],"character_chosen":"DEFECT","items_purchased":["Cold Snap"],"campfire_rested":0,"item_purchase_floors":[11],"current_hp_per_floor":[75,64,64,64,64,64,64,64,64,59,59,42,42,47,47,0],"gold":77,"neow_bonus":"THREE_ENEMY_KILL","is_prod":false,"is_daily":false,"chose_seed":false,"campfire_upgraded":2,"win_rate":0,"timestamp":1559416611,"path_taken":["M","?","$","?","?","M","E","R","T","M","$","E","?","M","R","BOSS"],"build_version":"2019-01-23","purchased_purges":2,"victory":false,"max_hp_per_floor":[75,75,75,75,75,75,75,75,75,75,75,77,77,77,77,77],"card_choices":[{"not_picked":["Rebound","Stack"],"picked":"Redo","floor":1},{"not_picked":["Hologram","Scrape"],"picked":"Redo","floor":6},{"not_picked":["Reprogram","Self Repair"],"picked":"Reinforced Body","floor":7},{"not_picked":["Leap","Scrape","Ball Lightning"],"picked":"SKIP","floor":10},{"not_picked":["Stack","Compile Driver","Turbo"],"picked":"Singing Bowl","floor":12},{"not_picked":["Stack","Barrage"],"picked":"Glacier","floor":14}],"player_experience":154717,"relics_obtained":[{"floor":7,"key":"Omamori"},{"floor":9,"key":"Frozen Egg 2"},{"floor":12,"key":"Singing Bowl"}],"event_choices":[{"damage_healed":0,"gold_gain":75,"player_choice":"Gather Gold","damage_taken":11,"max_hp_gain":0,"max_hp_loss":0,"event_name":"World of Goop","floor":2,"gold_loss":0},{"cards_removed":["Defend_B"],"damage_healed":0,"gold_gain":0,"player_choice":"Forget","damage_taken":0,"max_hp_gain":0,"max_hp_loss":0,"event_name":"Living Wall","floor":4,"gold_loss":0},{"damage_healed":0,"gold_gain":0,"player_choice":"Box","damage_taken":0,"relics_obtained":["Meat on the Bone"],"max_hp_gain":0,"max_hp_loss":0,"event_name":"Big Fish","floor":5,"gold_loss":0,"cards_obtained":["Regret"]}],"is_beta":false,"boss_relics":[],"items_purged_floors":[3,11],"is_endless":false,"potions_floor_spawned":[6,12,14],"killed_by":"Slime Boss","ascension_level":2}