{"gold_per_floor":[119,131,131,146,166,166,177,203,203,213,288,288,319,335,335,410,410,420,262,262,262,277,277,277],"floor_reached":24,"playtime":4430,"items_purged":["Strike_G"],"score":416,"play_id":"8ef04e0a-a03d-4656-a3f1-6307521bbb21","local_time":"20190406185309","is_ascension_mode":true,"campfire_choices":[{"data":"Deadly Poison","floor":6,"key":"SMITH"},{"floor":12,"key":"REST"},{"data":"Neutralize","floor":15,"key":"SMITH"},{"data":"Well Laid Plans","floor":23,"key":"SMITH"}],"neow_cost":"NONE","seed_source_timestamp":764946141880999,"circlet_count":0,"master_deck":["AscendersBane","Defend_G","Defend_G","Defend_G","Defend_G","Defend_G","Strike_G","Strike_G","Strike_G","Strike_G","Survivor","Neutralize+1","Cloak And Dagger","Deadly Poison+1","Backstab","Deadly Poison","Deadly Poison","Backflip","Dash","Burst","Cloak And Dagger","Well Laid Plans+1"],"relics":["Ring of the Serpent","Pocketwatch","Matryoshka","MutagenicStrength","Nloth\u0027s Gift"],"potions_floor_usage":[8,24],"damage_taken":[{"damage":0,"enemies":"Jaw Worm","floor":1,"turns":6},{"damage":0,"enemies":"2 Louse","floor":2,"turns":2},{"damage":6,"enemies":"Cultist","floor":4,"turns":4},{"damage":20,"enemies":"Exordium Wildlife","floor":5,"turns":9},{"damage":0,"enemies":"Gremlin Gang","floor":7,"turns":7},{"damage":16,"enemies":"Lagavulin","floor":8,"turns":6},{"damage":1,"enemies":"Blue Slaver","floor":10,"turns":3},{"damage":19,"enemies":"3 Sentries","floor":13,"turns":11},{"damage":0,"enemies":"Exordium Thugs","floor":14,"turns":3},{"damage":9,"enemies":"Hexaghost","floor":16,"turns":9},{"damage":6,"enemies":"3 Byrds","floor":18,"turns":4},{"damage":8,"enemies":"Spheric Guardian","floor":22,"turns":5},{"damage":52,"enemies":"Book of Stabbing","floor":24,"turns":5}],"seed_played":"8872543117478688356","potions_obtained":[{"floor":2,"key":"Fire Potion"},{"floor":5,"key":"Fire Potion"},{"floor":13,"key":"Poison Potion"},{"floor":18,"key":"Regen Potion"}],"is_trial":false,"path_per_floor":["M","M","$","M","M","R","M","E","T","M","?","R","E","M","R","B",null,"M","$","?","?","M","R","E"],"character_chosen":"THE_SILENT","items_purchased":["Well Laid Plans"],"campfire_rested":1,"item_purchase_floors":[19],"current_hp_per_floor":[65,65,65,59,39,39,39,23,23,22,11,32,13,13,13,4,55,49,49,49,49,41,41,3],"gold":277,"neow_bonus":"TEN_PERCENT_HP_BONUS","is_prod":false,"is_daily":false,"chose_seed":false,"campfire_upgraded":3,"win_rate":0,"timestamp":1554591189,"path_taken":["M","M","$","M","M","R","M","E","T","M","?","R","E","M","R","BOSS","M","$","?","?","M","R","E"],"build_version":"2019-01-23","purchased_purges":1,"victory":false,"max_hp_per_floor":[72,72,72,72,72,72,72,72,72,72,72,72,72,72,72,72,72,72,72,72,72,72,72,72],"card_choices":[{"not_picked":["Predator","Backflip"],"picked":"Cloak And Dagger","floor":1},{"not_picked":["Heel Hook","Masterful Stab","Accuracy"],"picked":"SKIP","floor":2},{"not_picked":["Acrobatics","Backflip"],"picked":"Deadly Poison","floor":4},{"not_picked":["Cloak And Dagger","Unload"],"picked":"Backstab","floor":5},{"not_picked":["Sucker Punch","Outmaneuver"],"picked":"Deadly Poison","floor":7},{"not_picked":["Night Terror","Dagger Spray"],"picked":"Deadly Poison","floor":8},{"not_picked":["Flying Knee","Skewer"],"picked":"Backflip","floor":10},{"not_picked":["Underhanded Strike","Dagger Spray"],"picked":"Dash","floor":13},{"not_picked":["Deflect","Poisoned Stab","Eviscerate"],"picked":"SKIP","floor":14},{"not_picked":["Storm of Steel","Envenom"],"picked":"Burst","floor":16},{"not_picked":["Acrobatics","Outmaneuver"],"picked":"Cloak And Dagger","floor":18},{"not_picked":["Dagger Spray","Acrobatics","Slice"],"picked":"SKIP","floor":22}],"player_experience":663517,"relics_obtained":[{"floor":8,"key":"Pocketwatch"},{"floor":9,"key":"Matryoshka"},{"floor":13,"key":"Boot"}],"event_choices":[{"damage_healed":0,"gold_gain":75,"player_choice":"Gather Gold","damage_taken":11,"max_hp_gain":0,"max_hp_loss":0,"event_name":"World of Goop","floor":11,"gold_loss":0},{"damage_healed":0,"gold_gain":0,"player_choice":"Inject Mutagens","damage_taken":0,"relics_obtained":["MutagenicStrength"],"max_hp_gain":0,"max_hp_loss":0,"event_name":"Drug Dealer","floor":20,"gold_loss":0},{"damage_healed":0,"gold_gain":0,"player_choice":"Traded Relic","damage_taken":0,"relics_obtained":["Nloth\u0027s Gift"],"max_hp_gain":0,"max_hp_loss":0,"event_name":"N\u0027loth","floor":21,"relics_lost":["Boot"],"gold_loss":0}],"is_beta":false,"boss_relics":[{"not_picked":["Lizard Tail","WristBlade"],"picked":"Ring of the Serpent"}],"items_purged_floors":[19],"is_endless":false,"potions_floor_spawned":[2,5,7,13,16,18,22],"killed_by":"Book of Stabbing","ascension_level":20}