{"gold_per_floor":[119,131,131,32,49,76,76,105,105,105,105,131,146,159,159,255,255,267,267,297,316,18,18,52,64,76,88,125,137,162,186,198,312,324,355,367,379,391],"floor_reached":38,"playtime":2362,"items_purged":["Normality","Strike_G"],"score":664,"play_id":"0ecba0b5-5250-4078-9fde-8defe0960662","local_time":"20190928113307","is_ascension_mode":true,"campfire_choices":[{"floor":7,"key":"REST"},{"floor":10,"key":"REST"},{"data":"Quick Slash","floor":15,"key":"SMITH"},{"floor":23,"key":"REST"},{"data":"Choke","floor":25,"key":"SMITH"},{"data":"Footwork","floor":27,"key":"SMITH"},{"data":"Predator","floor":29,"key":"SMITH"},{"data":"Predator","floor":32,"key":"SMITH"}],"neow_cost":"CURSE","seed_source_timestamp":1368756756688700,"circlet_count":0,"master_deck":["Survivor","Neutralize","Flying Knee","All Out Attack","Dagger Throw","Predator+1","Quick Slash+1","Underhanded Strike","Neutralize","Dash","Predator+1","PiercingWail","Choke+1","Bullet Time","Quick Slash","Noxious Fumes","Footwork+1","Underhanded Strike","Backflip","Quick Slash+1","Tools of the Trade","A Thousand Cuts","Accuracy","Dodge and Roll","Acrobatics","Underhanded Strike","Underhanded Strike","Acrobatics","Quick Slash","Predator","Eviscerate+1"],"relics":["Ring of the Snake","Torii","Incense Burner","Dodecahedron","Matryoshka","Shuriken","Snecko Eye","MutagenicStrength","Tiny Chest","Membership Card","MawBank","Happy Flower","Calipers","Dream Catcher","Pandora\u0027s Box"],"potions_floor_usage":[8,8,14,16,16,18,28,33,35,38],"damage_taken":[{"damage":6,"enemies":"Jaw Worm","floor":1,"turns":7},{"damage":2,"enemies":"Cultist","floor":2,"turns":5},{"damage":0,"enemies":"2 Louse","floor":5,"turns":3},{"damage":18,"enemies":"Gremlin Nob","floor":6,"turns":4},{"damage":12,"enemies":"3 Sentries","floor":8,"turns":4},{"damage":12,"enemies":"Lagavulin","floor":12,"turns":5},{"damage":0,"enemies":"2 Fungi Beasts","floor":13,"turns":3},{"damage":7,"enemies":"Gremlin Gang","floor":14,"turns":4},{"damage":9,"enemies":"Hexaghost","floor":16,"turns":8},{"damage":13,"enemies":"2 Thieves","floor":18,"turns":3},{"damage":0,"enemies":"Shell Parasite","floor":21,"turns":1},{"damage":0,"enemies":"Slavers","floor":24,"turns":4},{"damage":2,"enemies":"Book of Stabbing","floor":28,"turns":3},{"damage":0,"enemies":"3 Cultists","floor":30,"turns":4},{"damage":1,"enemies":"Snecko","floor":31,"turns":5},{"damage":37,"enemies":"Champ","floor":33,"turns":10},{"damage":4,"enemies":"3 Shapes","floor":35,"turns":4},{"damage":60,"enemies":"Awakened One","floor":38,"turns":6}],"seed_played":"442993233800318029","potions_obtained":[{"floor":5,"key":"LiquidBronze"},{"floor":6,"key":"Energy Potion"},{"floor":13,"key":"EntropicBrew"},{"floor":16,"key":"SteroidPotion"},{"floor":24,"key":"AttackPotion"},{"floor":28,"key":"Strength Potion"},{"floor":31,"key":"SpeedPotion"},{"floor":33,"key":"Block Potion"}],"is_trial":false,"path_per_floor":["M","M","?","$","M","E","R","E","T","R","?","E","M","M","R","B",null,"M","?","?","M","$","R","E","R","T","R","E","R","M","M","R","B",null,"M","?","?","B"],"character_chosen":"THE_SILENT","items_purchased":["Dagger Throw","Membership Card","Footwork","Underhanded Strike"],"campfire_rested":3,"item_purchase_floors":[4,22,22,22],"current_hp_per_floor":[57,55,55,55,55,37,58,46,46,67,67,55,55,48,48,39,62,49,49,49,49,49,70,70,70,70,70,68,68,68,67,67,30,60,56,56,56,0],"gold":391,"neow_bonus":"ONE_RARE_RELIC","is_prod":false,"is_daily":false,"chose_seed":false,"campfire_upgraded":5,"win_rate":0,"timestamp":1569684787,"path_taken":["M","M","?","$","M","E","R","E","T","R","?","E","M","?","R","BOSS","M","?","?","M","$","R","E","R","T","R","E","R","?","M","R","BOSS","M","?","?","BOSS"],"build_version":"2019-07-17","purchased_purges":2,"victory":false,"max_hp_per_floor":[70,70,70,70,70,70,70,70,70,70,70,70,70,70,70,70,70,70,70,70,70,70,70,70,70,70,70,70,70,70,70,70,70,70,70,70,70,70],"card_choices":[{"not_picked":["Quick Slash","Bane"],"picked":"Flying Knee","floor":1},{"not_picked":["Backflip","Quick Slash"],"picked":"All Out Attack","floor":2},{"not_picked":["Bane","Flying Knee"],"picked":"Predator","floor":5},{"not_picked":["All Out Attack","Flechettes"],"picked":"Quick Slash","floor":6},{"not_picked":["Dodge and Roll","Prepared"],"picked":"Underhanded Strike","floor":8},{"not_picked":["Acrobatics","Bouncing Flask"],"picked":"Predator","floor":12},{"not_picked":["Underhanded Strike","Deflect"],"picked":"PiercingWail","floor":13},{"not_picked":["Catalyst","Phantasmal Killer"],"picked":"Choke","floor":14},{"not_picked":["Glass Knife","Corpse Explosion"],"picked":"Bullet Time","floor":16},{"not_picked":["Well Laid Plans","Prepared"],"picked":"Quick Slash","floor":18},{"not_picked":["PiercingWail","Calculated Gamble"],"picked":"Noxious Fumes","floor":21},{"not_picked":["Well Laid Plans","Backstab"],"picked":"Backflip","floor":24},{"not_picked":["Slice+1","Bouncing Flask"],"picked":"Quick Slash+1","floor":28},{"not_picked":["Concentrate","Expertise"],"picked":"Tools of the Trade","floor":30},{"not_picked":["Concentrate","Acrobatics","Deadly Poison"],"picked":"SKIP","floor":31},{"not_picked":["Phantasmal Killer","Burst"],"picked":"A Thousand Cuts","floor":33},{"not_picked":["PiercingWail+1","Setup+1"],"picked":"Eviscerate+1","floor":35}],"player_experience":167321,"relics_obtained":[{"floor":6,"key":"Incense Burner"},{"floor":8,"key":"Dodecahedron"},{"floor":9,"key":"Matryoshka"},{"floor":12,"key":"Shuriken"},{"floor":24,"key":"MawBank"},{"floor":26,"key":"Happy Flower"},{"floor":26,"key":"Calipers"},{"floor":28,"key":"Dream Catcher"}],"event_choices":[{"damage_healed":0,"gold_gain":0,"player_choice":"Ignored","damage_taken":0,"max_hp_gain":0,"max_hp_loss":0,"event_name":"Shining Light","floor":3,"gold_loss":0},{"damage_healed":0,"gold_gain":0,"player_choice":"2 cards matched","damage_taken":0,"max_hp_gain":0,"max_hp_loss":0,"event_name":"Match and Keep!","floor":11,"gold_loss":0,"cards_obtained":["Neutralize","Dash"]},{"damage_healed":0,"gold_gain":0,"player_choice":"Inject Mutagens","damage_taken":0,"relics_obtained":["MutagenicStrength"],"max_hp_gain":0,"max_hp_loss":0,"event_name":"Drug Dealer","floor":19,"gold_loss":0},{"damage_healed":0,"gold_gain":0,"player_choice":"Gave Potion","damage_taken":0,"relics_obtained":["Tiny Chest"],"max_hp_gain":0,"max_hp_loss":0,"event_name":"WeMeetAgain","floor":20,"gold_loss":0},{"cards_removed":["Cloak And Dagger"],"damage_healed":0,"gold_gain":0,"player_choice":"Removed Skill","damage_taken":0,"max_hp_gain":0,"max_hp_loss":0,"event_name":"Falling","floor":36,"gold_loss":0},{"damage_healed":0,"gold_gain":0,"player_choice":"Took Portal","damage_taken":0,"max_hp_gain":0,"max_hp_loss":0,"event_name":"SecretPortal","floor":37,"gold_loss":0}],"is_beta":false,"boss_relics":[{"not_picked":["Astrolabe","Sozu"],"picked":"Snecko Eye"},{"not_picked":["Cursed Key","Lizard Tail"],"picked":"Pandora\u0027s Box"}],"items_purged_floors":[4,22],"is_endless":false,"potions_floor_spawned":[5,6,13,14,16,24,28,31,33],"killed_by":"Awakened One","ascension_level":7}