{"gold_per_floor":[112,112,112,112,121,145,160,160,160,170,182,182,206,222,222,222],"floor_reached":16,"playtime":312,"items_purged":[],"score":308,"play_id":"9820f653-9f7b-499b-a825-ccd41dbb0dcb","local_time":"20190926200221","is_ascension_mode":true,"campfire_choices":[{"data":"Eruption","floor":12,"key":"SMITH"},{"data":"Vigilance","floor":15,"key":"SMITH"}],"neow_cost":"NONE","seed_source_timestamp":317265958331600,"circlet_count":0,"master_deck":["Strike_P","Strike_P+1","Strike_P","Strike_P","Defend_P","Defend_P","Defend_P","Eruption+1","Vigilance+1","AscMod:ascendersbane","Wallop+1","Conclude","Sanctity","WheelKick","Sanctity"],"relics":["PureWater","NeowsBlessing","Ginger","Whetstone","Eternal Feather","Lizard Tail"],"potions_floor_usage":[13,16,16],"damage_taken":[{"damage":0,"enemies":"Cultist","floor":1,"turns":1},{"damage":0,"enemies":"Small Slimes","floor":5,"turns":1},{"damage":0,"enemies":"Lagavulin","floor":6,"turns":1},{"damage":0,"enemies":"Jaw Worm","floor":7,"turns":3},{"damage":13,"enemies":"Exordium Thugs","floor":10,"turns":3},{"damage":0,"enemies":"3 Louse","floor":11,"turns":3},{"damage":16,"enemies":"Gremlin Nob","floor":13,"turns":3},{"damage":5,"enemies":"Lots of Slimes","floor":14,"turns":4},{"damage":41,"enemies":"Slime Boss","floor":16,"turns":4}],"seed_played":"-7855017847691802197","potions_obtained":[{"floor":7,"key":"SneckoOil"},{"floor":11,"key":"Regen Potion"},{"floor":13,"key":"Strength Potion"}],"is_trial":false,"path_per_floor":["M","T","?","?","M","E","M","?","T","M","M","R","E","M","R","B"],"character_chosen":"WATCHER","items_purchased":[],"campfire_rested":0,"item_purchase_floors":[],"current_hp_per_floor":[55,55,59,59,59,59,59,59,59,46,46,51,35,30,37,26],"gold":222,"neow_bonus":"THREE_ENEMY_KILL","is_prod":false,"is_daily":false,"chose_seed":false,"campfire_upgraded":2,"win_rate":0,"timestamp":1569502941,"path_taken":["M","?","?","?","M","E","?","?","T","?","M","R","E","M","R","BOSS"],"build_version":"2019-09-25","purchased_purges":0,"victory":false,"max_hp_per_floor":[61,61,66,66,66,66,66,66,66,66,66,66,66,66,66,66],"card_choices":[{"not_picked":["ThirdEye","ClearTheMind","EmptyFist"],"picked":"SKIP","floor":1},{"not_picked":["JustLucky","CutThroughFate"],"picked":"Wallop","floor":5},{"not_picked":["PathToVictory","CutThroughFate"],"picked":"Conclude","floor":6},{"not_picked":["CutThroughFate","Perseverance"],"picked":"Sanctity","floor":7},{"not_picked":["Establishment","Perseverance","CrushJoints"],"picked":"SKIP","floor":10},{"not_picked":["JustLucky","EmptyFist","Evaluate"],"picked":"SKIP","floor":11},{"not_picked":["Devotion","ThirdEye"],"picked":"Sanctity","floor":13},{"not_picked":["TalkToTheHand","FearNoEvil","EmptyBody"],"picked":"SKIP","floor":14}],"player_experience":1159184,"relics_obtained":[{"floor":2,"key":"Ginger"},{"floor":6,"key":"Whetstone"},{"floor":9,"key":"Eternal Feather"},{"floor":13,"key":"Lizard Tail"}],"event_choices":[{"damage_healed":0,"gold_gain":0,"player_choice":"Donut","damage_taken":0,"max_hp_gain":5,"max_hp_loss":0,"event_name":"Big Fish","floor":3,"gold_loss":0},{"cards_removed":["Defend_P"],"damage_healed":0,"gold_gain":0,"player_choice":"Forget","damage_taken":0,"max_hp_gain":0,"max_hp_loss":0,"event_name":"Living Wall","floor":4,"gold_loss":0},{"damage_healed":0,"gold_gain":0,"player_choice":"1 cards matched","damage_taken":0,"max_hp_gain":0,"max_hp_loss":0,"event_name":"Match and Keep!","floor":8,"gold_loss":0,"cards_obtained":["WheelKick"]}],"is_beta":true,"boss_relics":[],"items_purged_floors":[],"is_endless":false,"potions_floor_spawned":[7,11,13],"killed_by":"Slime Boss","ascension_level":25}