{"gold_per_floor":[112,130,147,72,85,111,111,130,130,165,184,203,231,251,251,355,355,366,378,378,378,303,337,337,349,349,349,366,379,479,479],"floor_reached":31,"playtime":2986,"items_purged":[],"score":306,"play_id":"9c6274ae-2444-472a-94a8-c81e78748f9e","local_time":"20190714233824","is_ascension_mode":false,"campfire_choices":[{"data":"Infinite Blades","floor":7,"key":"SMITH"},{"floor":15,"key":"REST"},{"floor":24,"key":"REST"},{"floor":27,"key":"REST"}],"neow_cost":"NONE","seed_source_timestamp":74001531558892,"circlet_count":0,"master_deck":["Strike_G","Strike_G","Strike_G","Strike_G","Strike_G","Defend_G","Defend_G","Defend_G","Defend_G","Survivor","Neutralize","Bane","Poisoned Stab","Leg Sweep","Infinite Blades+1","Dagger Throw","Infinite Blades","Deadly Poison","Crippling Poison","Dagger Throw","Deflect","Bouncing Flask","Catalyst","Unload","Bane","Cloak And Dagger","Caltrops+1","Cloak And Dagger+1","Blur","Leg Sweep","Sucker Punch"],"relics":["Ring of the Snake","Orichalcum","Darkstone Periapt","Sundial","WristBlade","Snake Skull","Frozen Egg 2","Gremlin Horn","Prayer Wheel","Pear"],"potions_floor_usage":[6,6,23,29,30,30],"damage_taken":[{"damage":12,"enemies":"Cultist","floor":1,"turns":6},{"damage":4,"enemies":"Small Slimes","floor":2,"turns":4},{"damage":0,"enemies":"2 Louse","floor":3,"turns":3},{"damage":0,"enemies":"Looter","floor":5,"turns":3},{"damage":5,"enemies":"Gremlin Nob","floor":6,"turns":4},{"damage":3,"enemies":"Exordium Wildlife","floor":8,"turns":4},{"damage":18,"enemies":"3 Sentries","floor":10,"turns":9},{"damage":0,"enemies":"Blue Slaver","floor":11,"turns":5},{"damage":6,"enemies":"3 Louse","floor":12,"turns":3},{"damage":13,"enemies":"Lagavulin","floor":13,"turns":6},{"damage":10,"enemies":"Gremlin Gang","floor":14,"turns":5},{"damage":13,"enemies":"Hexaghost","floor":16,"turns":10},{"damage":19,"enemies":"Shell Parasite","floor":18,"turns":8},{"damage":1,"enemies":"3 Byrds","floor":19,"turns":6},{"damage":32,"enemies":"Slavers","floor":23,"turns":6},{"damage":12,"enemies":"Snake Plant","floor":25,"turns":3},{"damage":2,"enemies":"Centurion and Healer","floor":28,"turns":7},{"damage":2,"enemies":"Cultist and Chosen","floor":29,"turns":6},{"damage":21,"enemies":"Colosseum Slavers","floor":30,"turns":5},{"damage":18,"enemies":"Colosseum Nobs","floor":30,"turns":6},{"damage":22,"enemies":"3 Cultists","floor":31,"turns":4}],"seed_played":"7400170115386575335","potions_obtained":[{"floor":2,"key":"Dexterity Potion"},{"floor":3,"key":"Strength Potion"},{"floor":6,"key":"SteroidPotion"},{"floor":12,"key":"Energy Potion"},{"floor":14,"key":"Dexterity Potion"},{"floor":23,"key":"Block Potion"},{"floor":28,"key":"AttackPotion"}],"is_trial":false,"path_per_floor":["M","M","M","$","M","E","R","M","T","E","M","M","E","M","R","B",null,"M","M","?","?","?","E","R","M","T","R","M","M","?","M"],"character_chosen":"THE_SILENT","items_purchased":["Infinite Blades"],"campfire_rested":3,"item_purchase_floors":[4],"current_hp_per_floor":[65,61,61,61,61,56,56,53,53,35,35,29,16,6,29,16,77,58,57,43,43,43,11,35,23,23,47,45,43,14,0],"gold":479,"neow_bonus":"TEN_PERCENT_HP_BONUS","is_prod":false,"is_daily":false,"chose_seed":false,"campfire_upgraded":1,"win_rate":0,"timestamp":1563165504,"path_taken":["M","?","M","$","?","E","R","M","T","E","M","M","E","M","R","BOSS","M","M","?","?","?","E","R","M","T","R","?","M","?","M"],"build_version":"2019-07-05","purchased_purges":0,"victory":false,"max_hp_per_floor":[77,77,77,77,77,77,77,77,77,77,77,77,77,77,77,77,77,77,77,82,82,82,82,82,82,82,82,82,82,92,92],"card_choices":[{"not_picked":["Poisoned Stab","Accuracy"],"picked":"Bane","floor":1},{"not_picked":["Dagger Spray","Slice"],"picked":"Poisoned Stab","floor":2},{"not_picked":["Backflip","Quick Slash"],"picked":"Leg Sweep","floor":3},{"not_picked":["Dodge and Roll","Skewer"],"picked":"Dagger Throw","floor":5},{"not_picked":["Wraith Form v2","Eviscerate"],"picked":"Infinite Blades","floor":6},{"not_picked":["Prepared","Poisoned Stab"],"picked":"Deadly Poison","floor":8},{"not_picked":["Dagger Spray","Infinite Blades"],"picked":"Crippling Poison","floor":10},{"not_picked":["Acrobatics","Crippling Poison"],"picked":"Dagger Throw","floor":11},{"not_picked":["Predator","Quick Slash"],"picked":"Deflect","floor":12},{"not_picked":["Storm of Steel","Reflex"],"picked":"Bouncing Flask","floor":13},{"not_picked":["Backstab","Deflect"],"picked":"Catalyst","floor":14},{"not_picked":["Venomology","Glass Knife"],"picked":"Unload","floor":16},{"not_picked":["Dagger Spray+1","Underhanded Strike+1"],"picked":"Bane","floor":18},{"not_picked":["Blade Dance","Flying Knee"],"picked":"Cloak And Dagger","floor":19},{"not_picked":["Reflex","Dodge and Roll"],"picked":"Caltrops+1","floor":23},{"not_picked":["Outmaneuver+1","Leg Sweep"],"picked":"Cloak And Dagger+1","floor":25},{"not_picked":["Flying Knee","Tactician"],"picked":"Blur","floor":28},{"not_picked":["Acrobatics","Quick Slash"],"picked":"Leg Sweep","floor":29},{"not_picked":["Flying Knee","Underhanded Strike"],"picked":"Sucker Punch","floor":30}],"player_experience":124339,"relics_obtained":[{"floor":6,"key":"Orichalcum"},{"floor":10,"key":"Darkstone Periapt"},{"floor":13,"key":"Sundial"},{"floor":23,"key":"Frozen Egg 2"},{"floor":26,"key":"Gremlin Horn"},{"floor":30,"key":"Prayer Wheel"},{"floor":30,"key":"Pear"}],"event_choices":[{"damage_healed":0,"gold_gain":0,"player_choice":"Shed Blood","damage_taken":19,"max_hp_gain":5,"max_hp_loss":0,"event_name":"Forgotten Altar","floor":20,"gold_loss":0},{"damage_healed":0,"gold_gain":0,"player_choice":"Opened","damage_taken":0,"relics_obtained":["Snake Skull"],"max_hp_gain":0,"max_hp_loss":0,"event_name":"The Mausoleum","floor":21,"gold_loss":0},{"cards_removed":["Defend_G"],"damage_healed":0,"gold_gain":0,"player_choice":"Gave Gold","damage_taken":0,"max_hp_gain":0,"max_hp_loss":0,"event_name":"Beggar","floor":22,"gold_loss":75},{"damage_healed":0,"gold_gain":0,"player_choice":"Fight","damage_taken":0,"max_hp_gain":0,"max_hp_loss":0,"event_name":"Colosseum","floor":30,"gold_loss":0},{"damage_healed":0,"gold_gain":0,"player_choice":"Fought Nobs","damage_taken":0,"max_hp_gain":0,"max_hp_loss":0,"event_name":"Colosseum","floor":30,"gold_loss":0}],"is_beta":false,"boss_relics":[{"not_picked":["Fusion Hammer","Philosopher\u0027s Stone"],"picked":"WristBlade"}],"items_purged_floors":[],"is_endless":false,"potions_floor_spawned":[2,3,6,12,14,16,19,23,28,30],"killed_by":"3 Cultists","ascension_level":0}