{"gold_per_floor":[117,30,46,56,71,71,31,31,31,65,65,65,93,93,93,93],"floor_reached":16,"playtime":446,"items_purged":[],"score":216,"play_id":"9761f21c-e17d-43da-9fd1-9dedb671e4a2","local_time":"20190604185812","is_ascension_mode":true,"campfire_choices":[{"data":"Dagger Spray","floor":6,"key":"SMITH"},{"data":"Die Die Die","floor":8,"key":"SMITH"},{"data":"Crippling Poison","floor":12,"key":"SMITH"},{"data":"Footwork","floor":15,"key":"SMITH"}],"neow_cost":"PERCENT_DAMAGE","seed_source_timestamp":1112936695448667,"circlet_count":0,"master_deck":["AscendersBane","Defend_G","Defend_G","Defend_G","Defend_G","Defend_G","Strike_G","Strike_G","Strike_G","Strike_G","Strike_G","Survivor","Neutralize","Burst","Dagger Spray+1","Die Die Die+1","Backflip","Predator","Footwork+1","Crippling Poison+1","Bouncing Flask"],"relics":["Ring of the Snake","Mercury Hourglass","Bag of Marbles","Unceasing Top","Smiling Mask"],"potions_floor_usage":[10],"damage_taken":[{"damage":0,"enemies":"2 Louse","floor":1,"turns":4},{"damage":0,"enemies":"Small Slimes","floor":3,"turns":2},{"damage":0,"enemies":"Jaw Worm","floor":4,"turns":3},{"damage":3,"enemies":"Blue Slaver","floor":5,"turns":5},{"damage":16,"enemies":"Lagavulin","floor":10,"turns":8},{"damage":2,"enemies":"3 Sentries","floor":13,"turns":3},{"damage":36,"enemies":"Slime Boss","floor":16,"turns":5}],"seed_played":"6253394799693545652","potions_obtained":[{"floor":3,"key":"EssenceOfSteel"},{"floor":4,"key":"Dexterity Potion"},{"floor":13,"key":"Ancient Potion"}],"is_trial":false,"path_per_floor":["M","$","M","M","M","R","$","R","T","E","?","R","E","?","R","B"],"character_chosen":"THE_SILENT","items_purchased":["Die Die Die","Footwork"],"campfire_rested":0,"item_purchase_floors":[2,7],"current_hp_per_floor":[44,44,44,44,41,41,41,41,41,25,47,47,45,27,27,0],"gold":93,"neow_bonus":"THREE_RARE_CARDS","is_prod":false,"is_daily":false,"chose_seed":false,"campfire_upgraded":4,"win_rate":0,"timestamp":1559689092,"path_taken":["M","$","M","M","M","R","$","R","T","E","?","R","E","?","R","BOSS"],"build_version":"2019-01-23","purchased_purges":0,"victory":false,"max_hp_per_floor":[66,66,66,66,66,66,66,66,66,66,66,66,66,66,66,66],"card_choices":[{"not_picked":["Storm of Steel","Night Terror"],"picked":"Burst","floor":0},{"not_picked":["Sucker Punch","Flying Knee"],"picked":"Dagger Spray","floor":1},{"not_picked":["Heel Hook","Accuracy"],"picked":"Backflip","floor":3},{"not_picked":["Riddle With Holes","Heel Hook","Blade Dance"],"picked":"SKIP","floor":4},{"not_picked":["Cloak And Dagger","Deflect"],"picked":"Predator","floor":5},{"not_picked":["Backflip","Dagger Spray"],"picked":"Crippling Poison","floor":10},{"not_picked":["Skewer","Reflex"],"picked":"Bouncing Flask","floor":13}],"player_experience":901703,"relics_obtained":[{"floor":9,"key":"Mercury Hourglass"},{"floor":10,"key":"Bag of Marbles"},{"floor":13,"key":"Unceasing Top"}],"event_choices":[{"damage_healed":22,"gold_gain":0,"player_choice":"Banana","damage_taken":0,"max_hp_gain":0,"max_hp_loss":0,"event_name":"Big Fish","floor":11,"gold_loss":0},{"damage_healed":0,"gold_gain":0,"player_choice":"Success","damage_taken":18,"relics_obtained":["Smiling Mask"],"max_hp_gain":0,"max_hp_loss":0,"event_name":"Scrap Ooze","floor":14,"gold_loss":0}],"is_beta":false,"boss_relics":[],"items_purged_floors":[],"is_endless":false,"potions_floor_spawned":[3,4,5,13],"killed_by":"Slime Boss","ascension_level":20}