{"gold_per_floor":[12,24,37,37,56,56,82,82,139,8,35,35,49,68,68,146,146,156,31,47,60,79,79,79,79,158,175,175,200,211,211,211,287,287,301,301,301,313,331,656,656,87,110,110,144,157,172,188,188,188,188,188,188,7,32,32],"floor_reached":57,"playtime":4966,"items_purged":["Strike_B","Strike_B","Strike_B"],"score":2842,"play_id":"9e39ba72-49b0-4491-be29-0327089afac1","local_time":"20190412224014","is_ascension_mode":true,"campfire_choices":[{"data":"Defragment","floor":6.0,"key":"SMITH"},{"data":"Sweeping Beam","floor":8.0,"key":"SMITH"},{"data":"Go for the Eyes","floor":12.0,"key":"SMITH"},{"data":"Fission","floor":15.0,"key":"SMITH"},{"data":"Echo Form","floor":24,"key":"SMITH"},{"data":"Turbo","floor":28,"key":"SMITH"},{"data":"Zap","floor":32,"key":"SMITH"},{"data":"Recycle","floor":41,"key":"SMITH"},{"floor":49,"key":"RECALL"},{"data":"Seek","floor":53,"key":"SMITH"}],"neow_cost":"NO_GOLD","seed_source_timestamp":13495734139251,"circlet_count":0,"master_deck":["AscendersBane","Defend_B","Defend_B","Defend_B","Defend_B","Zap+1","Dualcast","Echo Form+1","Self Repair","Sweeping Beam+1","Defragment+1","Coolheaded","Steam","Cold Snap","Go for the Eyes+1","FTL","Fission+1","Creative AI","Ball Lightning","Compile Driver+1","Glacier","Turbo+1","Capacitor+1","Seek+1","Recycle+1","Hologram","BootSequence+1","Creative AI","Hologram","Stack","Go for the Eyes","Steam+1"],"special_seed":0,"relics":["Cracked Core","Orichalcum","Tiny Chest","Bag of Preparation","Runic Pyramid","The Courier","Juzu Bracelet","Nuclear Battery","Pear","Old Coin","OrangePellets","Mango","Bronze Scales","Medical Kit","Bird Faced Urn"],"potions_floor_usage":[50,56],"damage_taken":[{"damage":3.0,"enemies":"2 Louse","floor":1.0,"turns":3.0},{"damage":6.0,"enemies":"Cultist","floor":2.0,"turns":4.0},{"damage":4.0,"enemies":"Small Slimes","floor":3.0,"turns":4.0},{"damage":13.0,"enemies":"Gremlin Gang","floor":5.0,"turns":5.0},{"damage":20.0,"enemies":"Lagavulin","floor":7.0,"turns":7.0},{"damage":10.0,"enemies":"3 Sentries","floor":11.0,"turns":6.0},{"damage":0.0,"enemies":"Exordium Wildlife","floor":13.0,"turns":5.0},{"damage":4.0,"enemies":"Exordium Thugs","floor":14.0,"turns":4.0},{"damage":22.0,"enemies":"Hexaghost","floor":16.0,"turns":12.0},{"damage":0.0,"enemies":"Spheric Guardian","floor":18.0,"turns":5.0},{"damage":11,"enemies":"2 Thieves","floor":20,"turns":4},{"damage":55,"enemies":"3 Cultists","floor":21,"turns":6},{"damage":6,"enemies":"Centurion and Healer","floor":22,"turns":6},{"damage":2,"enemies":"Snecko","floor":27,"turns":7},{"damage":0,"enemies":"Gremlin Leader","floor":29,"turns":7},{"damage":2,"enemies":"Sentry and Sphere","floor":30,"turns":7},{"damage":12,"enemies":"Champ","floor":33,"turns":12},{"damage":11,"enemies":"3 Shapes","floor":35,"turns":6},{"damage":6,"enemies":"Orb Walker","floor":38,"turns":4},{"damage":22,"enemies":"4 Shapes","floor":39,"turns":4},{"damage":7,"enemies":"Giant Head","floor":40,"turns":8},{"damage":0,"enemies":"Nemesis","floor":45,"turns":9},{"damage":3,"enemies":"Sphere and 2 Shapes","floor":46,"turns":6},{"damage":14,"enemies":"Transient","floor":47,"turns":6},{"damage":14,"enemies":"Jaw Worm Horde","floor":48,"turns":6},{"damage":23,"enemies":"Awakened One","floor":50,"turns":25},{"damage":0,"enemies":"Time Eater","floor":51,"turns":10},{"damage":42,"enemies":"Shield and Spear","floor":55,"turns":11},{"damage":68,"enemies":"The Heart","floor":56,"turns":14}],"seed_played":"-5291353536757353343","potions_obtained":[{"floor":2.0,"key":"AttackPotion"},{"floor":3.0,"key":"SteroidPotion"},{"floor":7.0,"key":"FocusPotion"},{"floor":13.0,"key":"Block Potion"},{"floor":14.0,"key":"Regen Potion"},{"floor":20,"key":"Strength Potion"},{"floor":47,"key":"LiquidBronze"}],"is_trial":false,"path_per_floor":["M","M","M","?","M","R","E","R","T","$","E","R","M","M","R","B",null,"M","$","M","M","M","$","R","$","T","M","R","E","M","?","R","B",null,"M","?","T","M","M","E","R","$","T","?","E","M","M","M","R","B","B",null,"R","$","E","B",null],"character_chosen":"DEFECT","items_purchased":["Cold Snap","Compile Driver","OrangePellets","Hologram","Mango","Medical Kit"],"campfire_rested":0,"item_purchase_floors":[10,19,42,42,42,54],"current_hp_per_floor":[61,62,65,65,59,59,46,46,46,46,50,50,64,67,67,59,68,71,71,71,30,38,38,38,38,38,50,50,64,71,71,71,71,71,71,71,81,81,73,80,80,94,94,90,90,90,90,90,90,81,90,90,90,90,62,57],"gold":32,"neow_bonus":"THREE_RARE_CARDS","is_prod":false,"is_daily":false,"chose_seed":false,"campfire_upgraded":9,"win_rate":0,"timestamp":1555123214,"path_taken":["M","M","M","?","M","R","E","R","T","$","E","R","M","M","R","BOSS","M","$","M","M","M","?","R","$","T","M","R","E","M","?","R","BOSS","M","?","?","M","M","E","R","?","T","?","E","M","M","M","R","BOSS","BOSS","R","$","E","BOSS"],"build_version":"2019-01-23","purchased_purges":3,"victory":true,"max_hp_per_floor":[71,71,71,71,71,71,71,71,71,71,71,71,71,71,71,71,71,71,71,71,71,71,71,71,71,71,71,71,71,71,71,71,71,71,71,71,81,81,81,81,81,95,95,90,90,90,90,90,90,90,90,90,90,90,90,90],"card_choices":[{"not_picked":["Reboot","Hyperbeam"],"picked":"Echo Form","floor":0.0},{"not_picked":["Streamline","Gash"],"picked":"Self Repair","floor":1.0},{"not_picked":["Tempest","Aggregate"],"picked":"Sweeping Beam","floor":2.0},{"not_picked":["Reinforced Body","Cold Snap"],"picked":"Defragment","floor":3.0},{"not_picked":["Turbo","Sweeping Beam"],"picked":"Coolheaded","floor":5.0},{"not_picked":["Auto Shields","Streamline"],"picked":"Steam","floor":7.0},{"not_picked":["Blizzard","Storm"],"picked":"Go for the Eyes","floor":11.0},{"not_picked":["Chaos","Steam"],"picked":"FTL","floor":13.0},{"not_picked":["Beam Cell","Hologram"],"picked":"Fission","floor":14.0},{"not_picked":["Multi-Cast","Machine Learning"],"picked":"Creative AI","floor":16.0},{"not_picked":["Streamline","Cold Snap"],"picked":"Ball Lightning","floor":18.0},{"not_picked":["Chaos","Barrage"],"picked":"Compile Driver+1","floor":20},{"not_picked":["Ball Lightning","Barrage"],"picked":"Glacier","floor":21},{"not_picked":["Gash","Barrage"],"picked":"Turbo","floor":22},{"not_picked":["Scrape","Turbo","Barrage"],"picked":"SKIP","floor":27},{"not_picked":["Undo","Rebound"],"picked":"Capacitor","floor":29},{"not_picked":["Leap","Beam Cell","Stack"],"picked":"SKIP","floor":30},{"not_picked":["Leap","Beam Cell","Stack"],"picked":"SKIP","floor":30},{"not_picked":["Creative AI","Echo Form"],"picked":"Seek","floor":33},{"not_picked":["Sweeping Beam","Ball Lightning"],"picked":"Recycle","floor":35},{"not_picked":["Cold Snap","Streamline"],"picked":"Hologram","floor":38},{"not_picked":["Cold Snap+1","Redo"],"picked":"BootSequence+1","floor":39},{"not_picked":["White Noise+1","Double Energy"],"picked":"Creative AI","floor":40},{"not_picked":["Beam Cell","BootSequence"],"picked":"Stack","floor":45},{"not_picked":["Streamline","Rip and Tear+1","Redo"],"picked":"SKIP","floor":46},{"not_picked":["Cold Snap","Beam Cell"],"picked":"Go for the Eyes","floor":47},{"not_picked":["FTL","Lockon"],"picked":"Steam+1","floor":48},{"not_picked":["All For One","Steam","Leap"],"picked":"SKIP","floor":55}],"player_experience":691265,"relics_obtained":[{"floor":7.0,"key":"Orichalcum"},{"floor":9.0,"key":"Tiny Chest"},{"floor":11.0,"key":"Bag of Preparation"},{"floor":26,"key":"The Courier"},{"floor":29,"key":"Juzu Bracelet"},{"floor":37,"key":"Pear"},{"floor":40,"key":"Old Coin"},{"floor":45,"key":"Bronze Scales"},{"floor":55,"key":"Bird Faced Urn"}],"event_choices":[{"cards_removed":["Strike_B"],"damage_healed":0.0,"max_hp_gain":0.0,"max_hp_loss":0.0,"gold_gain":0.0,"event_name":"Purifier","player_choice":"Purged","floor":4.0,"gold_loss":0.0,"damage_taken":0.0},{"damage_healed":0,"gold_gain":0,"player_choice":"Upgraded","damage_taken":0,"max_hp_gain":0,"max_hp_loss":0,"event_name":"Upgrade Shrine","floor":31,"gold_loss":0,"cards_upgraded":["Capacitor"]},{"cards_removed":["Compile Driver"],"damage_healed":0,"gold_gain":0,"player_choice":"Removed Attack","damage_taken":0,"max_hp_gain":0,"max_hp_loss":0,"event_name":"Falling","floor":36,"gold_loss":0},{"damage_healed":0,"gold_gain":0,"player_choice":"Max HP","damage_taken":0,"max_hp_gain":0,"max_hp_loss":5,"event_name":"Winding Halls","floor":44,"gold_loss":0}],"is_beta":false,"boss_relics":[{"not_picked":["Pandora\u0027s Box","White Beast Statue"],"picked":"Runic Pyramid"},{"not_picked":["Sozu","Orrery"],"picked":"Nuclear Battery"}],"items_purged_floors":[10,19,42],"is_endless":false,"potions_floor_spawned":[2,3,7,13,14,20,21,27,33,35,40,45,47],"ascension_level":20}