{"gold_per_floor":[117,127,127,92,109,138,149,176,221,221,221,221,241,258,258,258],"floor_reached":16,"playtime":1660,"items_purged":[],"score":112,"play_id":"290add07-857e-4407-b0fe-0982a2eceb5b","local_time":"20190916161954","is_ascension_mode":false,"campfire_choices":[{"floor":10,"key":"REST"},{"floor":12,"key":"REST"},{"data":"Infinite Blades","floor":15,"key":"SMITH"}],"neow_cost":"NONE","seed_source_timestamp":349855076118600,"circlet_count":0,"master_deck":["Strike_G","Strike_G","Strike_G","Strike_G","Defend_G","Defend_G","Defend_G","Defend_G+1","Defend_G+1","Survivor","Neutralize","Acrobatics","Endless Agony","Endless Agony","Predator","Infinite Blades+1","Finisher","Flying Knee","Flying Knee"],"relics":["Ring of the Snake","Paper Crane","Bottled Lightning","Pen Nib","War Paint"],"potions_floor_usage":[6,16],"damage_taken":[{"damage":0,"enemies":"Small Slimes","floor":1,"turns":3},{"damage":6,"enemies":"Jaw Worm","floor":2,"turns":8},{"damage":0,"enemies":"2 Louse","floor":5,"turns":3},{"damage":27,"enemies":"3 Sentries","floor":6,"turns":9},{"damage":2,"enemies":"Looter","floor":7,"turns":2},{"damage":24,"enemies":"Lagavulin","floor":8,"turns":6},{"damage":0,"enemies":"Blue Slaver","floor":13,"turns":2},{"damage":8,"enemies":"Gremlin Gang","floor":14,"turns":3},{"damage":50,"enemies":"Hexaghost","floor":16,"turns":8}],"seed_played":"6838277020920629853","potions_obtained":[{"floor":2,"key":"Poison Potion"},{"floor":7,"key":"Explosive Potion"}],"is_trial":false,"path_per_floor":["M","M","?","?","M","E","M","E","T","R","?","R","M","M","R","B"],"character_chosen":"THE_SILENT","items_purchased":[],"campfire_rested":2,"item_purchase_floors":[],"current_hp_per_floor":[77,71,64,77,77,50,48,24,24,47,35,58,58,50,50,0],"gold":258,"neow_bonus":"TEN_PERCENT_HP_BONUS","is_prod":false,"is_daily":false,"chose_seed":false,"campfire_upgraded":1,"win_rate":0.0,"timestamp":1568665194,"path_taken":["M","M","?","?","M","E","M","E","T","R","?","R","M","M","R","BOSS"],"build_version":"2019-07-17","purchased_purges":0,"victory":false,"max_hp_per_floor":[77,77,77,77,77,77,77,77,77,77,77,77,77,77,77,77],"card_choices":[{"not_picked":["PiercingWail","Endless Agony"],"picked":"Acrobatics","floor":1},{"not_picked":["Deadly Poison","Deflect"],"picked":"Endless Agony","floor":2},{"not_picked":["Prepared","Dash"],"picked":"Endless Agony","floor":5},{"not_picked":["Infinite Blades","Bouncing Flask"],"picked":"Predator","floor":6},{"not_picked":["Prepared","Sucker Punch"],"picked":"Infinite Blades","floor":7},{"not_picked":["Blur","Poisoned Stab"],"picked":"Finisher","floor":8},{"not_picked":["Slice","Terror"],"picked":"Flying Knee","floor":13},{"not_picked":["Noxious Fumes","Slice"],"picked":"Flying Knee","floor":14}],"player_experience":4749,"relics_obtained":[{"floor":6,"key":"Paper Crane"},{"floor":8,"key":"Bottled Lightning"},{"floor":9,"key":"Pen Nib"}],"event_choices":[{"cards_removed":["Strike_G"],"damage_healed":0,"gold_gain":0,"player_choice":"Card Removal","damage_taken":7,"max_hp_gain":0,"max_hp_loss":0,"event_name":"Golden Wing","floor":3,"gold_loss":0},{"damage_healed":19,"gold_gain":0,"player_choice":"Healed","damage_taken":0,"max_hp_gain":0,"max_hp_loss":0,"event_name":"The Cleric","floor":4,"gold_loss":35},{"damage_healed":0,"gold_gain":0,"player_choice":"Success","damage_taken":12,"relics_obtained":["War Paint"],"max_hp_gain":0,"max_hp_loss":0,"event_name":"Scrap Ooze","floor":11,"gold_loss":0}],"is_beta":false,"boss_relics":[],"items_purged_floors":[],"is_endless":false,"potions_floor_spawned":[2,7],"killed_by":"Hexaghost","ascension_level":0}