{"gold_per_floor":[111,129,54,54,54,54,88,88,139,153,178,15,15,30,30,30],"floor_reached":16,"playtime":359,"items_purged":["Defend_P"],"score":253,"play_id":"76058df8-69ac-4de6-a595-dd5785b5706f","local_time":"20190922015043","is_ascension_mode":true,"campfire_choices":[{"data":"Eruption","floor":6,"key":"SMITH"},{"data":"LessonLearned","floor":8,"key":"SMITH"},{"data":"ForeignInfluence","floor":15,"key":"SMITH"}],"neow_cost":"NONE","seed_source_timestamp":89140800020800,"circlet_count":0,"master_deck":["AscendersBane","Strike_P","Strike_P+1","Strike_P+1","Defend_P+1","Defend_P","Eruption+1","Vigilance","LessonLearned+1","ForeignInfluence+1"],"relics":["PureWater","NeowsBlessing","InkBottle","Potion Belt","Art of War","Orichalcum","Bag of Marbles"],"potions_floor_usage":[11,16,16,16],"damage_taken":[{"damage":0,"enemies":"2 Louse","floor":1,"turns":1},{"damage":0,"enemies":"Cultist","floor":2,"turns":1},{"damage":0,"enemies":"Gremlin Nob","floor":7,"turns":1},{"damage":0,"enemies":"Jaw Worm","floor":10,"turns":3},{"damage":7,"enemies":"Lagavulin","floor":11,"turns":5},{"damage":1,"enemies":"Looter","floor":14,"turns":3},{"damage":49,"enemies":"Hexaghost","floor":16,"turns":10}],"seed_played":"6637480041010792288","potions_obtained":[{"floor":2,"key":"StancePotion"},{"floor":7,"key":"SteroidPotion"},{"floor":11,"key":"SkillPotion"},{"floor":14,"key":"DuplicationPotion"}],"is_trial":false,"path_per_floor":["M","M","$","?","?","R","E","R","T","M","E","$","T","M","R","B"],"character_chosen":"WATCHER","items_purchased":["Orichalcum"],"campfire_rested":0,"item_purchase_floors":[12],"current_hp_per_floor":[55,55,55,55,55,55,55,55,55,55,48,48,48,47,47,0],"gold":30,"neow_bonus":"THREE_ENEMY_KILL","is_prod":false,"is_daily":false,"chose_seed":false,"campfire_upgraded":3,"win_rate":0,"timestamp":1569091843,"path_taken":["M","M","$","?","?","R","E","R","T","?","E","$","?","M","R","BOSS"],"build_version":"2019-09-20","purchased_purges":1,"victory":false,"max_hp_per_floor":[61,61,61,61,61,61,61,61,61,61,61,61,61,61,61,61],"card_choices":[{"not_picked":["Crescendo","FollowUp","MentalFortress"],"picked":"SKIP","floor":1},{"not_picked":["CrushJoints","SashWhip","SpiritShield"],"picked":"SKIP","floor":2},{"not_picked":["Weave","PathToVictory"],"picked":"LessonLearned","floor":7},{"not_picked":["FlyingSleeves","FollowUp","ThirdEye"],"picked":"SKIP","floor":10},{"not_picked":["ForeignInfluence","Consecrate","MasterReality"],"picked":"SKIP","floor":11},{"not_picked":["FollowUp","FlyingSleeves"],"picked":"ForeignInfluence","floor":14}],"player_experience":1131448,"relics_obtained":[{"floor":7,"key":"InkBottle"},{"floor":9,"key":"Potion Belt"},{"floor":11,"key":"Art of War"},{"floor":13,"key":"Bag of Marbles"}],"event_choices":[{"cards_removed":["Strike_P"],"damage_healed":0,"gold_gain":0,"player_choice":"Forget","damage_taken":0,"max_hp_gain":0,"max_hp_loss":0,"event_name":"Living Wall","floor":4,"gold_loss":0},{"cards_removed":["Defend_P"],"damage_healed":0,"gold_gain":0,"player_choice":"Offered Basic","damage_taken":0,"max_hp_gain":0,"max_hp_loss":0,"event_name":"Bonfire Elementals","floor":5,"gold_loss":0}],"is_beta":true,"boss_relics":[],"items_purged_floors":[3],"is_endless":false,"potions_floor_spawned":[2,7,11,14],"killed_by":"Hexaghost","ascension_level":18}