{"gold_per_floor":[116,128,53,65,65,65,91,91,145,145,178,193,193,218,230,317,329,353,365,215,215,215,215,226,243,266,281,281,308,267,287,287,287],"floor_reached":33,"playtime":1198,"items_purged":["Strike_R"],"score":625,"play_id":"832755a1-176b-47c8-a9e8-7ea4b4e7fb62","local_time":"20190925122720","is_ascension_mode":true,"campfire_choices":[{"data":"Uppercut","floor":6.0,"key":"SMITH"},{"data":"Anger","floor":8.0,"key":"SMITH"},{"floor":15.0,"key":"REST"},{"data":"Offering","floor":23.0,"key":"SMITH"},{"floor":28.0,"key":"REST"},{"floor":32,"key":"REST"}],"neow_cost":"TEN_PERCENT_HP_LOSS","seed_source_timestamp":734358099831700,"circlet_count":0,"master_deck":["AscendersBane","Strike_R+1","Strike_R+1","Defend_R","Defend_R","Defend_R","Defend_R","Shrug It Off","Uppercut+1","Anger+1","Offering","Feel No Pain","Carnage","Dark Embrace","Double Tap+1","Shrug It Off+1","Searing Blow+1","Feel No Pain","Offering+1","Shrug It Off","Fiend Fire","Seeing Red","Shrug It Off","Battle Trance","Body Slam","Entrench+1","True Grit","Battle Trance","Disarm"],"special_seed":0,"relics":["Burning Blood","Thread and Needle","Bronze Scales","Question Card","Blood Vial","Centennial Puzzle","MawBank","Astrolabe","Orrery","Bag of Marbles","Strawberry"],"potions_floor_usage":[33],"damage_taken":[{"damage":10.0,"enemies":"Cultist","floor":1.0,"turns":4.0},{"damage":0.0,"enemies":"2 Louse","floor":2.0,"turns":4.0},{"damage":4.0,"enemies":"Small Slimes","floor":4.0,"turns":4.0},{"damage":3.0,"enemies":"Gremlin Nob","floor":7.0,"turns":4.0},{"damage":1.0,"enemies":"3 Sentries","floor":11.0,"turns":6.0},{"damage":7.0,"enemies":"Red Slaver","floor":12.0,"turns":4.0},{"damage":9.0,"enemies":"Exordium Thugs","floor":14.0,"turns":3.0},{"damage":51.0,"enemies":"The Guardian","floor":16.0,"turns":14.0},{"damage":8.0,"enemies":"Chosen","floor":18.0,"turns":3.0},{"damage":12.0,"enemies":"Shell Parasite","floor":24.0,"turns":4.0},{"damage":23.0,"enemies":"Sentry and Sphere","floor":25.0,"turns":4.0},{"damage":17.0,"enemies":"Snake Plant","floor":27.0,"turns":2.0},{"damage":12,"enemies":"Book of Stabbing","floor":29,"turns":3},{"damage":12,"enemies":"Shelled Parasite and Fungi","floor":31,"turns":6},{"damage":74,"enemies":"Automaton","floor":33,"turns":10}],"seed_played":"-5622705144005685717","potions_obtained":[{"floor":1.0,"key":"Block Potion"},{"floor":4.0,"key":"Energy Potion"},{"floor":7.0,"key":"PowerPotion"},{"floor":12.0,"key":"SkillPotion"},{"floor":25.0,"key":"GamblersBrew"},{"floor":27.0,"key":"SmokeBomb"}],"is_trial":false,"path_per_floor":["M","M","$","M","?","R","E","R","T","?","E","M","?","M","R","B",null,"M","?","$","?","?","R","M","M","T","M","R","E","$","M","R","B"],"character_chosen":"IRONCLAD","items_purchased":["Orrery","Battle Trance"],"campfire_rested":3,"item_purchase_floors":[20,30],"current_hp_per_floor":[64,68,68,68,42,42,45,45,45,25,32,33,33,32,52,9,53,53,53,53,53,53,53,49,34,34,25,45,48,48,44,66,0],"gold":287,"neow_bonus":"ONE_RARE_RELIC","is_prod":false,"is_daily":false,"chose_seed":false,"campfire_upgraded":3,"win_rate":0,"timestamp":1569439640,"path_taken":["M","M","?","M","?","R","E","R","T","?","E","M","?","M","R","BOSS","M","?","?","?","?","R","M","M","T","?","R","E","$","M","R","BOSS"],"build_version":"2019-09-24","purchased_purges":1,"victory":false,"max_hp_per_floor":[68,68,68,68,68,68,68,68,68,68,68,68,68,68,68,68,68,68,68,68,68,68,68,68,68,68,68,68,75,75,75,75,75],"card_choices":[{"not_picked":["Flex","Havoc"],"picked":"Shrug It Off","floor":1.0},{"not_picked":["Combust","Clothesline"],"picked":"Uppercut","floor":2.0},{"not_picked":["Havoc","True Grit","Body Slam"],"picked":"SKIP","floor":4.0},{"not_picked":["Clash","Warcry"],"picked":"Anger","floor":7.0},{"not_picked":["Dropkick","Cleave","Clothesline"],"picked":"Offering","floor":11.0},{"not_picked":["Iron Wave","Combust","Warcry"],"picked":"Feel No Pain","floor":12.0},{"not_picked":["Warcry","Fire Breathing","Iron Wave"],"picked":"Carnage","floor":14.0},{"not_picked":["Juggernaut","Demon Form","Exhume"],"picked":"Dark Embrace","floor":16.0},{"not_picked":["Warcry","Cleave+1","Clothesline"],"picked":"Feel No Pain","floor":18.0},{"not_picked":["Anger","Iron Wave","Bloodletting"],"picked":"Shrug It Off","floor":20.0},{"not_picked":["Uppercut","True Grit","Sentinel"],"picked":"Fiend Fire","floor":20.0},{"not_picked":["Perfected Strike","Heavy Blade","Carnage"],"picked":"Seeing Red","floor":20.0},{"not_picked":["Anger","Fire Breathing","Rupture"],"picked":"Shrug It Off","floor":20.0},{"not_picked":["Whirlwind","Warcry","Pommel Strike","Headbutt"],"picked":"SKIP","floor":24.0},{"not_picked":["Rampage","Twin Strike","Thunderclap"],"picked":"Body Slam","floor":25.0},{"not_picked":["Havoc","Evolve","Clothesline"],"picked":"Entrench+1","floor":27.0},{"not_picked":["Clothesline+1","Anger","Fiend Fire"],"picked":"True Grit","floor":29},{"not_picked":["Armaments","Perfected Strike","Heavy Blade"],"picked":"Disarm","floor":31}],"player_experience":1029410,"relics_obtained":[{"floor":7.0,"key":"Question Card"},{"floor":9.0,"key":"Blood Vial"},{"floor":11.0,"key":"Centennial Puzzle"},{"floor":26.0,"key":"Bag of Marbles"},{"floor":29,"key":"Strawberry"}],"event_choices":[{"damage_healed":0.0,"max_hp_gain":0.0,"max_hp_loss":0.0,"gold_gain":0.0,"event_name":"Scrap Ooze","player_choice":"Success","floor":5.0,"gold_loss":0.0,"damage_taken":26.0,"relics_obtained":["Bronze Scales"]},{"damage_healed":0.0,"max_hp_gain":0.0,"max_hp_loss":0.0,"gold_gain":0.0,"event_name":"Shining Light","player_choice":"Entered Light","floor":10.0,"gold_loss":0.0,"damage_taken":20.0,"cards_upgraded":["Strike_R","Strike_R"]},{"damage_healed":0.0,"max_hp_gain":0.0,"max_hp_loss":0.0,"gold_gain":0.0,"event_name":"WeMeetAgain","player_choice":"Gave Potion","floor":13.0,"gold_loss":0.0,"damage_taken":0.0,"relics_obtained":["MawBank"]},{"damage_healed":0.0,"max_hp_gain":0.0,"max_hp_loss":0.0,"gold_gain":0.0,"event_name":"Duplicator","player_choice":"Copied","floor":19.0,"gold_loss":0.0,"damage_taken":0.0,"cards_obtained":["Offering"]},{"damage_healed":0.0,"max_hp_gain":0.0,"max_hp_loss":0.0,"gold_gain":0.0,"event_name":"The Mausoleum","player_choice":"Ignored","floor":21.0,"gold_loss":0.0,"damage_taken":0.0},{"damage_healed":0.0,"max_hp_gain":0.0,"max_hp_loss":0.0,"gold_gain":0.0,"event_name":"Match and Keep!","player_choice":"1 cards matched","floor":22.0,"gold_loss":0.0,"damage_taken":0.0,"cards_obtained":["Battle Trance"]}],"is_beta":true,"boss_relics":[{"not_picked":["Empty Cage","Pandora\u0027s Box"],"picked":"Astrolabe"}],"items_purged_floors":[3],"is_endless":false,"potions_floor_spawned":[1,4,7,12,25,27],"killed_by":"Automaton","ascension_level":20}