{"gold_per_floor":[116,41,60,74,104,104,139,153,153,164,164,164,194,207,207,207],"floor_reached":16,"playtime":579,"items_purged":["Injury"],"score":224,"play_id":"9bdf5d88-3357-4265-a43a-b4269235d7f9","local_time":"20190422182533","is_ascension_mode":true,"campfire_choices":[{"data":"Bash","floor":6,"key":"SMITH"},{"floor":11,"key":"REST"},{"floor":15,"key":"DIG"}],"neow_cost":"CURSE","seed_source_timestamp":0,"circlet_count":0,"master_deck":["AscendersBane","Strike_R","Strike_R","Strike_R","Strike_R","Strike_R","Defend_R","Defend_R","Defend_R","Defend_R","Bash+1","Perfected Strike","Limit Break","Anger","Battle Trance","Shrug It Off"],"relics":["Burning Blood","Magic Flower","Tiny Chest","Thread and Needle","Bottled Lightning","Shovel","Meat on the Bone"],"potions_floor_usage":[7,13,16],"damage_taken":[{"damage":2,"enemies":"Cultist","floor":1,"turns":4},{"damage":18,"enemies":"Small Slimes","floor":3,"turns":4},{"damage":12,"enemies":"Jaw Worm","floor":4,"turns":4},{"damage":30,"enemies":"Lagavulin","floor":7,"turns":6},{"damage":8,"enemies":"2 Fungi Beasts","floor":8,"turns":3},{"damage":15,"enemies":"Exordium Wildlife","floor":10,"turns":6},{"damage":2,"enemies":"Gremlin Nob","floor":13,"turns":3},{"damage":4,"enemies":"Blue Slaver","floor":14,"turns":3},{"damage":54,"enemies":"Hexaghost","floor":16,"turns":9}],"seed_played":"3931119869862775922","potions_obtained":[{"floor":1,"key":"Explosive Potion"},{"floor":8,"key":"SneckoOil"},{"floor":10,"key":"SkillPotion"}],"is_trial":false,"path_per_floor":["M","$","M","M","?","R","E","M","T","M","R","?","E","M","R","B"],"character_chosen":"IRONCLAD","items_purchased":[],"campfire_rested":1,"item_purchase_floors":[],"current_hp_per_floor":[75,75,66,63,45,45,24,25,25,19,41,41,48,53,53,0],"gold":207,"neow_bonus":"ONE_RARE_RELIC","is_prod":false,"is_daily":false,"chose_seed":true,"campfire_upgraded":1,"win_rate":0,"timestamp":1555971933,"path_taken":["M","$","M","M","?","R","E","M","T","M","R","?","E","M","R","BOSS"],"build_version":"2019-01-23","purchased_purges":1,"victory":false,"max_hp_per_floor":[75,75,75,75,75,75,75,75,75,75,75,75,75,75,75,75],"card_choices":[{"not_picked":["True Grit","Twin Strike"],"picked":"Perfected Strike","floor":1},{"not_picked":["Searing Blow","Cleave"],"picked":"Limit Break","floor":3},{"not_picked":["Iron Wave","Metallicize"],"picked":"Anger","floor":4},{"not_picked":["Dropkick","Armaments"],"picked":"Battle Trance","floor":7},{"not_picked":["Clash","Sword Boomerang","Cleave"],"picked":"SKIP","floor":8},{"not_picked":["Body Slam","Power Through","Flex"],"picked":"SKIP","floor":10},{"not_picked":["Iron Wave","Fire Breathing","Pummel"],"picked":"SKIP","floor":13},{"not_picked":["Anger","Havoc"],"picked":"Shrug It Off","floor":14}],"player_experience":763726,"relics_obtained":[{"floor":7,"key":"Thread and Needle"},{"floor":9,"key":"Bottled Lightning"},{"floor":13,"key":"Shovel"},{"floor":15,"key":"Meat on the Bone"}],"event_choices":[{"damage_healed":0,"gold_gain":0,"player_choice":"Success","damage_taken":18,"relics_obtained":["Tiny Chest"],"max_hp_gain":0,"max_hp_loss":0,"event_name":"Scrap Ooze","floor":5,"gold_loss":0},{"damage_healed":0,"gold_gain":0,"player_choice":"0 cards matched","damage_taken":0,"max_hp_gain":0,"max_hp_loss":0,"event_name":"Match and Keep!","floor":12,"gold_loss":0,"cards_obtained":[]}],"is_beta":false,"boss_relics":[],"items_purged_floors":[2],"is_endless":false,"potions_floor_spawned":[1,8,10],"killed_by":"Hexaghost","ascension_level":20}