{"gold_per_floor":[108,108,116,41,41,67,67,67,110,130,30,40,51,51,51,51],"floor_reached":16,"playtime":203,"items_purged":["Strike_R"],"score":281,"play_id":"ea987bdf-d931-42f4-9585-7455bbe28eb1","local_time":"20190907012203","is_ascension_mode":true,"campfire_choices":[{"data":"Bash","floor":8,"key":"SMITH"},{"data":"Disarm","floor":15,"key":"SMITH"}],"neow_cost":"NONE","seed_source_timestamp":48027528458852,"circlet_count":0,"master_deck":["Strike_R","Strike_R","Strike_R","Defend_R","Defend_R","Defend_R","Bash+1","AscMod:ascendersbane","Disarm+1"],"relics":["Burning Blood","NeowsBlessing","Dream Catcher","Pear","Golden Idol","Anchor"],"potions_floor_usage":[],"damage_taken":[{"damage":0,"enemies":"2 Louse","floor":1,"turns":1},{"damage":0,"enemies":"Small Slimes","floor":3,"turns":1},{"damage":0,"enemies":"3 Sentries","floor":6,"turns":2},{"damage":12,"enemies":"Cultist","floor":10,"turns":4},{"damage":0,"enemies":"Looter","floor":12,"turns":4},{"damage":41,"enemies":"Gremlin Gang","floor":13,"turns":9},{"damage":0,"enemies":"The Guardian","floor":16,"turns":1}],"seed_played":"-1376859854516562943","potions_obtained":[{"floor":3,"key":"SpeedPotion"},{"floor":6,"key":"Dexterity Potion"}],"is_trial":false,"path_per_floor":["M","?","M","?","?","E","?","R","T","M","$","M","M","$","R","B"],"character_chosen":"IRONCLAD","items_purchased":[],"campfire_rested":0,"item_purchase_floors":[],"current_hp_per_floor":[73,73,75,75,64,77,48,48,48,41,41,46,10,10,10,10],"gold":51,"neow_bonus":"THREE_ENEMY_KILL","is_prod":false,"is_daily":false,"chose_seed":false,"campfire_upgraded":2,"win_rate":0,"timestamp":1567794123,"path_taken":["M","?","M","?","?","E","?","R","T","M","$","M","M","?","R","BOSS"],"build_version":"2019-07-17","purchased_purges":1,"victory":false,"max_hp_per_floor":[75,75,75,75,75,85,85,85,85,85,85,85,85,85,85,85],"card_choices":[{"not_picked":["Iron Wave","Armaments","Seeing Red"],"picked":"SKIP","floor":1},{"not_picked":["Iron Wave","Heavy Blade","Cleave"],"picked":"SKIP","floor":3},{"not_picked":["Warcry","Combust","Pommel Strike"],"picked":"SKIP","floor":6},{"not_picked":["Havoc","Berserk"],"picked":"Disarm","floor":10},{"not_picked":["Twin Strike","Thunderclap","Warcry"],"picked":"SKIP","floor":12},{"not_picked":["Armaments","Warcry","Anger"],"picked":"SKIP","floor":13}],"player_experience":1148189,"relics_obtained":[{"floor":6,"key":"Pear"},{"floor":9,"key":"Anchor"}],"event_choices":[{"cards_removed":["Strike_R"],"damage_healed":0,"gold_gain":0,"player_choice":"Forget","damage_taken":0,"max_hp_gain":0,"max_hp_loss":0,"event_name":"Living Wall","floor":2,"gold_loss":0},{"cards_removed":["Defend_R"],"damage_healed":0,"gold_gain":0,"player_choice":"Card Removal","damage_taken":0,"max_hp_gain":0,"max_hp_loss":0,"event_name":"The Cleric","floor":4,"gold_loss":75},{"damage_healed":0,"gold_gain":0,"player_choice":"Success","damage_taken":11,"relics_obtained":["Dream Catcher"],"max_hp_gain":0,"max_hp_loss":0,"event_name":"Scrap Ooze","floor":5,"gold_loss":0},{"damage_healed":0,"gold_gain":0,"player_choice":"Take Damage","damage_taken":29,"relics_obtained":["Golden Idol"],"max_hp_gain":0,"max_hp_loss":0,"event_name":"Golden Idol","floor":7,"gold_loss":0}],"is_beta":false,"boss_relics":[],"items_purged_floors":[11],"is_endless":false,"potions_floor_spawned":[3,6,10],"killed_by":"The Guardian","ascension_level":25}