{"gold_per_floor":[119,131,131,206,131,131,131,163,163,193,193,209,228,240,240,316,316,335,335,365,379,393,393,425,445,445,445,462,462,492,492,492,492],"floor_reached":33,"playtime":981,"items_purged":["Strike_R"],"score":740,"play_id":"b4f7c754-a5f0-4c0b-a33d-9c013908fa23","local_time":"20190821192149","is_ascension_mode":true,"campfire_choices":[{"data":"Bash","floor":6,"key":"SMITH"},{"data":"Shockwave","floor":11,"key":"SMITH"},{"data":"Limit Break","floor":15,"key":"SMITH"},{"data":"True Grit","floor":23,"key":"SMITH"},{"data":"Battle Trance","floor":27,"key":"SMITH"},{"data":"Shrug It Off","floor":29,"key":"SMITH"},{"data":"Offering","floor":32,"key":"SMITH"}],"neow_cost":"NONE","seed_source_timestamp":160147151183563,"circlet_count":0,"master_deck":["AscendersBane","Strike_R","Strike_R","Strike_R","Defend_R","Defend_R","Defend_R","Defend_R","Bash+1","Shockwave+1","Battle Trance+1","Limit Break+1","Spot Weakness","Shrug It Off+1","Offering+1","True Grit+1","Writhe","Pain","Injury"],"relics":["Burning Blood","NeowsBlessing","Sundial","Bag of Preparation","Mercury Hourglass","Du-Vu Doll","Cursed Key","Tiny Chest","Incense Burner","Singing Bowl","Pocketwatch","Unceasing Top"],"potions_floor_usage":[16,21,33,33],"damage_taken":[{"damage":0,"enemies":"Cultist","floor":1,"turns":1},{"damage":0,"enemies":"Jaw Worm","floor":2,"turns":1},{"damage":0,"enemies":"Gremlin Nob","floor":8,"turns":1},{"damage":50,"enemies":"3 Sentries","floor":10,"turns":9},{"damage":0,"enemies":"Small Slimes","floor":12,"turns":2},{"damage":3,"enemies":"Blue Slaver","floor":13,"turns":3},{"damage":3,"enemies":"Looter","floor":14,"turns":4},{"damage":23,"enemies":"Slime Boss","floor":16,"turns":9},{"damage":28,"enemies":"Spheric Guardian","floor":18,"turns":5},{"damage":0,"enemies":"3 Byrds","floor":21,"turns":3},{"damage":18,"enemies":"3 Cultists","floor":22,"turns":6},{"damage":6,"enemies":"Gremlin Leader","floor":24,"turns":4},{"damage":8,"enemies":"Snecko","floor":25,"turns":5},{"damage":7,"enemies":"Snake Plant","floor":28,"turns":3},{"damage":23,"enemies":"Book of Stabbing","floor":30,"turns":5},{"damage":5,"enemies":"Champ","floor":33,"turns":6}],"seed_played":"-7104991448946683536","potions_obtained":[{"floor":2,"key":"SkillPotion"},{"floor":12,"key":"LiquidBronze"},{"floor":18,"key":"Block Potion"},{"floor":24,"key":"AttackPotion"},{"floor":25,"key":"Dexterity Potion"}],"is_trial":false,"path_per_floor":["M","M","T","?","$","R","?","E","T","E","R","M","M","M","R","B",null,"M","?","?","M","M","R","E","M","T","R","M","R","E","T","R","B"],"character_chosen":"IRONCLAD","items_purchased":[],"campfire_rested":0,"item_purchase_floors":[],"current_hp_per_floor":[74,75,75,64,64,64,64,70,70,26,26,32,35,38,38,21,62,40,40,40,46,34,34,34,32,32,32,33,33,18,18,18,13],"gold":492,"neow_bonus":"THREE_ENEMY_KILL","is_prod":false,"is_daily":false,"chose_seed":false,"campfire_upgraded":7,"win_rate":0,"timestamp":1566390109,"path_taken":["M","M","?","?","?","R","?","E","T","E","R","M","?","?","R","BOSS","M","?","?","?","M","R","E","?","T","R","M","R","E","?","R","BOSS"],"build_version":"2019-08-15","purchased_purges":1,"victory":false,"max_hp_per_floor":[75,75,75,75,75,75,75,75,75,75,75,75,75,75,75,75,75,75,75,75,75,75,75,75,75,75,75,77,77,79,79,79,79],"card_choices":[{"not_picked":["Sword Boomerang","True Grit"],"picked":"Shockwave","floor":1},{"not_picked":["Heavy Blade","Thunderclap"],"picked":"Battle Trance","floor":2},{"not_picked":["Shockwave","Combust","Metallicize"],"picked":"SKIP","floor":8},{"not_picked":["Evolve","Flex"],"picked":"Spot Weakness","floor":10},{"not_picked":["Iron Wave","Anger"],"picked":"Shrug It Off","floor":12},{"not_picked":["Wild Strike","Clothesline","Clash"],"picked":"SKIP","floor":13},{"not_picked":["Armaments","Pummel","Perfected Strike"],"picked":"SKIP","floor":14},{"not_picked":["Dark Embrace","Bludgeon"],"picked":"Offering","floor":16},{"not_picked":["Hemokinesis","Havoc","Anger"],"picked":"SKIP","floor":18},{"not_picked":["Pommel Strike","Flame Barrier","Reckless Charge"],"picked":"SKIP","floor":21},{"not_picked":["Fire Breathing+1","Flex","Headbutt"],"picked":"SKIP","floor":22},{"not_picked":["Hemokinesis","Berserk","Headbutt"],"picked":"SKIP","floor":24},{"not_picked":["Reckless Charge","Perfected Strike","Clothesline+1"],"picked":"SKIP","floor":25},{"not_picked":["Armaments+1","Sword Boomerang","Barricade"],"picked":"Singing Bowl","floor":28},{"not_picked":["Headbutt+1","Power Through","Entrench"],"picked":"Singing Bowl","floor":30}],"player_experience":1073335,"relics_obtained":[{"floor":3,"key":"Sundial"},{"floor":8,"key":"Bag of Preparation"},{"floor":9,"key":"Mercury Hourglass"},{"floor":10,"key":"Du-Vu Doll"},{"floor":24,"key":"Incense Burner"},{"floor":26,"key":"Singing Bowl"},{"floor":30,"key":"Pocketwatch"},{"floor":31,"key":"Unceasing Top"}],"event_choices":[{"damage_healed":0,"gold_gain":75,"player_choice":"Gather Gold","damage_taken":11,"max_hp_gain":0,"max_hp_loss":0,"event_name":"World of Goop","floor":4,"gold_loss":0},{"damage_healed":0,"gold_gain":0,"cards_transformed":["Strike_R"],"player_choice":"Transformed","damage_taken":0,"max_hp_gain":0,"max_hp_loss":0,"event_name":"Transmorgrifier","floor":7,"gold_loss":0,"cards_obtained":["Limit Break"]},{"damage_healed":0,"gold_gain":0,"player_choice":"Read","damage_taken":0,"max_hp_gain":0,"max_hp_loss":0,"event_name":"The Library","floor":19,"gold_loss":0,"cards_obtained":["True Grit"]},{"damage_healed":0,"gold_gain":0,"player_choice":"Opened","damage_taken":0,"relics_obtained":["Tiny Chest"],"max_hp_gain":0,"max_hp_loss":0,"event_name":"The Mausoleum","floor":20,"gold_loss":0,"cards_obtained":["Writhe"]}],"is_beta":true,"boss_relics":[{"not_picked":["Pandora\u0027s Box","Runic Pyramid"],"picked":"Cursed Key"}],"items_purged_floors":[5],"is_endless":false,"potions_floor_spawned":[2,12,18,24,25,30],"killed_by":"Champ","ascension_level":20}