{"gold_per_floor":[118,133,133,9,9,46,58,85,148,160,172,184,215,288,300,412,474,472,399,443,554,566],"floor_reached":22,"playtime":4253,"items_purged":[],"score":180,"play_id":"f4c22259-ac6d-4784-a475-b2786a337803","local_time":"20190527094044","is_ascension_mode":false,"campfire_choices":[{"data":"Forethought","floor":7.0,"key":"SMITH"},{"data":"Pommel Strike","floor":10.0,"key":"SMITH"},{"data":"Shrug It Off","floor":12.0,"key":"SMITH"},{"floor":15.0,"key":"REST"}],"neow_cost":"TEN_PERCENT_HP_LOSS","seed_source_timestamp":0,"circlet_count":0,"master_deck":["Strike_R","Strike_R","Strike_R","Strike_R+1","Strike_R","Defend_R+1","Defend_R","Defend_R","Defend_R","Bash","Forethought+1","Panacea","Heavy Blade","Pommel Strike+1","Metallicize","Shrug It Off","Metallicize","Shrug It Off+1","Pain","Iron Wave+1","Cleave","Feed","Armaments","Armaments"],"special_seed":0,"relics":["Burning Blood","MawBank","Boot","Potion Belt","WarpedTongs","Regal Pillow","Tiny House","Ice Cream","Red Mask"],"potions_floor_usage":[],"damage_taken":[{"damage":8.0,"enemies":"Jaw Worm","floor":1.0,"turns":4.0},{"damage":7.0,"enemies":"Small Slimes","floor":2.0,"turns":4.0},{"damage":34.0,"enemies":"Lagavulin","floor":6.0,"turns":9.0},{"damage":0.0,"enemies":"Cultist","floor":8.0,"turns":5.0},{"damage":5.0,"enemies":"Large Slime","floor":13.0,"turns":7.0},{"damage":14.0,"enemies":"Lagavulin Event","floor":14.0,"turns":8.0},{"damage":42.0,"enemies":"The Guardian","floor":16.0,"turns":18.0},{"damage":32.0,"enemies":"2 Thieves","floor":18.0,"turns":5.0},{"damage":47.0,"enemies":"Masked Bandits","floor":20.0,"turns":6.0},{"damage":14,"enemies":"Spheric Guardian","floor":22,"turns":6}],"seed_played":"6379353285644783045","potions_obtained":[{"floor":2.0,"key":"Explosive Potion"},{"floor":14.0,"key":"GamblersBrew"},{"floor":16.0,"key":"LiquidBronze"},{"floor":17.0,"key":"GamblersBrew"}],"is_trial":false,"path_per_floor":["M","M","?","$","?","E","R","M","T","R","?","R","M","?","R","B",null,"M","?","?","?","M"],"character_chosen":"IRONCLAD","items_purchased":["Metallicize","Shrug It Off"],"campfire_rested":1,"item_purchase_floors":[4,4],"current_hp_per_floor":[70,69,55,55,52,24,24,30,30,30,30,30,31,23,59,23,77,51,51,14,14,0],"gold":566,"neow_bonus":"RANDOM_COLORLESS_2","is_prod":false,"is_daily":false,"chose_seed":false,"campfire_upgraded":3,"win_rate":0,"timestamp":1558942844,"path_taken":["M","M","?","$","?","E","R","M","T","R","?","R","?","?","R","BOSS","M","?","?","?","M"],"build_version":"2019-01-23","purchased_purges":0,"victory":false,"max_hp_per_floor":[72,72,72,72,72,72,72,72,72,72,72,72,72,72,72,72,77,77,77,81,81,81],"card_choices":[{"not_picked":["Headbutt","Rupture"],"picked":"Heavy Blade","floor":1.0},{"not_picked":["Clash","Sword Boomerang"],"picked":"Pommel Strike","floor":2.0},{"not_picked":["Thunderclap","Combust"],"picked":"Metallicize","floor":6.0},{"not_picked":["Seeing Red","Hemokinesis"],"picked":"Shrug It Off","floor":8.0},{"not_picked":["Combust","Whirlwind"],"picked":"Iron Wave","floor":13.0},{"not_picked":["Thunderclap","Anger"],"picked":"Cleave","floor":14.0},{"not_picked":["Double Tap","Dark Embrace"],"picked":"Feed","floor":16.0},{"not_picked":["Searing Blow","Cleave"],"picked":"Armaments","floor":17.0},{"not_picked":["Wild Strike+1","Flex"],"picked":"Armaments","floor":18.0}],"player_experience":37215,"relics_obtained":[{"floor":6.0,"key":"Boot"},{"floor":9.0,"key":"Potion Belt"},{"floor":14.0,"key":"Regal Pillow"},{"floor":20.0,"key":"Red Mask"}],"event_choices":[{"damage_healed":0.0,"max_hp_gain":0.0,"max_hp_loss":0.0,"gold_gain":0.0,"event_name":"Shining Light","player_choice":"Entered Light","floor":3.0,"gold_loss":0.0,"damage_taken":14.0,"cards_upgraded":["Defend_R","Strike_R"]},{"damage_healed":0.0,"max_hp_gain":0.0,"max_hp_loss":0.0,"gold_gain":0.0,"event_name":"Scrap Ooze","player_choice":"Success","floor":5.0,"gold_loss":0.0,"damage_taken":3.0,"relics_obtained":["MawBank"]},{"damage_healed":0.0,"max_hp_gain":0.0,"max_hp_loss":0.0,"gold_gain":0.0,"event_name":"Accursed Blacksmith","player_choice":"Rummage","floor":11.0,"gold_loss":0.0,"damage_taken":0.0,"relics_obtained":["WarpedTongs"],"cards_obtained":["Pain"]},{"damage_healed":0.0,"max_hp_gain":0.0,"max_hp_loss":0.0,"gold_gain":0.0,"event_name":"Dead Adventurer","player_choice":"Searched \u00271\u0027 times","floor":14.0,"gold_loss":0.0,"damage_taken":0.0},{"damage_healed":0.0,"max_hp_gain":0.0,"max_hp_loss":0.0,"gold_gain":0.0,"event_name":"Addict","player_choice":"Obtained Relic","floor":19.0,"gold_loss":85.0,"damage_taken":0.0,"relics_obtained":["Ice Cream"]},{"damage_healed":0.0,"max_hp_gain":0.0,"max_hp_loss":0.0,"gold_gain":0.0,"event_name":"Masked Bandits","player_choice":"Fought Bandits","floor":20.0,"gold_loss":0.0,"damage_taken":0.0},{"damage_healed":0.0,"max_hp_gain":0.0,"max_hp_loss":0.0,"gold_gain":99.0,"event_name":"Nest","player_choice":"Stole From Cult","floor":21.0,"gold_loss":0.0,"damage_taken":0.0}],"is_beta":false,"boss_relics":[{"not_picked":["Snecko Eye","Eternal Feather"],"picked":"Tiny House"}],"items_purged_floors":[],"is_endless":false,"potions_floor_spawned":[2,14,16],"killed_by":"Spheric Guardian","ascension_level":0}