{"gold_per_floor":[144,204,204,254,314,419,479,479,479,539,644,704,764,869,869,1184,1184,1229,1229,1144,1144,1204,1294,1339,1429,1454,1454,1379,1424,799,844,844,1159,1159,1204,1204,1249,1252,426,516,561,561,561,651,711,711,711,756,756,756],"floor_reached":51,"playtime":2405,"items_purged":["Strike_G","Strike_G"],"score":994,"play_id":"a9517c7d-ae40-468f-a47c-6fd6c768cfa0","local_time":"20180722121503","daily_mods":["Allstar","Midas","Lethality"],"is_ascension_mode":false,"campfire_choices":[{"floor":8,"key":"REST"},{"floor":15,"key":"REST"},{"floor":27,"key":"REST"},{"floor":32,"key":"REST"},{"floor":42,"key":"REST"},{"floor":47,"key":"REST"},{"floor":49,"key":"REST"}],"neow_cost":"","seed_source_timestamp":0,"circlet_count":0,"master_deck":["Defend_G","Defend_G","Defend_G","Defend_G","Defend_G","Strike_G","Strike_G","Survivor","Neutralize","Enlightenment","HandOfGreed","Secret Technique","Swift Strike","Violence","Dagger Throw+1","Dodge and Roll","Terror","Dagger Spray","All Out Attack","Dagger Throw+1","PiercingWail","Cloak And Dagger","Tools of the Trade","Jack Of All Trades","Jack Of All Trades","Dagger Throw","Sucker Punch+1","Leg Sweep+1","Dagger Spray","Backflip","Die Die Die","Corpse Explosion","Sucker Punch+1","Blind+1","Discovery+1","Secret Weapon","Blur","Dagger Throw","Backflip","Tools of the Trade","Sucker Punch","PiercingWail","Dagger Throw+1","Outmaneuver+1","Writhe","Outmaneuver","Cloak And Dagger+1","Backstab"],"special_seed":17734,"relics":["Ring of the Snake","Pen Nib","Blood Vial","Bronze Scales","Omamori","Ninja Scroll","Calling Bell","Dream Catcher","Letter Opener","Gambling Chip","Regal Pillow","Bag of Preparation","Pear","Bag of Marbles","Juzu Bracelet","Whetstone","HandDrill","Black Star","The Specimen","War Paint","Potion Belt","Toolbox","Boot","Oddly Smooth Stone","Orichalcum","Mummified Hand","Question Card"],"potions_floor_usage":[6,6,23,25,25,33,33,40,44,44,44,50,50,50,50],"damage_taken":[{"damage":1,"enemies":"Jaw Worm","floor":1,"turns":3},{"damage":1,"enemies":"2 Louse","floor":2,"turns":2},{"damage":0,"enemies":"Cultist","floor":5,"turns":1},{"damage":7,"enemies":"Lagavulin","floor":6,"turns":6},{"damage":3,"enemies":"2 Fungi Beasts","floor":7,"turns":3},{"damage":8,"enemies":"Lots of Slimes","floor":10,"turns":4},{"damage":8,"enemies":"3 Sentries","floor":11,"turns":4},{"damage":0,"enemies":"Exordium Wildlife","floor":12,"turns":2},{"damage":0,"enemies":"Looter","floor":13,"turns":1},{"damage":7,"enemies":"Gremlin Nob","floor":14,"turns":3},{"damage":46,"enemies":"The Guardian","floor":16,"turns":7},{"damage":0,"enemies":"Shell Parasite","floor":18,"turns":1},{"damage":0,"enemies":"3 Byrds","floor":22,"turns":2},{"damage":0,"enemies":"Gremlin Leader","floor":23,"turns":4},{"damage":0,"enemies":"3 Cultists","floor":24,"turns":2},{"damage":27,"enemies":"Book of Stabbing","floor":25,"turns":3},{"damage":0,"enemies":"Centurion and Healer","floor":29,"turns":1},{"damage":0,"enemies":"Snecko","floor":31,"turns":2},{"damage":45,"enemies":"Automaton","floor":33,"turns":8},{"damage":0,"enemies":"3 Darklings","floor":35,"turns":1},{"damage":0,"enemies":"3 Shapes","floor":37,"turns":3},{"damage":13,"floor":38,"turns":1},{"damage":0,"enemies":"2 Orb Walkers","floor":40,"turns":1},{"damage":3,"enemies":"Spire Growth","floor":41,"turns":4},{"damage":0,"enemies":"Nemesis","floor":44,"turns":3},{"damage":17,"enemies":"Maw","floor":45,"turns":5},{"damage":7,"enemies":"4 Shapes","floor":48,"turns":3},{"damage":58,"enemies":"Donu and Deca","floor":50,"turns":9}],"seed_played":"-8213505433300872967","potions_obtained":[{"floor":2,"key":"Weak Potion"},{"floor":5,"key":"SkillPotion"},{"floor":10,"key":"GhostInAJar"},{"floor":12,"key":"Weak Potion"},{"floor":13,"key":"LiquidBronze"},{"floor":14,"key":"Dexterity Potion"},{"floor":18,"key":"Fire Potion"},{"floor":24,"key":"Fire Potion"},{"floor":29,"key":"SteroidPotion"},{"floor":33,"key":"Strength Potion"},{"floor":40,"key":"Block Potion"},{"floor":41,"key":"Swift Potion"},{"floor":45,"key":"LiquidBronze"},{"floor":48,"key":"Fire Potion"}],"is_trial":false,"path_per_floor":["M","M","?","T","M","E","M","R","T","M","E","M","M","E","R","B",null,"M","?","?","?","M","E","M","E","T","R","?","M","$","M","R","B",null,"M","?","M","?","$","E","M","R","T","E","M","?","R","M","R","B"],"character_chosen":"THE_SILENT","items_purchased":["Juzu Bracelet","Whetstone","HandDrill","FearPotion","War Paint","Potion Belt","Toolbox","Backflip","Ancient Potion","AttackPotion","Block Potion"],"campfire_rested":7,"item_purchase_floors":[30,30,30,30,39,39,39,39,39,39,39],"current_hp_per_floor":[69,68,68,68,68,61,60,70,70,62,56,58,60,55,70,24,70,70,70,70,49,51,53,59,44,44,80,80,80,80,80,80,35,80,80,70,72,61,61,63,62,80,80,80,63,80,80,73,80,22],"gold":756,"neow_bonus":"","is_prod":false,"is_daily":true,"chose_seed":false,"campfire_upgraded":0,"win_rate":0,"timestamp":1532236503,"path_taken":["M","M","?","?","M","E","M","R","T","M","E","M","?","E","R","BOSS","M","?","?","?","?","E","M","E","T","R","?","?","$","M","R","BOSS","M","?","M","?","$","E","M","R","T","E","M","?","R","M","R","BOSS"],"build_version":"2018-07-19","purchased_purges":2,"victory":true,"max_hp_per_floor":[70,70,70,70,70,70,70,70,70,70,70,70,70,70,70,70,70,70,70,70,70,70,70,70,80,80,80,80,80,80,80,80,80,80,80,80,80,80,80,80,80,80,80,80,80,80,80,80,80,80],"card_choices":[{"not_picked":["Dodge and Roll","Catalyst"],"picked":"Dagger Throw","floor":1},{"not_picked":["Bouncing Flask","Outmaneuver","Underhanded Strike"],"picked":"SKIP","floor":2},{"not_picked":["Reflex","Eviscerate"],"picked":"Dodge and Roll","floor":5},{"not_picked":["Prepared","Poisoned Stab","Grand Finale"],"picked":"SKIP","floor":6},{"not_picked":["Blur","Footwork"],"picked":"Terror","floor":7},{"not_picked":["PiercingWail","Sucker Punch"],"picked":"Dagger Spray","floor":10},{"not_picked":["Flying Knee","Quick Slash"],"picked":"All Out Attack","floor":11},{"not_picked":["Sucker Punch","Slice"],"picked":"Dagger Throw","floor":12},{"not_picked":["Prepared","Catalyst"],"picked":"PiercingWail","floor":13},{"not_picked":["Sucker Punch","All Out Attack"],"picked":"Cloak And Dagger","floor":14},{"not_picked":["Envenom","A Thousand Cuts"],"picked":"Tools of the Trade","floor":16},{"not_picked":["Masterful Stab+1","Accuracy","Prepared"],"picked":"SKIP","floor":18},{"not_picked":["Caltrops","Bouncing Flask"],"picked":"Dagger Throw","floor":22},{"not_picked":["Flying Knee","Underhanded Strike"],"picked":"Sucker Punch+1","floor":23},{"not_picked":["Terror","Predator","Reflex+1"],"picked":"SKIP","floor":24},{"not_picked":["Phantasmal Killer","Concentrate"],"picked":"Leg Sweep+1","floor":25},{"not_picked":["Choke","Dash"],"picked":"Dagger Spray","floor":29},{"not_picked":["Deflect","Bane"],"picked":"Backflip","floor":31},{"not_picked":["Reflex","Masterful Stab"],"picked":"Die Die Die","floor":32},{"not_picked":["Storm of Steel","Venomology"],"picked":"Corpse Explosion","floor":33},{"not_picked":["Dodge and Roll","Acrobatics+1"],"picked":"Sucker Punch+1","floor":35},{"not_picked":["Discovery","Jack Of All Trades"],"picked":"Blind","floor":36},{"not_picked":["Sadistic Nature","Enlightenment"],"picked":"Discovery","floor":36},{"not_picked":["Mayhem","PanicButton"],"picked":"Secret Weapon","floor":36},{"not_picked":["Accuracy","Well Laid Plans"],"picked":"Blur","floor":37},{"not_picked":["Well Laid Plans+1","Poisoned Stab"],"picked":"Dagger Throw","floor":38},{"not_picked":["Slice","Catalyst"],"picked":"Tools of the Trade","floor":40},{"not_picked":["Bane+1","Eviscerate+1"],"picked":"Sucker Punch","floor":41},{"not_picked":["Prepared","Slice+1"],"picked":"PiercingWail","floor":42},{"not_picked":["All Out Attack","PiercingWail+1"],"picked":"Dagger Throw+1","floor":44},{"not_picked":["Flying Knee","Eviscerate","Deadly Poison"],"picked":"Outmaneuver+1","floor":45},{"not_picked":["Calculated Gamble+1","Dodge and Roll","Backflip"],"picked":"Outmaneuver","floor":47},{"not_picked":["Outmaneuver","Dagger Spray","Prepared"],"picked":"Cloak And Dagger+1","floor":48},{"not_picked":["Infinite Blades","Quick Slash","Cloak And Dagger"],"picked":"Backstab","floor":49}],"player_experience":236922,"relics_obtained":[{"floor":4,"key":"Pen Nib"},{"floor":6,"key":"Blood Vial"},{"floor":9,"key":"Bronze Scales"},{"floor":11,"key":"Omamori"},{"floor":14,"key":"Ninja Scroll"},{"floor":17,"key":"Dream Catcher"},{"floor":17,"key":"Letter Opener"},{"floor":17,"key":"Gambling Chip"},{"floor":23,"key":"Bag of Preparation"},{"floor":25,"key":"Pear"},{"floor":26,"key":"Bag of Marbles"},{"floor":38,"key":"The Specimen"},{"floor":40,"key":"Boot"},{"floor":40,"key":"Oddly Smooth Stone"},{"floor":43,"key":"Orichalcum"},{"floor":44,"key":"Mummified Hand"},{"floor":44,"key":"Question Card"}],"event_choices":[{"event_name":"Living Wall","player_choice":"Forget","floor":3,"damage_taken":0},{"event_name":"Wheel of Change","player_choice":"Full Heal","floor":19,"damage_taken":0},{"event_name":"Addict","player_choice":"Obtained Relic","floor":20,"damage_taken":0},{"event_name":"Knowing Skull","player_choice":"CARD CARD ","floor":21,"damage_taken":0},{"event_name":"Beggar","player_choice":"Gave Gold","floor":28,"damage_taken":0},{"event_name":"SensoryStone","player_choice":"Memory 3","floor":36,"damage_taken":0},{"event_name":"Mysterious Sphere","player_choice":"Fight","floor":38,"damage_taken":0},{"event_name":"Winding Halls","player_choice":"Writhe","floor":46,"damage_taken":0}],"is_beta":true,"boss_relics":[{"not_picked":["Philosopher\u0027s Stone","Empty Cage"],"picked":"Calling Bell"},{"not_picked":["Orrery","Eternal Feather"],"picked":"Black Star"}],"items_purged_floors":[30,39],"is_endless":false,"potions_floor_spawned":[2,5,10,12,13,14,18,22,24,29,33,40,41,45,48],"ascension_level":0}