{"gold_per_floor":[112,65,65,122,133,166,166,11,82,82,108,120,120,135,135,231,231,245,260,7,25,45,45,45,0,24,57,30,30,30,30],"floor_reached":31,"playtime":2662,"items_purged":["Regret"],"score":354,"play_id":"4800d081-bce6-4a2e-b627-1467e0620ac2","local_time":"20190714145628","is_ascension_mode":true,"campfire_choices":[{"data":"Cold Snap","floor":7,"key":"SMITH"},{"data":"Cold Snap","floor":10,"key":"SMITH"},{"floor":15,"key":"REST"},{"floor":23,"key":"REST"}],"neow_cost":"NONE","seed_source_timestamp":181730376988663,"circlet_count":0,"master_deck":["Defend_B","Defend_B","Defend_B","Defend_B+1","Zap","Dualcast","Cold Snap+1","Cold Snap+1","Coolheaded+1","Gash","Capacitor","Auto Shields","Ball Lightning","Creative AI","Cold Snap+1","Defragment","Shame","Conserve Battery","Gash","Bite","Bite","Bite","Bite","Bite"],"relics":["FrozenCore","NeowsBlessing","Vajra","Tiny Chest","Incense Burner","Darkstone Periapt","Boot","Mummified Hand","Regal Pillow","Bag of Marbles","Bottled Flame"],"potions_floor_usage":[27,27],"damage_taken":[{"damage":0,"enemies":"Cultist","floor":1,"turns":1},{"damage":0,"enemies":"Jaw Worm","floor":5,"turns":1},{"damage":0,"enemies":"3 Sentries","floor":6,"turns":1},{"damage":24,"enemies":"Gremlin Nob","floor":11,"turns":5},{"damage":0,"enemies":"Small Slimes","floor":12,"turns":3},{"damage":0,"enemies":"3 Louse","floor":14,"turns":3},{"damage":57,"enemies":"Slime Boss","floor":16,"turns":11},{"damage":15,"enemies":"Chosen","floor":18,"turns":6},{"damage":4,"enemies":"3 Byrds","floor":19,"turns":6},{"damage":9,"enemies":"Sentry and Sphere","floor":21,"turns":8},{"damage":18,"enemies":"Centurion and Healer","floor":22,"turns":9},{"damage":43,"enemies":"Slavers","floor":27,"turns":8},{"damage":23,"enemies":"Gremlin Leader","floor":31,"turns":2}],"seed_played":"745080704526466952","potions_obtained":[{"floor":1,"key":"Dexterity Potion"},{"floor":12,"key":"Swift Potion"},{"floor":14,"key":"Ancient Potion"},{"floor":18,"key":"FocusPotion"}],"is_trial":false,"path_per_floor":["M","$","?","T","M","E","R","$","T","R","E","M","?","M","R","B",null,"M","M","$","M","M","R","?","?","T","E","$","?","$","E"],"character_chosen":"DEFECT","items_purchased":["Cold Snap","Capacitor","Mummified Hand","Gash"],"campfire_rested":2,"item_purchase_floors":[2,8,20,28],"current_hp_per_floor":[75,75,75,75,75,75,75,75,75,75,51,51,36,36,58,1,75,60,56,56,47,29,51,57,57,57,14,14,14,14,0],"gold":30,"neow_bonus":"THREE_ENEMY_KILL","is_prod":false,"is_daily":false,"chose_seed":false,"campfire_upgraded":2,"win_rate":0,"timestamp":1563108988,"path_taken":["M","$","?","?","M","E","R","$","T","R","E","?","?","M","R","BOSS","M","M","$","M","M","R","?","?","T","E","$","?","?","E"],"build_version":"2019-07-05","purchased_purges":1,"victory":false,"max_hp_per_floor":[75,75,75,75,75,75,75,75,75,75,75,75,75,75,75,75,75,75,75,75,75,75,75,81,81,81,81,81,56,56,56],"card_choices":[{"not_picked":["FTL","Steam"],"picked":"Cold Snap","floor":1},{"not_picked":["Heatsinks","Stack"],"picked":"Coolheaded","floor":5},{"not_picked":["Turbo","Beam Cell"],"picked":"Gash","floor":6},{"not_picked":["Undo","Sunder"],"picked":"Auto Shields","floor":11},{"not_picked":["Chill","Undo","Compile Driver"],"picked":"SKIP","floor":12},{"not_picked":["Turbo","Storm"],"picked":"Ball Lightning","floor":14},{"not_picked":["Rainbow","Electrodynamics"],"picked":"Creative AI","floor":16},{"not_picked":["Stack","Fusion+1","Beam Cell"],"picked":"SKIP","floor":18},{"not_picked":["Compile Driver","Steam"],"picked":"Cold Snap+1","floor":19},{"not_picked":["Steam","Go for the Eyes","Coolheaded"],"picked":"SKIP","floor":21},{"not_picked":["Genetic Algorithm+1","Compile Driver"],"picked":"Defragment","floor":22},{"not_picked":["FTL","Heatsinks"],"picked":"Conserve Battery","floor":27}],"player_experience":264808,"relics_obtained":[{"floor":4,"key":"Tiny Chest"},{"floor":6,"key":"Incense Burner"},{"floor":9,"key":"Darkstone Periapt"},{"floor":11,"key":"Boot"},{"floor":26,"key":"Bag of Marbles"},{"floor":27,"key":"Bottled Flame"}],"event_choices":[{"damage_healed":0,"gold_gain":0,"player_choice":"Box","damage_taken":0,"relics_obtained":["Vajra"],"max_hp_gain":0,"max_hp_loss":0,"event_name":"Big Fish","floor":3,"gold_loss":0,"cards_obtained":["Regret"]},{"damage_healed":0,"gold_gain":0,"player_choice":"Entered Light","damage_taken":15,"max_hp_gain":0,"max_hp_loss":0,"event_name":"Shining Light","floor":13,"gold_loss":0,"cards_upgraded":["Defend_B","Coolheaded"]},{"damage_healed":0,"gold_gain":0,"player_choice":"Stole Relic","damage_taken":0,"relics_obtained":["Regal Pillow"],"max_hp_gain":0,"max_hp_loss":0,"event_name":"Addict","floor":24,"gold_loss":0,"cards_obtained":["Shame"]},{"damage_healed":0,"gold_gain":0,"player_choice":"Paid Fearfully","damage_taken":0,"max_hp_gain":0,"max_hp_loss":0,"event_name":"Masked Bandits","floor":25,"gold_loss":45},{"damage_healed":0,"gold_gain":0,"player_choice":"Became a vampire","damage_taken":0,"max_hp_gain":0,"max_hp_loss":25,"event_name":"Vampires","floor":29,"gold_loss":0,"cards_obtained":["Bite","Bite","Bite","Bite","Bite"]}],"is_beta":false,"boss_relics":[{"not_picked":["Ectoplasm","Orrery"],"picked":"FrozenCore"}],"items_purged_floors":[8],"is_endless":false,"potions_floor_spawned":[1,12,14,18],"killed_by":"Gremlin Leader","ascension_level":3}