{"gold_per_floor":[12,23,23,23,36,36,96,21,21,21,21,31,31,31],"floor_reached":14,"playtime":219,"items_purged":[],"score":176,"play_id":"54351c40-57cd-4a35-93d7-84fb47508562","local_time":"20190828012631","is_ascension_mode":true,"campfire_choices":[{"data":"Neutralize","floor":6,"key":"SMITH"}],"neow_cost":"NO_GOLD","seed_source_timestamp":215278854402707,"circlet_count":0,"master_deck":["Strike_G","Strike_G","Strike_G","Strike_G","Defend_G","Defend_G","Defend_G","Defend_G","Survivor","Neutralize+1","AscMod:ascendersbane","Grand Finale","Backflip"],"relics":["Ring of the Snake","Golden Idol","Bottled Lightning"],"potions_floor_usage":[],"damage_taken":[{"damage":5,"enemies":"Small Slimes","floor":1,"turns":4},{"damage":7,"enemies":"Jaw Worm","floor":2,"turns":5},{"damage":0,"enemies":"2 Louse","floor":5,"turns":3},{"damage":23,"enemies":"Large Slime","floor":12,"turns":11}],"seed_played":"1248454604498582463","potions_obtained":[{"floor":2,"key":"Strength Potion"}],"is_trial":false,"path_per_floor":["M","M","?","?","M","R","?","?","T","?","$","M","?","?"],"character_chosen":"THE_SILENT","items_purchased":[],"campfire_rested":0,"item_purchase_floors":[],"current_hp_per_floor":[54,47,47,51,51,51,40,40,40,40,40,17,17,0],"gold":31,"neow_bonus":"THREE_RARE_CARDS","is_prod":false,"is_daily":false,"chose_seed":true,"campfire_upgraded":1,"win_rate":0,"timestamp":1566930391,"path_taken":["M","M","?","?","M","R","?","?","T","?","?","?","?","?"],"build_version":"2019-07-17","purchased_purges":0,"victory":false,"max_hp_per_floor":[66,66,60,65,65,65,65,65,65,65,65,65,65,65],"card_choices":[{"not_picked":["Storm of Steel","Night Terror"],"picked":"Grand Finale","floor":0},{"not_picked":["Quick Slash","Reflex","Cloak And Dagger"],"picked":"SKIP","floor":1},{"not_picked":["Endless Agony","Outmaneuver"],"picked":"Backflip","floor":2},{"not_picked":["Concentrate","Endless Agony","Setup"],"picked":"SKIP","floor":5},{"not_picked":["Skewer","Dagger Spray","Cloak And Dagger"],"picked":"SKIP","floor":12}],"player_experience":1101074,"relics_obtained":[{"floor":9,"key":"Bottled Lightning"}],"event_choices":[{"damage_healed":0,"gold_gain":0,"player_choice":"Lose Max HP","damage_taken":0,"relics_obtained":["Golden Idol"],"max_hp_gain":0,"max_hp_loss":6,"event_name":"Golden Idol","floor":3,"gold_loss":0},{"damage_healed":0,"gold_gain":0,"player_choice":"Donut","damage_taken":0,"max_hp_gain":5,"max_hp_loss":0,"event_name":"Big Fish","floor":4,"gold_loss":0},{"damage_healed":0,"gold_gain":75,"player_choice":"Gather Gold","damage_taken":11,"max_hp_gain":0,"max_hp_loss":0,"event_name":"World of Goop","floor":7,"gold_loss":0},{"cards_removed":["Strike_G"],"damage_healed":0,"gold_gain":0,"player_choice":"Card Removal","damage_taken":0,"max_hp_gain":0,"max_hp_loss":0,"event_name":"The Cleric","floor":8,"gold_loss":75},{"cards_removed":["Defend_G"],"damage_healed":0,"gold_gain":0,"player_choice":"Forget","damage_taken":0,"max_hp_gain":0,"max_hp_loss":0,"event_name":"Living Wall","floor":10,"gold_loss":0},{"damage_healed":0,"gold_gain":0,"player_choice":"Ignored","damage_taken":0,"max_hp_gain":0,"max_hp_loss":0,"event_name":"Liars Game","floor":13,"gold_loss":0}],"is_beta":false,"boss_relics":[],"items_purged_floors":[],"is_endless":false,"potions_floor_spawned":[2],"ascension_level":25}