{"gold_per_floor":[114,73,86,86,86,112,126,126,126,139,151,163,163,193,193,269,269,285,285,210,167,187,187,187,187,256,256,10,10,10,24,24,95,95,111,123,123,133,151,151,186,186,186,204,20,47,63,63],"floor_reached":48,"playtime":1677,"items_purged":["Doubt"],"score":1150,"play_id":"9928e102-a49a-4653-8475-b5a79e8887ac","local_time":"20190928083127","is_ascension_mode":true,"campfire_choices":[{"data":"Feed","floor":8.0,"key":"SMITH"},{"data":"Carnage","floor":15.0,"key":"SMITH"},{"data":"Demon Form","floor":23.0,"key":"SMITH"},{"data":"Metallicize","floor":25.0,"key":"SMITH"},{"data":"J.A.X.","floor":30.0,"key":"SMITH"},{"floor":32.0,"key":"REST"},{"data":"Heavy Blade","floor":40.0,"key":"SMITH"},{"floor":42.0,"key":"REST"}],"neow_cost":"NONE","seed_source_timestamp":0,"circlet_count":0,"master_deck":["AscendersBane","Strike_R+1","Strike_R+1","Strike_R+1","Defend_R+1","Defend_R+1","Defend_R+1","Defend_R+1","Bash+1","Disarm+1","Metallicize+1","Feed+1","Disarm","Metallicize","Carnage+1","Demon Form+1","Heavy Blade+1","Metallicize","J.A.X.+1","Inflame","Impervious","Inflame","Immolate","Ghostly Armor","Flame Barrier","Sword Boomerang+1","Shrug It Off","Sword Boomerang"],"special_seed":0,"relics":["Burning Blood","NeowsBlessing","Paper Frog","Whetstone","Velvet Choker","Darkstone Periapt","Cursed Key","Mango","Eternal Feather","Art of War"],"potions_floor_usage":[],"damage_taken":[{"damage":0.0,"enemies":"Cultist","floor":1.0,"turns":1.0},{"damage":0.0,"enemies":"Small Slimes","floor":3.0,"turns":1.0},{"damage":0.0,"enemies":"Lagavulin","floor":6.0,"turns":1.0},{"damage":8.0,"enemies":"2 Louse","floor":7.0,"turns":5.0},{"damage":14.0,"enemies":"Looter","floor":10.0,"turns":4.0},{"damage":1.0,"enemies":"2 Fungi Beasts","floor":11.0,"turns":4.0},{"damage":7.0,"enemies":"3 Louse","floor":12.0,"turns":7.0},{"damage":26.0,"enemies":"Gremlin Nob","floor":14.0,"turns":4.0},{"damage":45.0,"enemies":"Slime Boss","floor":16.0,"turns":14.0},{"damage":15.0,"enemies":"Shell Parasite","floor":18.0,"turns":7.0},{"damage":24.0,"enemies":"3 Byrds","floor":22.0,"turns":6.0},{"damage":7.0,"enemies":"Centurion and Healer","floor":31.0,"turns":6.0},{"damage":59.0,"enemies":"Collector","floor":33.0,"turns":9.0},{"damage":14.0,"enemies":"Orb Walker","floor":35.0,"turns":5.0},{"damage":5.0,"enemies":"3 Shapes","floor":36.0,"turns":2.0},{"damage":10.0,"enemies":"Writhing Mass","floor":38.0,"turns":7.0},{"damage":24.0,"enemies":"Maw","floor":39.0,"turns":7.0},{"damage":74.0,"enemies":"Giant Head","floor":41.0,"turns":7.0},{"damage":21.0,"enemies":"Sphere and 2 Shapes","floor":44.0,"turns":8.0},{"damage":38.0,"enemies":"Nemesis","floor":46.0,"turns":9.0},{"damage":18.0,"enemies":"3 Darklings","floor":47.0,"turns":4.0},{"damage":5,"enemies":"Writhing Mass","floor":48,"turns":2}],"seed_played":"-5992668181732824613","potions_obtained":[{"floor":3.0,"key":"Block Potion"},{"floor":10.0,"key":"SkillPotion"},{"floor":12.0,"key":"Fire Potion"},{"floor":14.0,"key":"Strength Potion"},{"floor":22.0,"key":"LiquidBronze"},{"floor":31.0,"key":"Dexterity Potion"},{"floor":33.0,"key":"PowerPotion"},{"floor":38.0,"key":"BloodPotion"},{"floor":39.0,"key":"Ancient Potion"},{"floor":46.0,"key":"Ancient Potion"}],"is_trial":false,"path_per_floor":["M","$","M","?","?","E","M","R","T","M","M","M","?","E","R","B",null,"M","?","?","$","M","R","?","R","T","?","$","$","R","M","R","B",null,"M","M","$","M","M","R","E","R","T","M","$","E","M","M"],"character_chosen":"IRONCLAD","items_purchased":["Metallicize","Metallicize","Inflame","Impervious","PowerPotion","SkillPotion"],"campfire_rested":2,"item_purchase_floors":[2,21,28,28,45,45],"current_hp_per_floor":[74,74,75,75,75,75,76,76,76,72,81,84,84,64,64,25,74,69,69,69,69,55,55,55,55,55,55,55,55,55,54,83,30,81,73,78,78,74,80,80,26,62,68,53,53,21,9,4],"gold":63,"neow_bonus":"THREE_ENEMY_KILL","is_prod":false,"is_daily":false,"chose_seed":false,"campfire_upgraded":6,"win_rate":0,"timestamp":1569684687,"path_taken":["M","$","M","?","?","E","?","R","T","M","M","M","?","E","R","BOSS","M","?","?","$","M","R","?","R","T","?","?","$","R","M","R","BOSS","M","?","$","M","M","R","E","R","T","M","$","E","M","M"],"build_version":"2019-09-27","purchased_purges":1,"victory":false,"max_hp_per_floor":[75,75,75,75,75,75,78,78,78,82,86,90,90,90,90,90,90,94,94,94,94,98,98,98,98,98,98,98,98,98,98,98,98,98,98,102,102,102,106,106,120,120,126,126,126,126,126,126],"card_choices":[{"not_picked":["Thunderclap","True Grit"],"picked":"Disarm","floor":1.0},{"not_picked":["Heavy Blade","Dropkick","Armaments"],"picked":"SKIP","floor":3.0},{"not_picked":["Clash","Iron Wave"],"picked":"Feed","floor":6.0},{"not_picked":["Body Slam","Clash"],"picked":"Disarm","floor":7.0},{"not_picked":["Dual Wield","Iron Wave","Burning Pact"],"picked":"SKIP","floor":10.0},{"not_picked":["Heavy Blade","Blood for Blood","Pummel"],"picked":"SKIP","floor":11.0},{"not_picked":["Seeing Red","Heavy Blade"],"picked":"Metallicize","floor":12.0},{"not_picked":["Rage","Shockwave"],"picked":"Carnage","floor":14.0},{"not_picked":["Double Tap","Reaper"],"picked":"Demon Form","floor":16.0},{"not_picked":["Dropkick","Armaments","Warcry"],"picked":"SKIP","floor":18.0},{"not_picked":["Thunderclap","Wild Strike","True Grit"],"picked":"SKIP","floor":22.0},{"not_picked":["Entrench","Corruption"],"picked":"Inflame","floor":31.0},{"not_picked":["Berserk","Double Tap"],"picked":"Immolate","floor":33.0},{"not_picked":["Headbutt","Flex+1"],"picked":"Ghostly Armor","floor":35.0},{"not_picked":["Havoc","Warcry"],"picked":"Flame Barrier","floor":36.0},{"not_picked":["Feed","Fire Breathing"],"picked":"Sword Boomerang+1","floor":38.0},{"not_picked":["Cleave+1","Reckless Charge","Burning Pact+1"],"picked":"SKIP","floor":39.0},{"not_picked":["Iron Wave","Feel No Pain","Dual Wield"],"picked":"SKIP","floor":41.0},{"not_picked":["Bloodletting","Twin Strike"],"picked":"Shrug It Off","floor":44.0},{"not_picked":["Ghostly Armor","Bloodletting"],"picked":"Sword Boomerang","floor":46.0},{"not_picked":["Perfected Strike","Havoc","Brutality"],"picked":"SKIP","floor":47.0}],"player_experience":1081462,"relics_obtained":[{"floor":6.0,"key":"Paper Frog"},{"floor":14.0,"key":"Whetstone"},{"floor":26.0,"key":"Darkstone Periapt"},{"floor":41.0,"key":"Mango"},{"floor":43.0,"key":"Eternal Feather"},{"floor":46.0,"key":"Art of War"}],"event_choices":[{"damage_healed":0.0,"max_hp_gain":0.0,"max_hp_loss":0.0,"gold_gain":0.0,"event_name":"Liars Game","player_choice":"Ignored","floor":4.0,"gold_loss":0.0,"damage_taken":0.0},{"cards_removed":["Strike_R"],"damage_healed":0.0,"max_hp_gain":0.0,"max_hp_loss":0.0,"gold_gain":0.0,"event_name":"Bonfire Elementals","player_choice":"Offered Basic","floor":5.0,"gold_loss":0.0,"damage_taken":0.0},{"damage_healed":0.0,"max_hp_gain":0.0,"max_hp_loss":0.0,"gold_gain":0.0,"event_name":"Living Wall","player_choice":"Grow","floor":13.0,"gold_loss":0.0,"damage_taken":0.0,"cards_upgraded":["Disarm"]},{"damage_healed":0.0,"max_hp_gain":0.0,"max_hp_loss":0.0,"gold_gain":0.0,"event_name":"The Library","player_choice":"Read","floor":19.0,"gold_loss":0.0,"damage_taken":0.0,"cards_obtained":["Heavy Blade"]},{"cards_removed":["Strike_R"],"damage_healed":0.0,"max_hp_gain":0.0,"max_hp_loss":0.0,"gold_gain":0.0,"event_name":"Beggar","player_choice":"Gave Gold","floor":20.0,"gold_loss":75.0,"damage_taken":0.0},{"damage_healed":0.0,"max_hp_gain":0.0,"max_hp_loss":0.0,"gold_gain":0.0,"event_name":"Back to Basics","player_choice":"Simplicity","floor":24.0,"gold_loss":0.0,"damage_taken":0.0,"cards_upgraded":["Strike_R","Strike_R","Defend_R","Defend_R","Defend_R","Defend_R"]},{"damage_healed":0.0,"max_hp_gain":0.0,"max_hp_loss":0.0,"gold_gain":0.0,"event_name":"Drug Dealer","player_choice":"Obtain J.A.X.","floor":27.0,"gold_loss":0.0,"damage_taken":0.0,"cards_obtained":["J.A.X."]}],"is_beta":true,"boss_relics":[{"not_picked":["Empty Cage","Coffee Dripper"],"picked":"Velvet Choker"},{"not_picked":["Runic Dome","SacredBark"],"picked":"Cursed Key"}],"items_purged_floors":[45],"is_endless":false,"potions_floor_spawned":[3,10,12,14,22,31,33,38,39,46],"killed_by":"Writhing Mass","ascension_level":20}