{"gold_per_floor":[113,20,20,35,54,54,75,75,75,88,127,52,67,83,83,172,172,187,187,187,187,200,200,219,219,242,260,2,33,33,54,54,144,144,163,163,163,176,176,176],"floor_reached":40,"playtime":2706,"items_purged":[],"score":841,"play_id":"6ad845d1-114f-4309-9a70-d770f1be0049","local_time":"20190524234245","is_ascension_mode":true,"campfire_choices":[{"data":"Zap","floor":6,"key":"SMITH"},{"data":"Genetic Algorithm","floor":8,"key":"SMITH"},{"data":"Coolheaded","floor":15,"key":"SMITH"},{"data":"Ghostly","floor":23,"key":"SMITH"},{"data":"Ghostly","floor":25,"key":"SMITH"},{"data":"Capacitor","floor":30,"key":"SMITH"},{"data":"Capacitor","floor":32,"key":"SMITH"}],"neow_cost":"NONE","seed_source_timestamp":177340022534552,"circlet_count":0,"master_deck":["AscendersBane","Zap+1","Leap","Glacier","Glacier","Genetic Algorithm+1","Coolheaded+1","Seek","Go for the Eyes","Darkness","Barrage","White Noise","Electrodynamics","Force Field","Melter","Gash","Ghostly+1","Ghostly+1","Ghostly","RitualDagger+1","Glacier+1","Glacier","Skim+1","Capacitor+1","Capacitor+1","Multi-Cast","Biased Cognition","Stack+1","Panacea","Dark Shackles","Flash of Steel"],"relics":["Cracked Core","Centennial Puzzle","Golden Idol","The Courier","Matryoshka","Pandora\u0027s Box","Pear","Strawberry","Anchor","Vajra","Nuclear Battery"],"potions_floor_usage":[11,11,11,16],"damage_taken":[{"damage":2,"enemies":"Jaw Worm","floor":1,"turns":4},{"damage":5,"enemies":"2 Louse","floor":4,"turns":3},{"damage":0,"enemies":"Cultist","floor":5,"turns":5},{"damage":0,"enemies":"2 Fungi Beasts","floor":7,"turns":4},{"damage":0,"enemies":"Blue Slaver","floor":10,"turns":4},{"damage":24,"enemies":"3 Sentries","floor":11,"turns":9},{"damage":0,"enemies":"Large Slime","floor":13,"turns":10},{"damage":1,"enemies":"2 Fungi Beasts","floor":14,"turns":4},{"damage":16,"enemies":"Slime Boss","floor":16,"turns":25},{"damage":0,"enemies":"Shell Parasite","floor":18,"turns":8},{"damage":4,"enemies":"2 Thieves","floor":22,"turns":4},{"damage":0,"enemies":"Centurion and Healer","floor":24,"turns":8},{"damage":0,"enemies":"Snecko","floor":27,"turns":8},{"damage":3,"enemies":"Gremlin Leader","floor":29,"turns":7},{"damage":0,"enemies":"Snake Plant","floor":31,"turns":3},{"damage":16,"enemies":"Collector","floor":33,"turns":11},{"damage":9,"enemies":"3 Shapes","floor":35,"turns":4},{"damage":4,"enemies":"Orb Walker","floor":38,"turns":5},{"damage":37,"enemies":"Reptomancer","floor":40,"turns":2}],"seed_played":"-3733490145175347642","potions_obtained":[{"floor":4,"key":"EntropicBrew"},{"floor":13,"key":"Dexterity Potion"},{"floor":14,"key":"FocusPotion"},{"floor":22,"key":"LiquidBronze"}],"is_trial":false,"path_per_floor":["M","$","?","M","M","R","M","R","T","M","E","?","M","M","R","B",null,"M","?","?","?","M","R","M","R","T","M","$","E","R","M","R","B",null,"M","?","?","M","?","E"],"character_chosen":"DEFECT","items_purchased":["Glacier","PowerPotion","Capacitor","Capacitor","Anchor"],"campfire_rested":0,"item_purchase_floors":[2,2,28,28,28],"current_hp_per_floor":[62,62,62,57,57,57,57,57,57,57,33,33,33,32,32,16,52,52,32,26,26,22,22,22,22,39,39,39,36,36,36,36,20,42,33,23,23,19,19,0],"gold":176,"neow_bonus":"RANDOM_COMMON_RELIC","is_prod":false,"is_daily":false,"chose_seed":false,"campfire_upgraded":7,"win_rate":0,"timestamp":1558755765,"path_taken":["M","$","?","M","M","R","M","R","T","M","E","?","M","M","R","BOSS","M","?","?","?","M","R","?","R","T","M","$","E","R","M","R","BOSS","M","?","?","M","?","E"],"build_version":"2019-01-23","purchased_purges":0,"victory":false,"max_hp_per_floor":[71,71,64,64,64,64,64,64,64,64,64,64,64,64,64,64,64,64,32,32,32,32,32,32,32,49,49,49,49,49,49,49,49,49,49,49,49,49,49,49],"card_choices":[{"not_picked":["Barrage","Rebound"],"picked":"Leap","floor":1},{"not_picked":["Sweeping Beam","Redo"],"picked":"Glacier","floor":4},{"not_picked":["Auto Shields","Fusion","Storm"],"picked":"SKIP","floor":5},{"not_picked":["Rebound","Recycle"],"picked":"Genetic Algorithm","floor":7},{"not_picked":["Glacier","Hello World","Conserve Battery"],"picked":"SKIP","floor":10},{"not_picked":["Glacier","Hello World","Conserve Battery"],"picked":"SKIP","floor":10},{"not_picked":["Turbo","All For One"],"picked":"Coolheaded","floor":11},{"not_picked":["Redo","Stack","Conserve Battery"],"picked":"SKIP","floor":13},{"not_picked":["Leap","Steam","BootSequence"],"picked":"SKIP","floor":14},{"not_picked":["Fission","Multi-Cast"],"picked":"Seek","floor":16},{"not_picked":["Beam Cell+1","Turbo"],"picked":"Gash","floor":18},{"not_picked":["Hologram","Sunder"],"picked":"Glacier+1","floor":22},{"not_picked":["Rip and Tear","Stack"],"picked":"Glacier","floor":24},{"not_picked":["Reinforced Body","Auto Shields+1"],"picked":"Skim+1","floor":27},{"not_picked":["Auto Shields","Glacier","Hello World"],"picked":"SKIP","floor":29},{"not_picked":["Self Repair","Gash"],"picked":"Multi-Cast","floor":31},{"not_picked":["Thunder Strike","Meteor Strike"],"picked":"Biased Cognition","floor":33},{"not_picked":["Auto Shields","Reprogram+1"],"picked":"Stack+1","floor":35},{"not_picked":["Secret Weapon","Jack Of All Trades"],"picked":"Panacea","floor":36},{"not_picked":["Finesse","Bandage Up"],"picked":"Dark Shackles","floor":36},{"not_picked":["Swift Strike","HandOfGreed"],"picked":"Flash of Steel","floor":36},{"not_picked":["Turbo+1","Force Field","Ball Lightning"],"picked":"SKIP","floor":38}],"player_experience":888834,"relics_obtained":[{"floor":9,"key":"The Courier"},{"floor":11,"key":"Matryoshka"},{"floor":26,"key":"Pear"},{"floor":26,"key":"Strawberry"},{"floor":29,"key":"Vajra"}],"event_choices":[{"damage_healed":0,"gold_gain":0,"player_choice":"Lose Max HP","damage_taken":0,"relics_obtained":["Golden Idol"],"max_hp_gain":0,"max_hp_loss":7,"event_name":"Golden Idol","floor":3,"gold_loss":0},{"cards_removed":["Defend_B"],"damage_healed":0,"gold_gain":0,"player_choice":"Card Removal","damage_taken":0,"max_hp_gain":0,"max_hp_loss":0,"event_name":"The Cleric","floor":12,"gold_loss":75},{"damage_healed":0,"gold_gain":0,"player_choice":"Became a Ghost","damage_taken":0,"max_hp_gain":0,"max_hp_loss":32,"event_name":"Ghosts","floor":19,"gold_loss":0,"cards_obtained":["Ghostly","Ghostly","Ghostly"]},{"damage_healed":0,"gold_gain":0,"player_choice":"Joined the Cult","damage_taken":6,"max_hp_gain":0,"max_hp_loss":0,"event_name":"Nest","floor":20,"gold_loss":0,"cards_obtained":["RitualDagger"]},{"damage_healed":0,"gold_gain":0,"player_choice":"Upgraded","damage_taken":0,"max_hp_gain":0,"max_hp_loss":0,"event_name":"Upgrade Shrine","floor":21,"gold_loss":0,"cards_upgraded":["RitualDagger"]},{"damage_healed":0,"gold_gain":0,"player_choice":"Memory 3","damage_taken":10,"max_hp_gain":0,"max_hp_loss":0,"event_name":"SensoryStone","floor":36,"gold_loss":0},{"damage_healed":0,"gold_gain":0,"player_choice":"Ignored","damage_taken":0,"max_hp_gain":0,"max_hp_loss":0,"event_name":"Tomb of Lord Red Mask","floor":37,"gold_loss":0},{"cards_removed":["Dualcast"],"damage_healed":0,"gold_gain":0,"player_choice":"Removed Skill","damage_taken":0,"max_hp_gain":0,"max_hp_loss":0,"event_name":"Falling","floor":39,"gold_loss":0}],"is_beta":false,"boss_relics":[{"not_picked":["Philosopher\u0027s Stone","Calling Bell"],"picked":"Pandora\u0027s Box"},{"not_picked":["Inserter","Busted Crown"],"picked":"Nuclear Battery"}],"items_purged_floors":[],"is_endless":false,"potions_floor_spawned":[4,7,10,13,14,22,27,29],"killed_by":"Reptomancer","ascension_level":20}