{"gold_per_floor":[109,120,132,151,151,151,162,193,218,218,244,257,270,270],"floor_reached":14,"playtime":437,"items_purged":[],"score":208,"play_id":"eb939da7-e743-4b5f-aaa6-d2ebeb9327cf","local_time":"20190927111422","is_ascension_mode":true,"campfire_choices":[{"data":"Uppercut","floor":6.0,"key":"SMITH"},{"floor":10.0,"key":"REST"}],"neow_cost":"NONE","seed_source_timestamp":903590009691300,"circlet_count":0,"master_deck":["AscendersBane","Strike_R","Strike_R","Strike_R","Strike_R","Strike_R","Defend_R","Defend_R","Defend_R","Defend_R","Bash","Armaments+1","Metallicize","Uppercut+1","Wild Strike","Metallicize","Feed","Ghostly Armor","Spot Weakness"],"special_seed":0,"relics":["Burning Blood","Bronze Scales","Smiling Mask","Omamori"],"potions_floor_usage":[],"damage_taken":[{"damage":6.0,"enemies":"Jaw Worm","floor":1.0,"turns":6.0},{"damage":3.0,"enemies":"Cultist","floor":2.0,"turns":4.0},{"damage":0.0,"enemies":"Small Slimes","floor":3.0,"turns":4.0},{"damage":46.0,"enemies":"Exordium Thugs","floor":4.0,"turns":7.0},{"damage":12.0,"enemies":"3 Louse","floor":7.0,"turns":5.0},{"damage":20.0,"enemies":"Gremlin Nob","floor":8.0,"turns":5.0},{"damage":27.0,"enemies":"Lagavulin","floor":11.0,"turns":7.0},{"damage":3.0,"enemies":"Blue Slaver","floor":12.0,"turns":5.0},{"damage":0.0,"enemies":"Large Slime","floor":13.0,"turns":5.0},{"damage":29,"enemies":"Gremlin Gang","floor":14,"turns":3}],"seed_played":"377127323339867432","potions_obtained":[{"floor":2.0,"key":"Energy Potion"},{"floor":3.0,"key":"ElixirPotion"},{"floor":7.0,"key":"PowerPotion"}],"is_trial":false,"path_per_floor":["M","M","M","M","?","R","M","E","T","R","E","M","M","M"],"character_chosen":"IRONCLAD","items_purchased":[],"campfire_rested":1,"item_purchase_floors":[],"current_hp_per_floor":[68,71,75,35,35,35,29,15,15,37,16,19,25,0],"gold":270,"neow_bonus":"THREE_CARDS","is_prod":false,"is_daily":false,"chose_seed":false,"campfire_upgraded":1,"win_rate":0,"timestamp":1569608062,"path_taken":["M","M","M","M","?","R","M","E","T","R","E","M","?","M"],"build_version":"2019-09-26","purchased_purges":0,"victory":false,"max_hp_per_floor":[75,75,75,75,75,75,75,75,75,75,75,75,75,75],"card_choices":[{"not_picked":["Cleave","Flex"],"picked":"Armaments","floor":0.0},{"not_picked":["Clash","Flame Barrier"],"picked":"Metallicize","floor":1.0},{"not_picked":["Armaments","Clothesline"],"picked":"Uppercut","floor":2.0},{"not_picked":["Cleave","Bloodletting","Sword Boomerang"],"picked":"SKIP","floor":3.0},{"not_picked":["Warcry","Whirlwind"],"picked":"Wild Strike","floor":4.0},{"not_picked":["Havoc","Headbutt"],"picked":"Metallicize","floor":7.0},{"not_picked":["Barricade","Reckless Charge"],"picked":"Feed","floor":8.0},{"not_picked":["Twin Strike","Thunderclap"],"picked":"Ghostly Armor","floor":11.0},{"not_picked":["Inflame","Flex","Shockwave"],"picked":"SKIP","floor":12.0},{"not_picked":["Warcry","Bloodletting"],"picked":"Spot Weakness","floor":13.0}],"player_experience":1056855,"relics_obtained":[{"floor":8.0,"key":"Bronze Scales"},{"floor":9.0,"key":"Smiling Mask"},{"floor":11.0,"key":"Omamori"}],"event_choices":[{"damage_healed":0.0,"max_hp_gain":0.0,"max_hp_loss":0.0,"gold_gain":0.0,"event_name":"Upgrade Shrine","player_choice":"Upgraded","floor":5.0,"gold_loss":0.0,"damage_taken":0.0,"cards_upgraded":["Armaments"]}],"is_beta":true,"boss_relics":[],"items_purged_floors":[],"is_endless":false,"potions_floor_spawned":[2,3,7],"killed_by":"Gremlin Gang","ascension_level":20}