{"gold_per_floor":[215,225,245,245,261,261,319,319,319,345,345,379,393,101,101,178,178,195,195,195,207,38,71,71,104,173,192,192,203,221,238,238,238],"floor_reached":33,"playtime":4105,"items_purged":["Strike_G"],"score":593,"play_id":"e9bd10a5-b376-4b1c-992f-e2dcf996b7bb","local_time":"20190717171155","is_ascension_mode":true,"campfire_choices":[{"data":"Neutralize","floor":6,"key":"SMITH"},{"floor":8,"key":"REST"},{"floor":11,"key":"REST"},{"floor":15,"key":"REST"},{"floor":24,"key":"REST"},{"floor":28,"key":"REST"},{"floor":32,"key":"REST"}],"neow_cost":"NONE","seed_source_timestamp":317597339361661,"circlet_count":0,"master_deck":["AscendersBane","Survivor","Neutralize+1","Crippling Poison","Footwork","Distraction","Riddle With Holes","Dash","Well Laid Plans","Heel Hook","All Out Attack","Mayhem","Dagger Throw","Bullet Time","Deadly Poison","Malaise","Dodge and Roll","Adrenaline","Bouncing Flask","Acrobatics","Quick Slash","Expertise","Noxious Fumes","RitualDagger","Dodge and Roll","Bandage Up","Blur","Leg Sweep","Adrenaline","Well Laid Plans+1","Heel Hook","Bouncing Flask","Bane","Bane","Distraction"],"relics":["Ring of the Snake","Tiny Chest","Bronze Scales","Darkstone Periapt","Oddly Smooth Stone","Pandora\u0027s Box","Strawberry","Matryoshka","Dream Catcher","Happy Flower","Frozen Egg 2"],"potions_floor_usage":[5,7,7,16,27,29,33,33],"damage_taken":[{"damage":8,"enemies":"Small Slimes","floor":1,"turns":5},{"damage":2,"enemies":"2 Louse","floor":2,"turns":3},{"damage":1,"enemies":"Jaw Worm","floor":3,"turns":5},{"damage":0,"enemies":"Exordium Wildlife","floor":5,"turns":9},{"damage":10,"enemies":"3 Sentries","floor":7,"turns":13},{"damage":28,"enemies":"Gremlin Nob","floor":10,"turns":6},{"damage":17,"enemies":"3 Sentries","floor":12,"turns":9},{"damage":1,"enemies":"Red Slaver","floor":13,"turns":3},{"damage":37,"enemies":"Slime Boss","floor":16,"turns":11},{"damage":6,"enemies":"Spheric Guardian","floor":18,"turns":3},{"damage":13,"enemies":"2 Thieves","floor":21,"turns":4},{"damage":29,"enemies":"Book of Stabbing","floor":23,"turns":6},{"damage":14,"enemies":"Gremlin Leader","floor":25,"turns":7},{"damage":11,"enemies":"3 Cultists","floor":27,"turns":5},{"damage":7,"enemies":"Centurion and Healer","floor":29,"turns":6},{"damage":10,"enemies":"Snake Plant","floor":30,"turns":4},{"damage":13,"enemies":"Snecko","floor":31,"turns":4},{"damage":54,"enemies":"Collector","floor":33,"turns":6}],"seed_played":"-2256747161856408311","potions_obtained":[{"floor":1,"key":"EssenceOfSteel"},{"floor":2,"key":"Ancient Potion"},{"floor":3,"key":"Dexterity Potion"},{"floor":5,"key":"SteroidPotion"},{"floor":12,"key":"Explosive Potion"},{"floor":23,"key":"Weak Potion"},{"floor":25,"key":"GamblersBrew"},{"floor":29,"key":"SteroidPotion"},{"floor":31,"key":"AttackPotion"}],"is_trial":false,"path_per_floor":["M","M","M","?","M","R","E","R","T","E","R","E","M","$","R","B",null,"M","?","T","M","$","E","R","E","T","M","R","M","M","M","R","B"],"character_chosen":"THE_SILENT","items_purchased":["Mayhem","Dagger Throw","Bandage Up","Blur"],"campfire_rested":6,"item_purchase_floors":[14,14,22,22],"current_hp_per_floor":[51,49,48,41,41,41,31,50,50,22,41,24,23,23,42,5,51,45,39,46,33,33,8,29,19,19,12,33,30,24,15,36,0],"gold":238,"neow_bonus":"HUNDRED_GOLD","is_prod":false,"is_daily":false,"chose_seed":false,"campfire_upgraded":1,"win_rate":0,"timestamp":1563401515,"path_taken":["M","M","M","?","M","R","E","R","T","E","R","E","M","$","R","BOSS","M","?","?","M","$","E","R","E","T","M","R","M","M","M","R","BOSS"],"build_version":"2019-07-05","purchased_purges":1,"victory":false,"max_hp_per_floor":[66,66,66,66,66,66,66,66,66,66,66,66,66,66,66,66,66,66,66,73,73,73,73,73,73,73,73,73,73,73,73,73,73],"card_choices":[{"not_picked":["Poisoned Stab","Blade Dance"],"picked":"Crippling Poison","floor":1},{"not_picked":["Heel Hook","Setup"],"picked":"Footwork","floor":2},{"not_picked":["Blade Dance","Flying Knee"],"picked":"Distraction","floor":3},{"not_picked":["Cloak And Dagger","Prepared"],"picked":"Riddle With Holes","floor":5},{"not_picked":["Cloak And Dagger","Acrobatics"],"picked":"Dash","floor":7},{"not_picked":["Unload","Backstab"],"picked":"Well Laid Plans","floor":10},{"not_picked":["Slice","Bane"],"picked":"Heel Hook","floor":12},{"not_picked":["Setup","Caltrops"],"picked":"All Out Attack","floor":13},{"not_picked":["Wraith Form v2","Die Die Die"],"picked":"Bullet Time","floor":16},{"not_picked":["Bouncing Flask","Quick Slash"],"picked":"Noxious Fumes","floor":18},{"not_picked":["Choke","Slice"],"picked":"Dodge and Roll","floor":21},{"not_picked":["Slice","Setup+1"],"picked":"Leg Sweep","floor":23},{"not_picked":["Flying Knee","Concentrate"],"picked":"Adrenaline","floor":25},{"not_picked":["Outmaneuver","Setup"],"picked":"Well Laid Plans+1","floor":27},{"not_picked":["Flechettes","Acrobatics"],"picked":"Heel Hook","floor":28},{"not_picked":["Quick Slash","Setup"],"picked":"Bouncing Flask","floor":29},{"not_picked":["Poisoned Stab","Acrobatics"],"picked":"Bane","floor":30},{"not_picked":["Quick Slash","Distraction"],"picked":"Bane","floor":31},{"not_picked":["Quick Slash","Eviscerate+1"],"picked":"Distraction","floor":32}],"player_experience":1570238,"relics_obtained":[{"floor":7,"key":"Tiny Chest"},{"floor":9,"key":"Bronze Scales"},{"floor":10,"key":"Darkstone Periapt"},{"floor":12,"key":"Oddly Smooth Stone"},{"floor":20,"key":"Strawberry"},{"floor":23,"key":"Matryoshka"},{"floor":25,"key":"Dream Catcher"},{"floor":26,"key":"Happy Flower"},{"floor":26,"key":"Frozen Egg 2"}],"event_choices":[{"cards_removed":["Strike_G"],"damage_healed":0,"gold_gain":0,"player_choice":"Card Removal","damage_taken":7,"max_hp_gain":0,"max_hp_loss":0,"event_name":"Golden Wing","floor":4,"gold_loss":0},{"damage_healed":0,"gold_gain":0,"player_choice":"Joined the Cult","damage_taken":6,"max_hp_gain":0,"max_hp_loss":0,"event_name":"Nest","floor":19,"gold_loss":0,"cards_obtained":["RitualDagger"]}],"is_beta":false,"boss_relics":[{"not_picked":["Ring of the Serpent","WristBlade"],"picked":"Pandora\u0027s Box"}],"items_purged_floors":[14],"is_endless":false,"potions_floor_spawned":[1,2,3,5,12,23,25,29,31],"killed_by":"Collector","ascension_level":17}