{"gold_per_floor":[144,144,159,174,189,219,394,394,444,92,122,137,152,167,167,267,267,294,306,44,44,59,74,74,89,139,169,184,184,214,229,229,329,329,344,359,374,398,51,81,96,126,126,126,126,36,36,0,0,0],"floor_reached":51,"playtime":2149,"items_purged":[],"score":1384,"play_id":"4ef5135c-df45-4cfd-bdd0-9cb15b2d0462","local_time":"20180929144939","daily_mods":["Shiny","Vintage","Careless"],"is_ascension_mode":false,"campfire_choices":[{"data":"Demon Form","floor":15.0,"key":"SMITH"},{"data":"Barricade","floor":32.0,"key":"SMITH"},{"data":"Double Tap","floor":44.0,"key":"SMITH"},{"floor":49.0,"key":"DIG"}],"neow_cost":"","seed_source_timestamp":0,"circlet_count":0,"master_deck":["Double Tap+1","Demon Form+1","Bludgeon+1","Feed","Limit Break+1","Barricade+1","Fiend Fire","Dark Embrace","Berserk","Impervious","Juggernaut","Reaper","Exhume","Offering","Immolate+1","Ghostly Armor+1","Doubt","True Grit","Feel No Pain","Havoc","Thunderclap","Normality","Writhe","Warcry","J.A.X.","Sword Boomerang+1","Shrug It Off+1","Cleave","Shockwave","Wild Strike","Reckless Charge","Dark Shackles","Sentinel","Heavy Blade+1","Finesse","Dramatic Entrance","Blind"],"special_seed":17803,"relics":["Burning Blood","Tiny Chest","Incense Burner","Kunai","Centennial Puzzle","Mango","Oddly Smooth Stone","Bag of Preparation","Sling","Pocketwatch","Boot","Paper Frog","Red Skull","Pantograph","Calling Bell","MawBank","Meat on the Bone","FossilizedHelix","Anchor","Blue Candle","Mummified Hand","Matryoshka","Bronze Scales","Vajra","War Paint","Bag of Marbles","Singing Bowl","Ice Cream","Juzu Bracelet","Question Card","Snecko Eye","Smiling Mask","Lantern","Pen Nib","Nunchaku","StoneCalendar","Shovel","Orichalcum","Bottled Tornado","Pear","Red Mask","Art of War"],"potions_floor_usage":[50,50],"damage_taken":[{"damage":0.0,"enemies":"Small Slimes","floor":1.0,"turns":1.0},{"damage":12.0,"enemies":"Cultist","floor":3.0,"turns":2.0},{"damage":6.0,"enemies":"Jaw Worm","floor":4.0,"turns":6.0},{"damage":0.0,"enemies":"2 Fungi Beasts","floor":5.0,"turns":1.0},{"damage":0.0,"enemies":"3 Sentries","floor":6.0,"turns":1.0},{"damage":1.0,"enemies":"Lagavulin","floor":11.0,"turns":3.0},{"damage":9.0,"enemies":"Large Slime","floor":12.0,"turns":3.0},{"damage":8.0,"enemies":"Exordium Thugs","floor":13.0,"turns":3.0},{"damage":20.0,"enemies":"Lots of Slimes","floor":14.0,"turns":5.0},{"damage":6.0,"enemies":"Hexaghost","floor":16.0,"turns":5.0},{"damage":0.0,"enemies":"Spheric Guardian","floor":18.0,"turns":3.0},{"damage":6.0,"enemies":"3 Byrds","floor":22.0,"turns":2.0},{"damage":0.0,"enemies":"Cultist and Chosen","floor":23.0,"turns":3.0},{"damage":11.0,"enemies":"Snake Plant","floor":25.0,"turns":2.0},{"damage":10.0,"enemies":"Book of Stabbing","floor":27.0,"turns":3.0},{"damage":0.0,"enemies":"Centurion and Healer","floor":28.0,"turns":2.0},{"damage":9.0,"enemies":"Slavers","floor":30.0,"turns":2.0},{"damage":1.0,"enemies":"Snecko","floor":31.0,"turns":3.0},{"damage":12.0,"enemies":"Champ","floor":33.0,"turns":5.0},{"damage":0.0,"enemies":"Orb Walker","floor":35.0,"turns":1.0},{"damage":0.0,"enemies":"3 Darklings","floor":36.0,"turns":1.0},{"damage":54.0,"enemies":"Transient","floor":37.0,"turns":5.0},{"damage":2.0,"enemies":"Mysterious Sphere","floor":38.0,"turns":1.0},{"damage":15.0,"enemies":"Giant Head","floor":40.0,"turns":3.0},{"damage":4.0,"enemies":"Maw","floor":41.0,"turns":6.0},{"damage":7.0,"enemies":"2 Orb Walkers","floor":42.0,"turns":1.0},{"damage":14,"enemies":"Awakened One","floor":50,"turns":5}],"seed_played":"5914657231768522492","potions_obtained":[{"floor":3.0,"key":"Fire Potion"},{"floor":5.0,"key":"SneckoOil"},{"floor":11.0,"key":"BloodPotion"},{"floor":12.0,"key":"Strength Potion"},{"floor":14.0,"key":"Energy Potion"},{"floor":16.0,"key":"SmokeBomb"},{"floor":18.0,"key":"Strength Potion"},{"floor":23.0,"key":"PowerPotion"},{"floor":38.0,"key":"Swift Potion"},{"floor":42.0,"key":"FearPotion"}],"is_trial":false,"path_per_floor":["M","?","M","M","M","E","?","?","T","$","E","M","M","M","R","B",null,"M","?","$","T","M","M","?","M","T","E","M","?","E","M","R","B",null,"M","M","M","?","$","E","M","E","T","R","?","?","?","?","R","B"],"character_chosen":"IRONCLAD","items_purchased":["True Grit","Sling","Feel No Pain","Havoc","Blue Candle","Warcry","Fire Breathing","Shockwave","Wild Strike","Reckless Charge","Dark Shackles"],"campfire_rested":0,"item_purchase_floors":[10,10,10,10,20,20,39,39,39,39,39],"current_hp_per_floor":[80,80,83,86,86,100,100,93,93,93,98,95,96,96,96,99,109,109,109,109,109,109,109,109,107,107,112,112,112,112,118,118,120,120,120,120,84,120,120,111,116,115,125,125,115,115,115,115,115,125],"gold":0,"neow_bonus":"","is_prod":false,"is_daily":true,"chose_seed":false,"campfire_upgraded":3,"win_rate":0,"timestamp":1538207379,"path_taken":["M","?","M","M","M","E","?","?","T","$","E","M","M","M","R","BOSS","M","?","?","?","M","M","?","M","T","E","M","?","E","M","R","BOSS","M","M","M","?","$","E","M","E","T","R","?","?","?","?","R","BOSS"],"build_version":"2018-09-27","purchased_purges":0,"victory":true,"max_hp_per_floor":[80,80,83,86,86,100,100,100,100,100,100,100,103,106,106,109,109,109,109,109,109,109,109,109,112,112,112,112,112,115,118,118,120,120,120,120,120,120,120,120,123,123,133,133,133,133,133,133,133,133],"card_choices":[{"not_picked":["Armaments","Anger"],"picked":"Ghostly Armor","floor":6.0},{"not_picked":["Fire Breathing","Sentinel"],"picked":"Thunderclap","floor":11.0},{"not_picked":["Blood for Blood","Reckless Charge"],"picked":"Sword Boomerang+1","floor":27.0},{"not_picked":["Evolve","Pummel"],"picked":"Shrug It Off+1","floor":30.0},{"not_picked":["Fiend Fire","Berserk","Limit Break"],"picked":"Singing Bowl","floor":33.0},{"not_picked":["Reckless Charge","Perfected Strike+1","Havoc+1"],"picked":"Cleave","floor":38.0},{"not_picked":["Immolate","Reckless Charge","True Grit"],"picked":"Sentinel","floor":40.0},{"not_picked":["Perfected Strike","True Grit","Rage+1"],"picked":"Heavy Blade+1","floor":42.0},{"not_picked":["Trip","Madness","Forethought"],"picked":"Finesse","floor":45.0},{"not_picked":["Madness","Panache","Panacea"],"picked":"Dramatic Entrance","floor":45.0},{"not_picked":["Deep Breath","Good Instincts","Madness"],"picked":"Blind","floor":45.0}],"player_experience":386818,"relics_obtained":[{"floor":1.0,"key":"Tiny Chest"},{"floor":3.0,"key":"Incense Burner"},{"floor":4.0,"key":"Kunai"},{"floor":5.0,"key":"Centennial Puzzle"},{"floor":6.0,"key":"Mango"},{"floor":9.0,"key":"Bag of Preparation"},{"floor":11.0,"key":"Pocketwatch"},{"floor":12.0,"key":"Boot"},{"floor":13.0,"key":"Paper Frog"},{"floor":14.0,"key":"Red Skull"},{"floor":16.0,"key":"Pantograph"},{"floor":17.0,"key":"MawBank"},{"floor":17.0,"key":"Meat on the Bone"},{"floor":17.0,"key":"FossilizedHelix"},{"floor":18.0,"key":"Anchor"},{"floor":21.0,"key":"Mummified Hand"},{"floor":22.0,"key":"Matryoshka"},{"floor":23.0,"key":"Bronze Scales"},{"floor":25.0,"key":"Vajra"},{"floor":26.0,"key":"War Paint"},{"floor":26.0,"key":"Bag of Marbles"},{"floor":28.0,"key":"Singing Bowl"},{"floor":30.0,"key":"Ice Cream"},{"floor":31.0,"key":"Juzu Bracelet"},{"floor":33.0,"key":"Question Card"},{"floor":35.0,"key":"Smiling Mask"},{"floor":36.0,"key":"Lantern"},{"floor":37.0,"key":"Pen Nib"},{"floor":38.0,"key":"Nunchaku"},{"floor":40.0,"key":"StoneCalendar"},{"floor":41.0,"key":"Shovel"},{"floor":42.0,"key":"Orichalcum"},{"floor":43.0,"key":"Bottled Tornado"},{"floor":43.0,"key":"Pear"},{"floor":49.0,"key":"Art of War"}],"event_choices":[{"event_name":"Upgrade Shrine","player_choice":"Upgraded","floor":2.0,"damage_taken":0.0},{"event_name":"Liars Game","player_choice":"agreed","floor":7.0,"damage_taken":0.0},{"event_name":"Scrap Ooze","player_choice":"success","floor":8.0,"damage_taken":7.0},{"event_name":"Back to Basics","player_choice":"Elegance","floor":19.0,"damage_taken":0.0},{"event_name":"Drug Dealer","player_choice":"Got JAX","floor":24.0,"damage_taken":0.0},{"event_name":"Ghosts","player_choice":"Ignored","floor":29.0,"damage_taken":0.0},{"event_name":"Mysterious Sphere","player_choice":"Fight","floor":38.0,"damage_taken":0.0},{"event_name":"SensoryStone","player_choice":"Memory 3","floor":45.0,"damage_taken":0.0},{"event_name":"Designer","player_choice":"Full Service","floor":46.0,"damage_taken":0.0},{"event_name":"Falling","player_choice":"Removed Power","floor":47.0,"damage_taken":0.0},{"event_name":"Tomb of Lord Red Mask","player_choice":"Paid","floor":48.0,"damage_taken":0.0}],"is_beta":true,"boss_relics":[{"not_picked":["Busted Crown","Fusion Hammer"],"picked":"Calling Bell"},{"not_picked":["Black Star","Tiny House"],"picked":"Snecko Eye"}],"items_purged_floors":[],"is_endless":false,"potions_floor_spawned":[3,5,11,12,14,16,18,23,28,30,38,42],"ascension_level":0}