{"gold_per_floor":[16,29,29,29,29,29,49,109,178,178,193,252,3,21,21,123,123,136,136,148,159,7,7,25,25],"floor_reached":25,"playtime":2755,"items_purged":["Defend_G"],"score":203,"play_id":"2734f4aa-3599-499f-a316-6a567c2e6797","local_time":"20190527163259","is_ascension_mode":false,"campfire_choices":[{"data":"Blur","floor":6,"key":"SMITH"},{"data":"After Image","floor":10,"key":"SMITH"},{"data":"Catalyst","floor":15,"key":"SMITH"},{"floor":23,"key":"REST"}],"neow_cost":"NO_GOLD","seed_source_timestamp":23505584318241,"circlet_count":0,"master_deck":["Defend_G","Defend_G","Defend_G","Strike_G","Strike_G","Strike_G","Strike_G","Survivor","Neutralize","Deadly Poison","Catalyst+1","Regret","Blur+1","Die Die Die","Bane","After Image+1","Poisoned Stab","Leg Sweep","Crippling Poison","Deadly Poison","Deadly Poison","Wraith Form v2","Mind Blast","Prepared","Bouncing Flask","Deflect"],"relics":["Ring of the Snake","Vajra","PreservedInsect","Pantograph","Tiny Chest","Strawberry","White Beast Statue"],"potions_floor_usage":[20,21,21,21,21,21,25,25],"damage_taken":[{"damage":7,"enemies":"Jaw Worm","floor":1,"turns":6},{"damage":0,"enemies":"2 Louse","floor":2,"turns":5},{"damage":4,"enemies":"Cultist","floor":7,"turns":3},{"damage":9,"enemies":"3 Sentries","floor":8,"turns":6},{"damage":3,"enemies":"Looter","floor":11,"turns":4},{"damage":7,"enemies":"Gremlin Nob","floor":12,"turns":3},{"damage":0,"enemies":"Lots of Slimes","floor":14,"turns":1},{"damage":6,"enemies":"The Guardian","floor":16,"turns":6},{"damage":25,"enemies":"Spheric Guardian","floor":18,"turns":5},{"damage":22,"enemies":"2 Thieves","floor":20,"turns":4},{"damage":11,"enemies":"Snake Plant","floor":21,"turns":3},{"damage":1,"enemies":"Snecko","floor":24,"turns":5},{"damage":28,"enemies":"Shelled Parasite and Fungi","floor":25,"turns":2}],"seed_played":"-1144577660607627242","potions_obtained":[{"floor":2,"key":"SpeedPotion"},{"floor":7,"key":"Energy Potion"},{"floor":12,"key":"Dexterity Potion"},{"floor":14,"key":"SteroidPotion"},{"floor":20,"key":"EntropicBrew"},{"floor":21,"key":"SpeedPotion"},{"floor":24,"key":"SpeedPotion"}],"is_trial":false,"path_per_floor":["M","M","?","$","?","R","M","?","T","R","M","E","$","M","R","B",null,"M","?","M","M","$","R","M","M"],"character_chosen":"THE_SILENT","items_purchased":["Crippling Poison","Deadly Poison","Strawberry","Bouncing Flask"],"campfire_rested":1,"item_purchase_floors":[13,13,13,22],"current_hp_per_floor":[63,63,63,63,63,63,59,50,50,50,47,40,47,47,47,66,77,52,38,16,5,5,28,27,0],"gold":25,"neow_bonus":"REMOVE_TWO","is_prod":false,"is_daily":false,"chose_seed":false,"campfire_upgraded":3,"win_rate":0.0,"timestamp":1558967579,"path_taken":["M","M","?","$","?","R","?","?","T","R","M","E","$","M","R","BOSS","M","?","M","M","$","R","M","?"],"build_version":"2019-01-23","purchased_purges":1,"victory":false,"max_hp_per_floor":[70,70,70,70,70,70,70,70,70,70,70,70,77,77,77,77,77,77,77,77,77,77,77,77,77],"card_choices":[{"not_picked":["Dagger Throw","Outmaneuver"],"picked":"Deadly Poison","floor":1},{"not_picked":["Prepared","Calculated Gamble"],"picked":"Catalyst","floor":2},{"not_picked":["Slice","Calculated Gamble"],"picked":"Bane","floor":7},{"not_picked":["PiercingWail","Blade Dance"],"picked":"After Image","floor":8},{"not_picked":["Skewer","Underhanded Strike"],"picked":"Poisoned Stab","floor":11},{"not_picked":["Wraith Form v2","Flechettes"],"picked":"Leg Sweep","floor":12},{"not_picked":["Dodge and Roll","Outmaneuver"],"picked":"Deadly Poison","floor":14},{"not_picked":["Doppelganger","Malaise"],"picked":"Wraith Form v2","floor":16},{"not_picked":["Acrobatics","PiercingWail","Flying Knee"],"picked":"SKIP","floor":18},{"not_picked":["Dagger Throw+1","Underhanded Strike+1","Flying Knee"],"picked":"SKIP","floor":20},{"not_picked":["Envenom","PiercingWail"],"picked":"Prepared","floor":21},{"not_picked":["Quick Slash","Infinite Blades"],"picked":"Deflect","floor":24}],"player_experience":60284,"relics_obtained":[{"floor":9,"key":"Pantograph"},{"floor":12,"key":"Tiny Chest"}],"event_choices":[{"damage_healed":0,"gold_gain":0,"player_choice":"Box","damage_taken":0,"relics_obtained":["Vajra"],"max_hp_gain":0,"max_hp_loss":0,"event_name":"Big Fish","floor":3,"gold_loss":0,"cards_obtained":["Regret"]},{"damage_healed":0,"gold_gain":0,"player_choice":"2 cards matched","damage_taken":0,"max_hp_gain":0,"max_hp_loss":0,"event_name":"Match and Keep!","floor":5,"gold_loss":0,"cards_obtained":["Blur","Die Die Die"]},{"damage_healed":0,"gold_gain":0,"player_choice":"Searched \u00272\u0027 times","damage_taken":0,"relics_obtained":["PreservedInsect"],"max_hp_gain":0,"max_hp_loss":0,"event_name":"Dead Adventurer","floor":8,"gold_loss":0},{"damage_healed":0,"gold_gain":0,"player_choice":"CARD ","damage_taken":14,"max_hp_gain":0,"max_hp_loss":0,"event_name":"Knowing Skull","floor":19,"potions_obtained":[],"gold_loss":0,"cards_obtained":["Mind Blast"]}],"is_beta":false,"boss_relics":[{"not_picked":["Calling Bell","Runic Dome"],"picked":"White Beast Statue"}],"items_purged_floors":[22],"is_endless":false,"potions_floor_spawned":[2,7,12,14,18,20,21,24],"killed_by":"Shelled Parasite and Fungi","ascension_level":0}