{"gold_per_floor":[112,127,141,160,172,172,192,209,209,237,237,237],"floor_reached":12,"playtime":630,"items_purged":[],"score":168,"play_id":"300d345a-9d7e-4320-b7fd-a7c1b12ed0fe","local_time":"20190415191745","is_ascension_mode":true,"campfire_choices":[{"floor":6.0,"key":"REST"},{"floor":11,"key":"REST"}],"neow_cost":"TEN_PERCENT_HP_LOSS","seed_source_timestamp":264913544692376,"circlet_count":0,"master_deck":["AscendersBane","Defend_G","Defend_G","Defend_G","Defend_G","Defend_G","Strike_G","Strike_G","Strike_G","Survivor","Neutralize","Tools of the Trade","Dagger Throw","Cloak And Dagger","Caltrops","Caltrops","Deadly Poison","Poisoned Stab","Deflect"],"special_seed":0,"relics":["Ring of the Snake","Ornamental Fan","Boot"],"potions_floor_usage":[10,10],"damage_taken":[{"damage":0.0,"enemies":"Small Slimes","floor":1.0,"turns":5.0},{"damage":0.0,"enemies":"2 Louse","floor":2.0,"turns":4.0},{"damage":0.0,"enemies":"Cultist","floor":3.0,"turns":4.0},{"damage":14.0,"enemies":"Large Slime","floor":4.0,"turns":10.0},{"damage":36.0,"enemies":"Exordium Thugs","floor":5.0,"turns":7.0},{"damage":2.0,"enemies":"Red Slaver","floor":7.0,"turns":4.0},{"damage":0.0,"enemies":"Lots of Slimes","floor":8.0,"turns":2.0},{"damage":10,"enemies":"Lagavulin","floor":10,"turns":6},{"damage":38,"enemies":"3 Sentries","floor":12,"turns":6}],"seed_played":"5472867817366208411","potions_obtained":[{"floor":2.0,"key":"SpeedPotion"},{"floor":4.0,"key":"Explosive Potion"},{"floor":8.0,"key":"SteroidPotion"}],"is_trial":false,"path_per_floor":["M","M","M","M","M","R","M","M","T","E","R","E"],"character_chosen":"THE_SILENT","items_purchased":[],"campfire_rested":2,"item_purchase_floors":[],"current_hp_per_floor":[59,59,59,45,9,27,25,25,25,15,33,0],"gold":237,"neow_bonus":"TRANSFORM_TWO_CARDS","is_prod":false,"is_daily":false,"chose_seed":false,"campfire_upgraded":0,"win_rate":0,"timestamp":1555370265,"path_taken":["M","M","M","M","M","R","M","M","T","E","R","E"],"build_version":"2019-01-23","purchased_purges":0,"victory":false,"max_hp_per_floor":[60,60,60,60,60,60,60,60,60,60,60,60],"card_choices":[{"not_picked":["Backflip","Poisoned Stab"],"picked":"Cloak And Dagger","floor":1.0},{"not_picked":["Tactician","Slice","Prepared"],"picked":"SKIP","floor":2.0},{"not_picked":["Dodge and Roll","Prepared"],"picked":"Caltrops","floor":3.0},{"not_picked":["Riddle With Holes","Quick Slash"],"picked":"Caltrops","floor":4.0},{"not_picked":["Tactician","Eviscerate"],"picked":"Deadly Poison","floor":5.0},{"not_picked":["Heel Hook","Unload"],"picked":"Poisoned Stab","floor":7.0},{"not_picked":["All Out Attack","Underhanded Strike","Flying Knee"],"picked":"SKIP","floor":8.0},{"not_picked":["Setup","Blur"],"picked":"Deflect","floor":10}],"player_experience":700275,"relics_obtained":[{"floor":9.0,"key":"Ornamental Fan"},{"floor":10,"key":"Boot"}],"event_choices":[],"is_beta":false,"boss_relics":[],"items_purged_floors":[],"is_endless":false,"potions_floor_spawned":[2,4,5,8],"killed_by":"3 Sentries","ascension_level":20}