{"gold_per_floor":[367,383,394,407,424,424,483,448,448,448,477,477,508,527,527,601,601,619,619,636,636,22,22,33,33,82,82,94,110,138,153,153,153],"floor_reached":33,"playtime":1277,"items_purged":["Strike_R"],"score":578,"play_id":"8a32d8f3-a775-4359-b76b-07e7724026b1","local_time":"20190424235521","is_ascension_mode":true,"campfire_choices":[{"data":"Carnage","floor":6,"key":"SMITH"},{"data":"Demon Form","floor":10,"key":"SMITH"},{"floor":12,"key":"REST"},{"data":"Fiend Fire","floor":15,"key":"SMITH"},{"data":"Ghostly","floor":23,"key":"SMITH"},{"data":"Ghostly","floor":25,"key":"SMITH"},{"data":"Ghostly","floor":27,"key":"SMITH"},{"data":"True Grit","floor":32,"key":"SMITH"}],"neow_cost":"TEN_PERCENT_HP_LOSS","seed_source_timestamp":259075665196008,"circlet_count":0,"master_deck":["AscendersBane","Strike_R","Strike_R","Strike_R","Strike_R","Defend_R","Defend_R","Defend_R","Defend_R","Bash","Iron Wave","Pummel","Sword Boomerang","Carnage+1","True Grit+1","Demon Form+1","Fiend Fire+1","Twin Strike","Reaper","Headbutt","Ghostly+1","Ghostly+1","Ghostly+1","Corruption+1","Feel No Pain+1","Headbutt","Shrug It Off","Juggernaut+1","Inflame+1","Shrug It Off+1"],"relics":["Burning Blood","Tiny Chest","Dodecahedron","The Courier","Mark of Pain","Frozen Egg 2","Ice Cream","ClockworkSouvenir","Orichalcum","Mercury Hourglass"],"potions_floor_usage":[7,30,33],"damage_taken":[{"damage":14,"enemies":"Jaw Worm","floor":1,"turns":5},{"damage":7,"enemies":"Small Slimes","floor":2,"turns":5},{"damage":6,"enemies":"Cultist","floor":3,"turns":3},{"damage":26,"enemies":"Gremlin Gang","floor":4,"turns":7},{"damage":2,"enemies":"Looter","floor":5,"turns":3},{"damage":16,"enemies":"Lagavulin","floor":7,"turns":5},{"damage":27,"enemies":"Gremlin Nob","floor":11,"turns":4},{"damage":15,"enemies":"Lagavulin","floor":13,"turns":5},{"damage":7,"enemies":"2 Fungi Beasts","floor":14,"turns":4},{"damage":9,"enemies":"The Guardian","floor":16,"turns":8},{"damage":17,"enemies":"Spheric Guardian","floor":18,"turns":4},{"damage":26,"enemies":"Chosen","floor":20,"turns":5},{"damage":13,"enemies":"Snake Plant","floor":24,"turns":5},{"damage":0,"enemies":"Centurion and Healer","floor":28,"turns":5},{"damage":0,"enemies":"Cultist and Chosen","floor":29,"turns":6},{"damage":19,"enemies":"Book of Stabbing","floor":30,"turns":5},{"damage":9,"enemies":"Chosen and Byrds","floor":31,"turns":6},{"damage":21,"enemies":"Collector","floor":33,"turns":3}],"seed_played":"-2710365779034343560","potions_obtained":[{"floor":2,"key":"EssenceOfSteel"},{"floor":3,"key":"SpeedPotion"},{"floor":13,"key":"Strength Potion"},{"floor":24,"key":"Regen Potion"},{"floor":29,"key":"PowerPotion"},{"floor":30,"key":"SneckoOil"},{"floor":31,"key":"Weak Potion"}],"is_trial":false,"path_per_floor":["M","M","M","M","M","R","E","?","T","R","E","R","E","M","R","B",null,"M","?","M","T","$","R","M","R","T","R","M","M","E","M","R","B"],"character_chosen":"IRONCLAD","items_purchased":["Corruption+1","Ice Cream","ClockworkSouvenir","Feel No Pain+1"],"campfire_rested":1,"item_purchase_floors":[22,22,22,22],"current_hp_per_floor":[60,59,59,39,43,43,33,50,50,50,29,49,40,39,39,36,60,49,34,14,14,14,14,11,11,11,11,34,34,21,18,18,0],"gold":153,"neow_bonus":"TWO_FIFTY_GOLD","is_prod":false,"is_daily":false,"chose_seed":false,"campfire_upgraded":7,"win_rate":0,"timestamp":1556164521,"path_taken":["M","M","M","M","M","R","E","?","T","R","E","R","E","M","R","BOSS","M","?","M","?","$","R","M","R","T","R","M","M","E","?","R","BOSS"],"build_version":"2019-01-23","purchased_purges":1,"victory":false,"max_hp_per_floor":[68,68,68,68,68,68,68,68,68,68,68,68,68,68,68,68,68,68,34,34,34,34,34,34,34,34,34,34,34,34,34,34,34],"card_choices":[{"not_picked":["Clash","Dropkick"],"picked":"Iron Wave","floor":1},{"not_picked":["Heavy Blade","True Grit"],"picked":"Pummel","floor":2},{"not_picked":["Flex","Armaments"],"picked":"Sword Boomerang","floor":3},{"not_picked":["Shrug It Off","Pommel Strike"],"picked":"Carnage","floor":4},{"not_picked":["Barricade","Rage"],"picked":"True Grit","floor":5},{"not_picked":["Iron Wave","Spot Weakness"],"picked":"Demon Form","floor":7},{"not_picked":["Fire Breathing","Havoc","Hemokinesis"],"picked":"SKIP","floor":11},{"not_picked":["Seeing Red","Bludgeon"],"picked":"Fiend Fire","floor":13},{"not_picked":["Combust","Iron Wave"],"picked":"Twin Strike","floor":14},{"not_picked":["Offering","Dark Embrace"],"picked":"Reaper","floor":16},{"not_picked":["Twin Strike+1","Iron Wave"],"picked":"Headbutt","floor":18},{"not_picked":["Havoc","Heavy Blade","Sever Soul"],"picked":"SKIP","floor":20},{"not_picked":["Sever Soul","Burning Pact"],"picked":"Headbutt","floor":24},{"not_picked":["Whirlwind+1","Perfected Strike"],"picked":"Shrug It Off","floor":28},{"not_picked":["Sentinel","Perfected Strike"],"picked":"Juggernaut+1","floor":29},{"not_picked":["Rage","Warcry+1"],"picked":"Inflame+1","floor":30},{"not_picked":["Twin Strike","Corruption+1"],"picked":"Shrug It Off+1","floor":31}],"player_experience":780863,"relics_obtained":[{"floor":7,"key":"Tiny Chest"},{"floor":11,"key":"Dodecahedron"},{"floor":13,"key":"The Courier"},{"floor":21,"key":"Frozen Egg 2"},{"floor":26,"key":"Orichalcum"},{"floor":30,"key":"Mercury Hourglass"}],"event_choices":[{"damage_healed":17,"gold_gain":0,"player_choice":"Healed","damage_taken":0,"max_hp_gain":0,"max_hp_loss":0,"event_name":"The Cleric","floor":8,"gold_loss":35},{"damage_healed":0,"gold_gain":0,"player_choice":"Became a Ghost","damage_taken":0,"max_hp_gain":0,"max_hp_loss":34,"event_name":"Ghosts","floor":19,"gold_loss":0,"cards_obtained":["Ghostly","Ghostly","Ghostly"]}],"is_beta":false,"boss_relics":[{"not_picked":["Black Blood","Calling Bell"],"picked":"Mark of Pain"}],"items_purged_floors":[22],"is_endless":false,"potions_floor_spawned":[2,3,13,16,24,29,30,31],"killed_by":"Collector","ascension_level":20}