{"gold_per_floor":[113,132,132,132,132,165,165,201,201,226,226,28,52,71,71,190,190,210,226,325,189,214,214,254,254,277,277],"floor_reached":27,"playtime":2253,"items_purged":["Decay","Strike_B"],"score":301,"play_id":"82bd3889-a7ea-45d1-b2f1-c11f8422e423","local_time":"20180905213740","is_ascension_mode":true,"campfire_choices":[{"data":"Zap","floor":7,"key":"SMITH"},{"floor":11,"key":"REST"},{"floor":15,"key":"REST"},{"floor":23,"key":"REST"},{"data":"Dualcast","floor":25,"key":"SMITH"}],"neow_cost":"NONE","seed_source_timestamp":219097014982253,"circlet_count":0,"master_deck":["Strike_B","Defend_B","Defend_B","Defend_B+1","Defend_B+1","Zap+1","Dualcast+1","Cold Snap","Fission","Conserve Battery","Loop","Cold Snap","Tempest","Go for the Eyes","Echo Form","Machine Learning","Ball Lightning","FTL","Self Repair","All For One","Coolheaded","Clumsy"],"relics":["Empty Cage","Golden Idol","Peace Pipe","Sundial","Dead Branch","Cursed Key","Letter Opener","Juzu Bracelet"],"potions_floor_usage":[2,16,16,16,24,24],"damage_taken":[{"damage":0,"enemies":"Small Slimes","floor":1,"turns":3},{"damage":0,"enemies":"Cultist","floor":2,"turns":4},{"damage":25,"enemies":"Lagavulin","floor":6,"turns":10},{"damage":31,"enemies":"3 Sentries","floor":8,"turns":13},{"damage":1,"enemies":"2 Louse","floor":10,"turns":5},{"damage":3,"enemies":"Looter","floor":13,"turns":3},{"damage":1,"enemies":"Blue Slaver","floor":14,"turns":4},{"damage":6,"enemies":"The Guardian","floor":16,"turns":9},{"damage":13,"enemies":"Shell Parasite","floor":18,"turns":6},{"damage":21,"enemies":"Chosen","floor":19,"turns":5},{"damage":27,"enemies":"Snake Plant","floor":22,"turns":5},{"damage":13,"enemies":"Gremlin Leader","floor":24,"turns":7},{"damage":31,"enemies":"Slavers","floor":27,"turns":2}],"seed_played":"586904033682675010","potions_obtained":[{"floor":2,"key":"Fruit Juice"},{"floor":8,"key":"Weak Potion"},{"floor":10,"key":"AttackPotion"},{"floor":14,"key":"Swift Potion"},{"floor":19,"key":"Dexterity Potion"},{"floor":22,"key":"Fire Potion"}],"is_trial":false,"path_per_floor":["M","M","?","?","?","E","R","E","T","M","R","$","M","M","R","B",null,"M","M","?","$","M","R","E","R","T"],"character_chosen":"DEFECT","items_purchased":["Cold Snap","Tempest","Self Repair"],"campfire_rested":3,"item_purchase_floors":[12,12,21],"current_hp_per_floor":[75,80,80,64,64,39,39,8,8,7,29,29,26,25,47,41,66,53,32,32,32,12,34,28,28,28,0],"gold":277,"neow_bonus":"BOSS_RELIC","is_prod":false,"is_daily":false,"chose_seed":false,"campfire_upgraded":2,"win_rate":0,"timestamp":1536201460,"path_taken":["M","M","?","?","?","E","R","E","T","?","R","$","?","M","R","BOSS","M","?","?","$","M","R","E","R","T","E"],"build_version":"2018-08-30","purchased_purges":2,"victory":false,"max_hp_per_floor":[75,80,80,80,74,74,74,74,74,74,74,74,74,74,74,74,74,74,74,74,74,74,74,74,74,74,74],"card_choices":[{"not_picked":["Gash","Steam"],"picked":"Cold Snap","floor":1},{"not_picked":["Skim","Gash","Rebound"],"picked":"SKIP","floor":2},{"not_picked":["Steam Power","Coolheaded"],"picked":"Fission","floor":6},{"not_picked":["Static Discharge","Redo"],"picked":"Conserve Battery","floor":8},{"not_picked":["Stack","Redo"],"picked":"Loop","floor":10},{"not_picked":["Blizzard","Rip and Tear"],"picked":"Go for the Eyes","floor":13},{"not_picked":["Chill","Reinforced Body"],"picked":"Echo Form","floor":14},{"not_picked":["Fission","Biased Cognition"],"picked":"Machine Learning","floor":16},{"not_picked":["Static Discharge","Streamline"],"picked":"Ball Lightning","floor":18},{"not_picked":["Compile Driver","Streamline+1"],"picked":"FTL","floor":19},{"not_picked":["Self Repair","Recycle+1"],"picked":"All For One","floor":22},{"not_picked":["Static Discharge","Leap+1"],"picked":"Coolheaded","floor":24}],"player_experience":424456,"relics_obtained":[{"floor":6,"key":"Peace Pipe"},{"floor":8,"key":"Sundial"},{"floor":9,"key":"Dead Branch"},{"floor":24,"key":"Letter Opener"},{"floor":26,"key":"Juzu Bracelet"}],"event_choices":[{"event_name":"Match and Keep!","player_choice":"1 cards matched","floor":3,"damage_taken":0},{"event_name":"Shining Light","player_choice":"Entered Light","floor":4,"damage_taken":0},{"event_name":"Golden Idol","player_choice":"Lose Max HP","floor":5,"damage_taken":0},{"event_name":"Nest","player_choice":"Stole From Cult","floor":20,"damage_taken":0}],"is_beta":false,"boss_relics":[{"not_picked":["Nuclear Battery","Orrery"],"picked":"Cursed Key"}],"items_purged_floors":[12,21],"is_endless":false,"potions_floor_spawned":[2,8,10,14,19,22],"killed_by":"Slavers","ascension_level":5}