{"gold_per_floor":[20,30,43,63,63,63,97,114,114,140,140,154,187,199,199,274,274,288,288,307,155,155],"floor_reached":22,"playtime":922,"items_purged":["Pain"],"score":416,"play_id":"a0da2025-ba74-489a-b617-ea17ad6706d6","local_time":"20190518171037","is_ascension_mode":true,"campfire_choices":[{"data":"Immolate","floor":6,"key":"SMITH"},{"data":"Metallicize","floor":11,"key":"SMITH"},{"data":"Inflame","floor":15,"key":"SMITH"}],"neow_cost":"NO_GOLD","seed_source_timestamp":149393995709197,"circlet_count":0,"master_deck":["AscendersBane","Strike_R","Strike_R+1","Strike_R","Strike_R","Strike_R","Defend_R+1","Defend_R+1","Defend_R","Defend_R","Bash+1","Immolate+1","Combust","Thunderclap","Metallicize+1","Second Wind","Ghostly Armor","Feel No Pain","Inflame+1","Heavy Blade","Fiend Fire","Writhe","Writhe","True Grit","Demon Form","Feel No Pain"],"relics":["Burning Blood","War Paint","Lantern","Blood Vial","Paper Frog","Calling Bell","Orichalcum","Sundial","Nloth\u0027s Gift"],"potions_floor_usage":[7,10,22,22],"damage_taken":[{"damage":2,"enemies":"Jaw Worm","floor":1,"turns":3},{"damage":0,"enemies":"Small Slimes","floor":2,"turns":2},{"damage":1,"enemies":"Cultist","floor":3,"turns":3},{"damage":0,"enemies":"3 Louse","floor":4,"turns":1},{"damage":14,"enemies":"Lagavulin","floor":7,"turns":5},{"damage":9,"enemies":"Exordium Thugs","floor":8,"turns":3},{"damage":7,"enemies":"Gremlin Nob","floor":10,"turns":3},{"damage":0,"enemies":"2 Fungi Beasts","floor":12,"turns":1},{"damage":9,"enemies":"3 Sentries","floor":13,"turns":4},{"damage":0,"enemies":"Exordium Wildlife","floor":14,"turns":1},{"damage":53,"enemies":"Hexaghost","floor":16,"turns":9},{"damage":16,"enemies":"Chosen","floor":18,"turns":7},{"damage":30,"enemies":"Shell Parasite","floor":20,"turns":7},{"damage":43,"enemies":"Cultist and Chosen","floor":22,"turns":5}],"seed_played":"-8795845044411226307","potions_obtained":[{"floor":1,"key":"Energy Potion"},{"floor":3,"key":"Weak Potion"},{"floor":7,"key":"FearPotion"},{"floor":14,"key":"BloodPotion"},{"floor":16,"key":"Strength Potion"}],"is_trial":false,"path_per_floor":["M","M","M","M","?","R","E","M","T","E","R","M","E","M","R","B",null,"M","?","M","$","M"],"character_chosen":"IRONCLAD","items_purchased":["Feel No Pain"],"campfire_rested":0,"item_purchase_floors":[21],"current_hp_per_floor":[72,75,75,75,52,52,44,41,41,40,40,48,47,55,55,10,59,55,55,33,33,0],"gold":155,"neow_bonus":"THREE_RARE_CARDS","is_prod":false,"is_daily":false,"chose_seed":false,"campfire_upgraded":3,"win_rate":0,"timestamp":1558213837,"path_taken":["M","M","M","M","?","R","E","M","T","E","R","M","E","M","R","BOSS","M","?","?","$","M"],"build_version":"2019-01-23","purchased_purges":1,"victory":false,"max_hp_per_floor":[75,75,75,75,75,75,75,75,75,75,75,75,75,75,75,75,75,75,75,75,75,75],"card_choices":[{"not_picked":["Fiend Fire","Dark Embrace"],"picked":"Immolate","floor":0},{"not_picked":["Perfected Strike","Intimidate"],"picked":"Combust","floor":1},{"not_picked":["Clothesline","Infernal Blade","Wild Strike"],"picked":"SKIP","floor":2},{"not_picked":["Warcry","Dropkick"],"picked":"Thunderclap","floor":3},{"not_picked":["Wild Strike","True Grit"],"picked":"Metallicize","floor":4},{"not_picked":["Searing Blow","Pummel"],"picked":"Second Wind","floor":7},{"not_picked":["Pommel Strike","Thunderclap","Wild Strike"],"picked":"SKIP","floor":8},{"not_picked":["Heavy Blade","Carnage"],"picked":"Ghostly Armor","floor":10},{"not_picked":["Dual Wield","Headbutt"],"picked":"Feel No Pain","floor":12},{"not_picked":["Rage","Warcry"],"picked":"Inflame","floor":13},{"not_picked":["Dropkick","Wild Strike"],"picked":"Heavy Blade","floor":14},{"not_picked":["Impervious","Juggernaut"],"picked":"Fiend Fire","floor":16},{"not_picked":["Headbutt","Pommel Strike"],"picked":"True Grit","floor":18},{"not_picked":["Armaments","Sword Boomerang"],"picked":"Demon Form","floor":20}],"player_experience":842879,"relics_obtained":[{"floor":7,"key":"War Paint"},{"floor":9,"key":"Lantern"},{"floor":10,"key":"Blood Vial"},{"floor":13,"key":"Paper Frog"},{"floor":17,"key":"Orichalcum"},{"floor":17,"key":"Sundial"},{"floor":17,"key":"Magic Flower"}],"event_choices":[{"damage_healed":0,"gold_gain":0,"player_choice":"Entered Light","damage_taken":23,"max_hp_gain":0,"max_hp_loss":0,"event_name":"Shining Light","floor":5,"gold_loss":0,"cards_upgraded":["Bash","Strike_R"]},{"damage_healed":0,"gold_gain":0,"player_choice":"Traded Relic","damage_taken":0,"relics_obtained":["Nloth\u0027s Gift"],"max_hp_gain":0,"max_hp_loss":0,"event_name":"N\u0027loth","floor":19,"relics_lost":["Magic Flower"],"gold_loss":0}],"is_beta":false,"boss_relics":[{"not_picked":["Tiny House","Eternal Feather"],"picked":"Calling Bell"}],"items_purged_floors":[21],"is_endless":false,"potions_floor_spawned":[1,3,7,8,14,16,18,20],"killed_by":"Cultist and Chosen","ascension_level":20}