{"gold_per_floor":[111,124,141,155,155,155,189,189,213,240,252,268,294,310,310,415,415,431,450,3,14,14,14,45,64,111,111,111,126,51,51],"floor_reached":31,"playtime":1840,"items_purged":[],"score":332,"play_id":"c2f6e6b3-b10d-4939-8c8f-ef19b1f1ca69","local_time":"20190927042953","is_ascension_mode":true,"campfire_choices":[{"data":"Neutralize","floor":6,"key":"SMITH"},{"floor":8,"key":"REST"},{"floor":15,"key":"REST"},{"floor":23,"key":"REST"}],"neow_cost":"NONE","seed_source_timestamp":1257483275979000,"circlet_count":0,"master_deck":["Survivor","Neutralize+1","PiercingWail","Flying Knee","Deadly Poison","Bane","Infinite Blades","Blur","Sucker Punch","Blur","Deflect","Terror","Envenom","Crippling Poison","Unload","Endless Agony","All Out Attack","Caltrops","Acrobatics","Noxious Fumes","Predator","Finisher","Footwork","Noxious Fumes","Dash","Bouncing Flask","Backflip+1","Cloak And Dagger","Bite","Bite","Bite","Bite","Bite","Necronomicurse"],"relics":["Ring of the Snake","NeowsBlessing","Orichalcum","Pantograph","Bag of Marbles","Anchor","Pandora\u0027s Box","Vajra","Happy Flower","Dream Catcher","Necronomicon"],"potions_floor_usage":[7,12,12,16,21,21,24,29,31],"damage_taken":[{"damage":0,"enemies":"Cultist","floor":1,"turns":1},{"damage":0,"enemies":"2 Louse","floor":2,"turns":1},{"damage":0,"enemies":"Jaw Worm","floor":3,"turns":1},{"damage":6,"enemies":"3 Louse","floor":4,"turns":6},{"damage":25,"enemies":"3 Sentries","floor":7,"turns":10},{"damage":17,"enemies":"Lagavulin","floor":10,"turns":7},{"damage":0,"enemies":"Exordium Wildlife","floor":11,"turns":3},{"damage":8,"enemies":"Exordium Thugs","floor":12,"turns":5},{"damage":10,"enemies":"Gremlin Nob","floor":13,"turns":5},{"damage":0,"enemies":"Looter","floor":14,"turns":3},{"damage":35,"enemies":"Hexaghost","floor":16,"turns":10},{"damage":12,"enemies":"Spheric Guardian","floor":18,"turns":5},{"damage":2,"enemies":"Chosen","floor":19,"turns":6},{"damage":8,"enemies":"Shelled Parasite and Fungi","floor":21,"turns":4},{"damage":40,"enemies":"Slavers","floor":24,"turns":7},{"damage":8,"enemies":"Snecko","floor":25,"turns":4},{"damage":3,"enemies":"Snake Plant","floor":29,"turns":4},{"damage":12,"enemies":"3 Cultists","floor":31,"turns":4}],"seed_played":"-8819036171163898092","potions_obtained":[{"floor":2,"key":"Energy Potion"},{"floor":3,"key":"LiquidBronze"},{"floor":10,"key":"Poison Potion"},{"floor":13,"key":"AttackPotion"},{"floor":19,"key":"Poison Potion"},{"floor":21,"key":"SkillPotion"},{"floor":24,"key":"GhostInAJar"},{"floor":29,"key":"SteroidPotion"}],"is_trial":false,"path_per_floor":["M","M","M","M","T","R","E","R","T","E","M","M","E","M","R","B",null,"M","M","$","M","$","R","E","M","T","?","?","M","?","M"],"character_chosen":"THE_SILENT","items_purchased":["Vajra","Happy Flower","Noxious Fumes","Dash","Block Potion"],"campfire_rested":3,"item_purchase_floors":[20,20,20,20,20],"current_hp_per_floor":[70,70,70,64,64,64,39,60,60,43,43,35,25,25,46,35,70,58,56,56,48,48,69,29,21,21,21,5,8,8,0],"gold":51,"neow_bonus":"THREE_ENEMY_KILL","is_prod":false,"is_daily":false,"chose_seed":false,"campfire_upgraded":1,"win_rate":0,"timestamp":1569572993,"path_taken":["M","?","?","M","?","R","E","R","T","E","M","M","E","M","R","BOSS","M","M","$","?","?","R","E","M","T","?","?","M","?","M"],"build_version":"2019-07-17","purchased_purges":0,"victory":false,"max_hp_per_floor":[70,70,70,70,70,70,70,70,70,70,70,70,70,70,70,70,70,70,70,70,70,70,70,70,70,70,70,70,70,70,70],"card_choices":[{"not_picked":["Flying Knee","Riddle With Holes"],"picked":"PiercingWail","floor":1},{"not_picked":["Bane","Calculated Gamble"],"picked":"Flying Knee","floor":2},{"not_picked":["Slice","Quick Slash"],"picked":"Deadly Poison","floor":3},{"not_picked":["Quick Slash","PiercingWail"],"picked":"Bane","floor":4},{"not_picked":["Prepared","Dagger Spray"],"picked":"Infinite Blades","floor":7},{"not_picked":["Tools of the Trade","Caltrops"],"picked":"Blur","floor":10},{"not_picked":["Expertise","Quick Slash"],"picked":"Sucker Punch","floor":11},{"not_picked":["Cloak And Dagger","Dagger Throw"],"picked":"Blur","floor":12},{"not_picked":["Finisher","Outmaneuver"],"picked":"Deflect","floor":13},{"not_picked":["Dagger Throw","PiercingWail"],"picked":"Terror","floor":14},{"not_picked":["Phantasmal Killer","Tools of the Trade"],"picked":"Envenom","floor":16},{"not_picked":["Prepared","Cloak And Dagger"],"picked":"Footwork","floor":18},{"not_picked":["Flying Knee","Bane","Eviscerate+1"],"picked":"SKIP","floor":19},{"not_picked":["Accuracy","Distraction+1"],"picked":"Bouncing Flask","floor":21},{"not_picked":["Acrobatics","Die Die Die"],"picked":"Backflip+1","floor":24},{"not_picked":["Infinite Blades","Expertise"],"picked":"Cloak And Dagger","floor":25},{"not_picked":["Masterful Stab+1","Expertise","Tactician"],"picked":"SKIP","floor":29}],"player_experience":102282,"relics_obtained":[{"floor":5,"key":"Orichalcum"},{"floor":7,"key":"Pantograph"},{"floor":10,"key":"Bag of Marbles"},{"floor":13,"key":"Anchor"},{"floor":24,"key":"Dream Catcher"},{"floor":26,"key":"Blood Vial"},{"floor":28,"key":"Necronomicon"}],"event_choices":[{"damage_healed":0,"gold_gain":0,"player_choice":"Became a vampire (Vial)","damage_taken":0,"max_hp_gain":0,"max_hp_loss":0,"event_name":"Vampires","floor":27,"relics_lost":["Blood Vial"],"gold_loss":0,"cards_obtained":["Bite","Bite","Bite","Bite","Bite"]},{"damage_healed":0,"gold_gain":0,"player_choice":"Obtained Book","damage_taken":16,"max_hp_gain":0,"max_hp_loss":0,"event_name":"Cursed Tome","floor":28,"gold_loss":0},{"cards_removed":["Underhanded Strike"],"damage_healed":0,"gold_gain":0,"player_choice":"Gave Gold","damage_taken":0,"max_hp_gain":0,"max_hp_loss":0,"event_name":"Beggar","floor":30,"gold_loss":75}],"is_beta":false,"boss_relics":[{"not_picked":["Runic Pyramid","Empty Cage"],"picked":"Pandora\u0027s Box"}],"items_purged_floors":[],"is_endless":false,"potions_floor_spawned":[2,3,10,13,19,21,24,29],"killed_by":"3 Cultists","ascension_level":2}