{"gold_per_floor":[108,118,18,18,27,27,47,47,90,90,115,135,10,34,34,95,95,109,109,109,123,131,159,159,183,183,183,183,196,222,236,236,298,298,308,103,103,116,128,149,165,165,165,165,187,187,200,227,227,227,227],"floor_reached":52,"playtime":2113,"items_purged":["Strike_R","Strike_R","Decay"],"score":2392,"play_id":"2a346b10-7b82-4af5-a6e2-b5dba9a8c51a","local_time":"20190815215758","is_ascension_mode":true,"campfire_choices":[{"data":"Immolate","floor":6.0,"key":"SMITH"},{"data":"Fiend Fire","floor":8.0,"key":"SMITH"},{"data":"Shockwave","floor":10.0,"key":"SMITH"},{"data":"True Grit","floor":15.0,"key":"SMITH"},{"data":"Flame Barrier","floor":24.0,"key":"SMITH"},{"data":"Demon Form","floor":27.0,"key":"SMITH"},{"floor":32.0,"key":"REST"},{"data":"Spot Weakness","floor":42.0,"key":"SMITH"},{"data":"Defend_R","floor":44.0,"key":"SMITH"},{"data":"Defend_R","floor":46.0,"key":"SMITH"},{"data":"Strike_R","floor":49.0,"key":"SMITH"}],"neow_cost":"TEN_PERCENT_HP_LOSS","seed_source_timestamp":12116448249243,"circlet_count":0,"master_deck":["Strike_R","Strike_R","Strike_R+1","Defend_R+1","Defend_R+1","Defend_R+1","Defend_R+1","Bash+1","AscMod:ascendersbane","Immolate+1","Shockwave+1","Fiend Fire+1","Flame Barrier+1","True Grit+1","Spot Weakness+1","Demon Form+1","Whirlwind+1","Reaper+1","Bludgeon+1","Flame Barrier+1","Clothesline+1"],"special_seed":0,"relics":["Burning Blood","Ancient Tea Set","Pen Nib","Tiny Chest","War Paint","Odd Mushroom","Magic Flower","Snecko Eye","Bag of Preparation","Oddly Smooth Stone","Molten Egg 2","Mercury Hourglass","Velvet Choker","Bottled Tornado","Strawberry","Anchor","Orichalcum","Dream Catcher"],"potions_floor_usage":[51,51],"damage_taken":[{"damage":6.0,"enemies":"Cultist","floor":1.0,"turns":4.0},{"damage":0.0,"enemies":"Small Slimes","floor":2.0,"turns":2.0},{"damage":7.0,"enemies":"Jaw Worm","floor":5.0,"turns":3.0},{"damage":15.0,"enemies":"Lagavulin","floor":7.0,"turns":6.0},{"damage":0.0,"enemies":"3 Sentries","floor":11.0,"turns":2.0},{"damage":0.0,"enemies":"The Mushroom Lair","floor":12.0,"turns":1.0},{"damage":7.0,"enemies":"Lagavulin","floor":14.0,"turns":4.0},{"damage":20.0,"enemies":"Hexaghost","floor":16.0,"turns":7.0},{"damage":5.0,"enemies":"Shell Parasite","floor":18.0,"turns":3.0},{"damage":16.0,"enemies":"2 Thieves","floor":21.0,"turns":3.0},{"damage":2.0,"enemies":"Snake Plant","floor":22.0,"turns":2.0},{"damage":21.0,"enemies":"Book of Stabbing","floor":23.0,"turns":5.0},{"damage":20.0,"enemies":"Slavers","floor":25.0,"turns":3.0},{"damage":0.0,"enemies":"Snecko","floor":29.0,"turns":4.0},{"damage":23.0,"enemies":"Book of Stabbing","floor":30.0,"turns":5.0},{"damage":0.0,"enemies":"Centurion and Healer","floor":31.0,"turns":4.0},{"damage":11.0,"enemies":"Automaton","floor":33.0,"turns":5.0},{"damage":35.0,"enemies":"3 Darklings","floor":35.0,"turns":6.0},{"damage":6.0,"enemies":"3 Shapes","floor":38.0,"turns":2.0},{"damage":30.0,"enemies":"Spire Growth","floor":39.0,"turns":4.0},{"damage":13.0,"enemies":"Giant Head","floor":40.0,"turns":5.0},{"damage":0.0,"enemies":"Maw","floor":41.0,"turns":6.0},{"damage":45.0,"enemies":"Reptomancer","floor":45.0,"turns":4.0},{"damage":0.0,"enemies":"Writhing Mass","floor":47.0,"turns":5.0},{"damage":0.0,"enemies":"Nemesis","floor":48.0,"turns":3.0},{"damage":84.0,"enemies":"Awakened One","floor":50.0,"turns":13.0},{"damage":73,"enemies":"Donu and Deca","floor":51,"turns":8}],"seed_played":"-2980951137378529813","potions_obtained":[{"floor":2.0,"key":"SteroidPotion"},{"floor":5.0,"key":"FearPotion"},{"floor":11.0,"key":"Fire Potion"},{"floor":25.0,"key":"Strength Potion"},{"floor":33.0,"key":"EssenceOfSteel"},{"floor":38.0,"key":"SneckoOil"},{"floor":45.0,"key":"SteroidPotion"},{"floor":48.0,"key":"Swift Potion"}],"is_trial":false,"path_per_floor":["M","M","$","?","M","R","E","R","T","R","E","?","$","E","R","B",null,"M","?","$","M","M","E","R","E","T","R","?","M","E","M","R","B",null,"M","$","T","M","M","E","M","R","T","R","E","R","M","E","R","B","B",null],"character_chosen":"IRONCLAD","items_purchased":["Clothesline+1"],"campfire_rested":1,"item_purchase_floors":[36],"current_hp_per_floor":[67,68,68,50,48,48,38,38,38,38,43,48,48,46,46,34,55,58,58,58,50,56,43,43,31,31,31,31,39,24,32,48,45,59,68,68,68,68,64,65,73,73,73,73,75,75,75,75,75,67,35],"gold":227,"neow_bonus":"THREE_RARE_CARDS","is_prod":false,"is_daily":false,"chose_seed":false,"campfire_upgraded":10,"win_rate":0,"timestamp":1565881078,"path_taken":["M","?","$","?","M","R","E","R","T","R","E","?","?","E","R","BOSS","M","?","?","?","?","E","R","E","T","R","?","M","E","M","R","BOSS","M","$","?","M","M","E","M","R","T","R","E","R","M","E","R","BOSS","BOSS"],"build_version":"2019-07-18","purchased_purges":3,"victory":true,"max_hp_per_floor":[68,68,68,68,68,68,68,68,68,68,68,68,68,68,68,68,68,68,68,68,68,68,68,68,68,68,68,68,68,68,68,68,68,68,68,68,68,68,68,75,75,75,75,75,75,75,75,75,75,75,75],"card_choices":[{"not_picked":["Berserk","Fiend Fire"],"picked":"Immolate","floor":0.0},{"not_picked":["Body Slam","Warcry","Armaments"],"picked":"SKIP","floor":1.0},{"not_picked":["Infernal Blade","True Grit"],"picked":"Shockwave","floor":2.0},{"not_picked":["Pommel Strike","True Grit"],"picked":"Fiend Fire","floor":5.0},{"not_picked":["Warcry","Intimidate"],"picked":"Flame Barrier","floor":7.0},{"not_picked":["Clash","Cleave","Body Slam"],"picked":"SKIP","floor":11.0},{"not_picked":["Fire Breathing","Intimidate"],"picked":"True Grit","floor":14.0},{"not_picked":["Cleave","Infernal Blade","Pommel Strike"],"picked":"SKIP","floor":18.0},{"not_picked":["Combust","Thunderclap"],"picked":"Spot Weakness","floor":21.0},{"not_picked":["Body Slam","Rage+1","Perfected Strike"],"picked":"SKIP","floor":22.0},{"not_picked":["Heavy Blade+1","Warcry"],"picked":"Demon Form","floor":23.0},{"not_picked":["Sword Boomerang","Sever Soul","Sentinel"],"picked":"SKIP","floor":25.0},{"not_picked":["Armaments","Perfected Strike+1","Anger+1"],"picked":"SKIP","floor":29.0},{"not_picked":["Perfected Strike+1","Reckless Charge+1"],"picked":"Whirlwind+1","floor":30.0},{"not_picked":["Wild Strike+1","Warcry"],"picked":"Reaper+1","floor":31.0},{"not_picked":["Berserk","Juggernaut"],"picked":"Bludgeon+1","floor":33.0},{"not_picked":["Infernal Blade","Shrug It Off+1"],"picked":"Flame Barrier+1","floor":35.0},{"not_picked":["Dual Wield+1","Wild Strike+1","Rage+1"],"picked":"SKIP","floor":38.0},{"not_picked":["Havoc","Thunderclap+1","Carnage+1"],"picked":"SKIP","floor":39.0},{"not_picked":["Armaments","Clash+1","Heavy Blade+1"],"picked":"SKIP","floor":40.0},{"not_picked":["Sword Boomerang+1","Perfected Strike+1","Entrench"],"picked":"SKIP","floor":41.0},{"not_picked":["Thunderclap+1","True Grit","Sever Soul+1"],"picked":"SKIP","floor":45.0},{"not_picked":["Infernal Blade","Fiend Fire+1","Flex"],"picked":"SKIP","floor":47.0},{"not_picked":["Armaments+1","Intimidate+1","True Grit"],"picked":"SKIP","floor":48.0}],"player_experience":1064260,"relics_obtained":[{"floor":7.0,"key":"Pen Nib"},{"floor":9.0,"key":"Tiny Chest"},{"floor":11.0,"key":"War Paint"},{"floor":12.0,"key":"Odd Mushroom"},{"floor":14.0,"key":"Magic Flower"},{"floor":23.0,"key":"Bag of Preparation"},{"floor":25.0,"key":"Oddly Smooth Stone"},{"floor":26.0,"key":"Molten Egg 2"},{"floor":30.0,"key":"Mercury Hourglass"},{"floor":37.0,"key":"Bottled Tornado"},{"floor":40.0,"key":"Strawberry"},{"floor":43.0,"key":"Anchor"},{"floor":45.0,"key":"Orichalcum"},{"floor":48.0,"key":"Dream Catcher"}],"event_choices":[{"damage_healed":0.0,"max_hp_gain":0.0,"max_hp_loss":0.0,"gold_gain":0.0,"event_name":"Scrap Ooze","player_choice":"Success","floor":4.0,"gold_loss":0.0,"damage_taken":18.0,"relics_obtained":["Ancient Tea Set"]},{"damage_healed":0.0,"max_hp_gain":0.0,"max_hp_loss":0.0,"gold_gain":0.0,"event_name":"Mushrooms","player_choice":"Fought Mushrooms","floor":12.0,"gold_loss":0.0,"damage_taken":0.0},{"damage_healed":0.0,"max_hp_gain":0.0,"max_hp_loss":0.0,"gold_gain":0.0,"event_name":"Wheel of Change","player_choice":"Cursed","floor":19.0,"gold_loss":0.0,"damage_taken":0.0,"cards_obtained":["Decay"]},{"damage_healed":0.0,"max_hp_gain":0.0,"max_hp_loss":0.0,"gold_gain":0.0,"event_name":"Upgrade Shrine","player_choice":"Upgraded","floor":28.0,"gold_loss":0.0,"damage_taken":0.0,"cards_upgraded":["Bash"]}],"is_beta":true,"boss_relics":[{"not_picked":["VoidEssence"],"picked":"GraspOfShadows"},{"not_picked":["VoidEssence"],"picked":"GraspOfShadows"},{"not_picked":["Black Blood","Calling Bell"],"picked":"Snecko Eye"},{"not_picked":["TwistingMind"],"picked":"Scatterbrain"},{"not_picked":["TwistingMind"],"picked":"Scatterbrain"},{"not_picked":["Black Star","Empty Cage"],"picked":"Velvet Choker"}],"items_purged_floors":[3,13,36],"is_endless":false,"potions_floor_spawned":[2,5,11,14,22,25,31,33,38,45,47,48],"ascension_level":25}