{"path_per_floor":["M","M","M","?","M","E","R","?","T","E","M","T","M","E","R","B",null,"M","?","T","?","M","R","E","R","T","M","M","R","E","M","R"],"character_chosen":"DEFECT","items_purchased":[],"gold_per_floor":[114,129,144,144,159,189,189,189,214,244,259,284,299,329,329,429,429,444,444,469,469,484,484,514,514,539,554,569,569,599,614,614,614],"floor_reached":33,"campfire_rested":0,"playtime":1244,"item_purchase_floors":[],"current_hp_per_floor":[72,67,66,71,65,54,54,54,54,47,44,44,40,40,40,14,80,63,63,63,63,63,63,60,60,60,36,36,36,36,36,36,0],"items_purged":[],"gold":614,"score":407,"play_id":"2ddb6085-cbc9-45d1-bad4-cd224e8e186e","local_time":"20180621194737","daily_mods":["Diverse","Night Terrors","Hoarder"],"is_prod":false,"is_daily":true,"chose_seed":false,"is_ascension_mode":false,"campfire_upgraded":6,"win_rate":0,"timestamp":1529587057,"campfire_choices":[{"data":"Zap","floor":7,"key":"SMITH"},{"data":"Dualcast","floor":15,"key":"SMITH"},{"data":"Barricade","floor":23,"key":"SMITH"},{"data":"Barricade","floor":25,"key":"SMITH"},{"data":"Scrape","floor":29,"key":"SMITH"},{"data":"Scrape","floor":32,"key":"SMITH"}],"path_taken":["M","M","M","?","M","E","R","?","T","E","M","?","M","E","R","BOSS","M","?","?","?","M","R","E","R","T","M","M","R","E","M","R","BOSS"],"build_version":"2018-06-20v3","seed_source_timestamp":0,"purchased_purges":0,"circlet_count":0,"victory":false,"master_deck":["Strike_B","Strike_B","Strike_B","Strike_B","Defend_B","Defend_B","Defend_B","Defend_B","Zap+1","Dualcast+1","Scrape+1","Scrape","Scrape","BootSequence","BootSequence","BootSequence","Deflect","Deflect","Deflect","Go for the Eyes","Go for the Eyes","Go for the Eyes","Spot Weakness","Spot Weakness","Spot Weakness","Barricade+1","Barricade+1","Scrape+1","Scrape","Scrape","Leap+1","Leap+1","Leap+1","Armaments+1","Armaments+1","Armaments+1","FTL","FTL","FTL"],"max_hp_per_floor":[75,75,75,80,80,80,80,80,80,80,80,80,80,80,80,80,80,80,80,80,80,80,80,80,80,80,80,80,80,80,80,80,80],"special_seed":17703,"relics":["Cracked Core","Vajra","Boot","Oddly Smooth Stone","Ancient Tea Set","Bag of Preparation","Coffee Dripper","Potion Belt","Omamori","Dream Catcher","Blue Candle"],"card_choices":[{"not_picked":["Doom and Gloom","Rupture"],"picked":"Scrape","floor":1},{"not_picked":["Armaments","Ghostly Armor","Clothesline"],"picked":"SKIP","floor":2},{"not_picked":["Armaments","Iron Wave"],"picked":"BootSequence","floor":3},{"not_picked":["Consume","Chaos","Pommel Strike"],"picked":"SKIP","floor":5},{"not_picked":["Backflip","Disarm"],"picked":"Deflect","floor":6},{"not_picked":["BootSequence","Body Slam"],"picked":"Go for the Eyes","floor":10},{"not_picked":["Outmaneuver","Acrobatics"],"picked":"Spot Weakness","floor":11},{"not_picked":["Conserve Battery","Redo","Combust"],"picked":"SKIP","floor":13},{"not_picked":["Quick Slash","Armaments","Doppelganger"],"picked":"SKIP","floor":14},{"not_picked":["Hyperbeam","Phantasmal Killer"],"picked":"Barricade","floor":16},{"not_picked":["Anger","Rebound","Rupture"],"picked":"SKIP","floor":18},{"not_picked":["Rebound+1","Wild Strike"],"picked":"Leap+1","floor":22},{"not_picked":["Die Die Die","Havoc","Bullet Time"],"picked":"SKIP","floor":24},{"not_picked":["Cleave","Havoc","Armaments+1"],"picked":"SKIP","floor":27},{"not_picked":["Cleave","Havoc"],"picked":"Armaments+1","floor":27},{"not_picked":["Underhanded Strike","Intimidate"],"picked":"FTL","floor":28},{"not_picked":["Distraction","Bane","Go for the Eyes"],"picked":"SKIP","floor":30},{"not_picked":["All Out Attack+1","Go for the Eyes","Stack"],"picked":"SKIP","floor":31}],"player_experience":102879,"potions_floor_usage":[6,10,14,14,14,30],"damage_taken":[{"damage":3,"enemies":"Jaw Worm","floor":1,"turns":4},{"damage":5,"enemies":"Small Slimes","floor":2,"turns":3},{"damage":1,"enemies":"2 Louse","floor":3,"turns":3},{"damage":6,"enemies":"Exordium Thugs","floor":5,"turns":4},{"damage":11,"enemies":"Lagavulin","floor":6,"turns":7},{"damage":7,"enemies":"3 Sentries","floor":10,"turns":6},{"damage":3,"enemies":"Lots of Slimes","floor":11,"turns":4},{"damage":4,"enemies":"Blue Slaver","floor":13,"turns":3},{"damage":0,"enemies":"Lagavulin","floor":14,"turns":5},{"damage":26,"enemies":"Hexaghost","floor":16,"turns":6},{"damage":17,"enemies":"Shell Parasite","floor":18,"turns":6},{"damage":0,"enemies":"Spheric Guardian","floor":22,"turns":3},{"damage":3,"enemies":"Book of Stabbing","floor":24,"turns":5},{"damage":24,"enemies":"Snecko","floor":27,"turns":4},{"damage":0,"enemies":"3 Cultists","floor":28,"turns":6},{"damage":0,"enemies":"Slavers","floor":30,"turns":5},{"damage":0,"enemies":"Cultist and Chosen","floor":31,"turns":10},{"damage":36,"enemies":"Collector","floor":33,"turns":6}],"relics_obtained":[{"floor":6,"key":"Vajra"},{"floor":9,"key":"Boot"},{"floor":10,"key":"Oddly Smooth Stone"},{"floor":12,"key":"Ancient Tea Set"},{"floor":14,"key":"Bag of Preparation"},{"floor":20,"key":"Potion Belt"},{"floor":24,"key":"Omamori"},{"floor":26,"key":"Dream Catcher"},{"floor":30,"key":"Blue Candle"}],"event_choices":[{"event_name":"Big Fish","player_choice":"Donut","floor":4,"damage_taken":0},{"event_name":"The Woman in Blue","player_choice":"Bought 0 Potions","floor":8,"damage_taken":0},{"event_name":"Duplicator","player_choice":"One dupe","floor":19,"damage_taken":0},{"event_name":"Back to Basics","player_choice":"Elegance","floor":21,"damage_taken":0}],"boss_relics":[{"not_picked":["Pandora\u0027s Box","Orrery"],"picked":"Coffee Dripper"}],"items_purged_floors":[],"is_endless":false,"potions_floor_spawned":[1,3,6,10,13,16,27],"seed_played":"-2047804934668331113","killed_by":"Collector","ascension_level":0,"potions_obtained":[{"floor":1,"key":"Poison Potion"},{"floor":3,"key":"Dexterity Potion"},{"floor":6,"key":"Fire Potion"},{"floor":10,"key":"EssenceOfSteel"},{"floor":13,"key":"Poison Potion"},{"floor":16,"key":"Energy Potion"},{"floor":27,"key":"AttackPotion"}],"is_trial":false}