{"gold_per_floor":[129,129,184,239,239,289,239,294,369,369,439,439,488,543,543,663,663,678,778,813,186,186,216,251,281,281,296,331,366,366,381,381,501,501,516,1515,1515,1530,1585,1615,1615,31,56,86,86,101,0,30,30,30],"floor_reached":51,"playtime":3183,"items_purged":["Normality"],"score":1537,"play_id":"de5b7f05-6d65-4765-a43b-c4a3fb5c5bf2","local_time":"20180925152638","daily_mods":["Allstar","Cursed Run","Terminal"],"is_ascension_mode":false,"campfire_choices":[{"data":"True Grit","floor":10.0,"key":"SMITH"},{"data":"Shockwave","floor":12.0,"key":"SMITH"},{"data":"Disarm","floor":15.0,"key":"SMITH"},{"data":"Limit Break","floor":32,"key":"SMITH"},{"data":"True Grit","floor":41,"key":"SMITH"},{"data":"1","floor":45,"key":"LIFT"},{"data":"2","floor":49,"key":"LIFT"}],"neow_cost":"","seed_source_timestamp":0,"circlet_count":0,"master_deck":["Strike_R+1","Strike_R+1","Strike_R+1","Strike_R+1","Defend_R+1","Defend_R+1","Defend_R+1","Defend_R+1","Bash","HandOfGreed+1","Dramatic Entrance","Magnetism","Forethought+1","Master of Strategy","Feel No Pain","True Grit+1","Warcry","Pain","Clothesline","Exhume","Regret","Disarm+1","Shockwave+1","Clumsy","Feed","Battle Trance","Headbutt","Flame Barrier","Metallicize+1","True Grit+1","Blind","Pommel Strike+1","Armaments","Headbutt","Shame","Dropkick","Pummel+1","Limit Break+1","True Grit","Shame","Limit Break","True Grit+1","Normality","Headbutt+1","Body Slam+1","Cleave+1","Limit Break","True Grit","Secret Weapon","Warcry","True Grit","Parasite","Dark Embrace+1","Heavy Blade+1","Warcry","Cleave","Headbutt","Shrug It Off+1","Pain"],"special_seed":17799,"relics":["Cursed Key","Darkstone Periapt","Du-Vu Doll","WarpedTongs","Strawberry","Gremlin Horn","Turnip","Bird Faced Urn","Mark of Pain","Dead Branch","Frozen Egg 2","Shuriken","Anchor","Bottled Flame","Lantern","Matryoshka","Coffee Dripper","The Courier","War Paint","Thread and Needle","Chemical X","Girya","Regal Pillow","MawBank","Dream Catcher","Blue Candle","Centennial Puzzle","Kunai","Juzu Bracelet"],"potions_floor_usage":[25,33,50,50,50],"damage_taken":[{"damage":0.0,"enemies":"Jaw Worm","floor":1.0,"turns":3.0},{"damage":0.0,"enemies":"Small Slimes","floor":3.0,"turns":4.0},{"damage":5.0,"enemies":"2 Louse","floor":4.0,"turns":5.0},{"damage":11.0,"enemies":"Lagavulin","floor":6.0,"turns":5.0},{"damage":21.0,"enemies":"Exordium Thugs","floor":8.0,"turns":7.0},{"damage":8.0,"enemies":"3 Sentries","floor":11.0,"turns":5.0},{"damage":33.0,"enemies":"Gremlin Nob","floor":13.0,"turns":6.0},{"damage":7.0,"enemies":"Large Slime","floor":14.0,"turns":7.0},{"damage":5.0,"enemies":"Hexaghost","floor":16.0,"turns":9.0},{"damage":21.0,"enemies":"Spheric Guardian","floor":18.0,"turns":7.0},{"damage":2.0,"enemies":"Colosseum Slavers","floor":19.0,"turns":4.0},{"damage":16.0,"enemies":"Colosseum Nobs","floor":19.0,"turns":4.0},{"damage":5.0,"enemies":"Shell Parasite","floor":20.0,"turns":2.0},{"damage":5,"enemies":"Slavers","floor":23,"turns":6},{"damage":15,"enemies":"Chosen and Byrds","floor":24,"turns":7},{"damage":5,"enemies":"Gremlin Leader","floor":25,"turns":4},{"damage":6,"enemies":"Centurion and Healer","floor":27,"turns":4},{"damage":1,"enemies":"3 Cultists","floor":28,"turns":5},{"damage":4,"enemies":"Snake Plant","floor":29,"turns":5},{"damage":11,"enemies":"Shelled Parasite and Fungi","floor":31,"turns":5},{"damage":1,"enemies":"Collector","floor":33,"turns":5},{"damage":0,"enemies":"3 Darklings","floor":35,"turns":2},{"damage":0,"enemies":"Orb Walker","floor":38,"turns":2},{"damage":15,"enemies":"Jaw Worm Horde","floor":39,"turns":8},{"damage":2,"enemies":"Giant Head","floor":40,"turns":3},{"damage":8,"enemies":"2 Orb Walkers","floor":44,"turns":1},{"damage":4,"enemies":"Maw","floor":46,"turns":3},{"damage":3,"enemies":"Giant Head","floor":48,"turns":1},{"damage":12,"enemies":"Awakened One","floor":50,"turns":4}],"seed_played":"-3656457146817088839","potions_obtained":[{"floor":3.0,"key":"FairyPotion"},{"floor":6.0,"key":"Regen Potion"},{"floor":13.0,"key":"Weak Potion"},{"floor":18.0,"key":"Poison Potion"},{"floor":19.0,"key":"Dexterity Potion"},{"floor":23,"key":"Fruit Juice"},{"floor":25,"key":"Energy Potion"},{"floor":31,"key":"FearPotion"},{"floor":33,"key":"LiquidBronze"},{"floor":39,"key":"Block Potion"},{"floor":40,"key":"EssenceOfSteel"}],"is_trial":false,"path_per_floor":["M","?","M","M","?","E","?","M","T","R","E","R","?","M","R","B",null,"M","?","M","$","?","E","M","E","T","M","M","M","?","M","R","B",null,"M","?","?","M","M","E","R","$","T","E","R","M","$","E","R","B"],"character_chosen":"IRONCLAD","items_purchased":["Shuriken","Anchor","Metallicize+1","True Grit","Blind","Limit Break","True Grit","War Paint","Thread and Needle","Chemical X","Girya","Regal Pillow","MawBank","Dream Catcher","Secret Weapon","Warcry","True Grit","Warcry","Cleave","Headbutt"],"campfire_rested":0,"item_purchase_floors":[21,21,21,21,21,42,42,42,42,42,42,42,42,42,42,42,42,47,47,47],"current_hp_per_floor":[78,77,76,71,77,73,73,52,58,58,50,50,23,20,20,42,87,73,62,57,57,57,59,61,68,74,84,93,95,95,92,92,99,124,126,137,136,135,126,126,126,126,132,128,128,132,132,129,129,134],"gold":30,"neow_bonus":"","is_prod":false,"is_daily":true,"chose_seed":false,"campfire_upgraded":5,"win_rate":0,"timestamp":1537863998,"path_taken":["M","?","M","M","?","E","?","?","T","R","E","R","?","M","R","BOSS","M","?","?","?","?","E","M","E","T","M","M","?","?","M","R","BOSS","M","?","?","M","M","E","R","$","T","E","R","M","?","E","R","BOSS"],"build_version":"2018-09-24","purchased_purges":1,"victory":true,"max_hp_per_floor":[78,77,76,75,80,86,85,84,89,88,87,86,85,84,83,88,87,89,95,94,93,92,94,96,103,108,115,120,119,118,121,120,125,124,126,137,136,135,134,133,132,131,136,135,134,133,132,131,130,138],"card_choices":[{"not_picked":["Iron Wave","Anger"],"picked":"Feel No Pain","floor":1.0},{"not_picked":["Power Through","Headbutt"],"picked":"True Grit","floor":3.0},{"not_picked":["Anger","Flex"],"picked":"Warcry","floor":4.0},{"not_picked":["Body Slam","Havoc"],"picked":"Clothesline","floor":6.0},{"not_picked":["Heavy Blade","Hemokinesis"],"picked":"Exhume","floor":8.0},{"not_picked":["Wild Strike","True Grit"],"picked":"Shockwave","floor":11.0},{"not_picked":["Uppercut","Wild Strike"],"picked":"Disarm","floor":13.0},{"not_picked":["Clash","Rage","Shockwave"],"picked":"SKIP","floor":14.0},{"not_picked":["Clash","Rage"],"picked":"Shockwave","floor":14.0},{"not_picked":["Impervious","Brutality"],"picked":"Feed","floor":16.0},{"not_picked":["Wild Strike","Sever Soul"],"picked":"Battle Trance","floor":18.0},{"not_picked":["Blood for Blood+1","Clothesline"],"picked":"Headbutt","floor":19.0},{"not_picked":["Ghostly Armor","Entrench"],"picked":"Flame Barrier","floor":20.0},{"not_picked":["Heavy Blade","Clothesline+1"],"picked":"Pommel Strike+1","floor":23},{"not_picked":["Flex+1","Body Slam+1"],"picked":"Armaments","floor":24},{"not_picked":["Heavy Blade+1","Thunderclap"],"picked":"Headbutt","floor":25},{"not_picked":["Blood for Blood","Cleave"],"picked":"Dropkick","floor":27},{"not_picked":["Shrug It Off","Spot Weakness"],"picked":"Pummel+1","floor":28},{"not_picked":["True Grit+1","Body Slam"],"picked":"Limit Break","floor":29},{"not_picked":["Armaments+1","Battle Trance"],"picked":"True Grit","floor":31},{"not_picked":["Double Tap","Impervious"],"picked":"Limit Break","floor":33},{"not_picked":["Carnage","Twin Strike"],"picked":"True Grit+1","floor":35},{"not_picked":["Second Wind+1","Dropkick+1"],"picked":"Headbutt+1","floor":38},{"not_picked":["Entrench","Thunderclap+1"],"picked":"Body Slam+1","floor":39},{"not_picked":["Clothesline","Blood for Blood"],"picked":"Cleave+1","floor":40},{"not_picked":["Iron Wave","Pommel Strike"],"picked":"Dark Embrace+1","floor":44},{"not_picked":["Intimidate+1","Clash"],"picked":"Heavy Blade+1","floor":46},{"not_picked":["Clothesline+1","Fiend Fire"],"picked":"Shrug It Off+1","floor":48}],"player_experience":377316,"relics_obtained":[{"floor":6.0,"key":"Strawberry"},{"floor":9.0,"key":"Gremlin Horn"},{"floor":11.0,"key":"Turnip"},{"floor":19.0,"key":"Dead Branch"},{"floor":19.0,"key":"Frozen Egg 2"},{"floor":23,"key":"Bottled Flame"},{"floor":25,"key":"Lantern"},{"floor":26,"key":"Matryoshka"},{"floor":40,"key":"The Courier"},{"floor":43,"key":"Blue Candle"},{"floor":43,"key":"Centennial Puzzle"},{"floor":44,"key":"Kunai"},{"floor":48,"key":"Juzu Bracelet"}],"event_choices":[{"event_name":"Living Wall","player_choice":"Grow","floor":2.0,"damage_taken":0.0},{"event_name":"Accursed Blacksmith","player_choice":"Rummage","floor":5.0,"damage_taken":0.0},{"event_name":"The Cleric","player_choice":"Card Removal","floor":7.0,"damage_taken":0.0},{"event_name":"Dead Adventurer","player_choice":"Searched \u00273\u0027 times","floor":13.0,"damage_taken":0.0},{"event_name":"Colosseum","player_choice":"Fight","floor":19.0,"damage_taken":0.0},{"event_name":"Colosseum","player_choice":"Fought Nobs","floor":19.0,"damage_taken":0.0},{"event_name":"Back to Basics","player_choice":"Simplicity","floor":22.0,"damage_taken":0.0},{"event_name":"Beggar","player_choice":"Ignored","floor":30,"damage_taken":0},{"event_name":"MindBloom","player_choice":"Gold","floor":36,"damage_taken":0},{"event_name":"Falling","player_choice":"Removed Skill","floor":37,"damage_taken":0}],"is_beta":true,"boss_relics":[{"not_picked":["Runic Dome","Philosopher\u0027s Stone"],"picked":"Mark of Pain"},{"not_picked":["Fusion Hammer","Astrolabe"],"picked":"Coffee Dripper"}],"items_purged_floors":[42],"is_endless":false,"potions_floor_spawned":[3,6,13,18,19,23,25,31,33,39,40,46],"ascension_level":0}