{"gold_per_floor":[111,111,36,36,49,63,96,96,96,96,106,126,161,172,172,271,271,286,286,299,176,176,176,205,205,205,224,257,269,269,285,285,382,382,401,401,420,420,130,130,159,159,159,191,191,241,260,331,331,331],"floor_reached":51,"playtime":6845,"items_purged":["Strike_B","Strike_B","Strike_B"],"score":1143,"play_id":"9f9c0368-1ef4-417b-9e9a-3114e06abc86","local_time":"20181018224914","is_ascension_mode":true,"campfire_choices":[{"floor":10.0,"key":"REST"},{"floor":15.0,"key":"REST"},{"data":"Zap","floor":23.0,"key":"SMITH"},{"floor":25,"key":"REST"},{"floor":30,"key":"REST"},{"data":"Echo Form","floor":32,"key":"SMITH"},{"floor":40,"key":"REST"},{"floor":42,"key":"REST"},{"floor":49,"key":"REST"}],"neow_cost":"NONE","seed_source_timestamp":0,"circlet_count":0,"master_deck":["Strike_B","Defend_B","Defend_B","Defend_B","Defend_B","Zap+1","Dualcast","AscendersBane","Thunder Strike","Leap","Biased Cognition","Self Repair","Genetic Algorithm","Conserve Battery","BootSequence","Echo Form+1","Electrodynamics","Glacier","Hologram+1","Cold Snap+1","Glacier","Cold Snap+1","Electrodynamics+1","BootSequence","Beam Cell+1","Buffer+1","Ball Lightning+1","Blizzard+1","Glacier+1","Madness","Madness","Mayhem+1","Core Surge+1","Redo+1","Reinforced Body"],"special_seed":0,"relics":["Cracked Core","Shuriken","Molten Egg 2","Pen Nib","Nuclear Battery","Frozen Egg 2","Potion Belt","Kunai","Ornamental Fan","Fusion Hammer","Gambling Chip","Happy Flower","Anchor","Art of War","Mango","Matryoshka"],"potions_floor_usage":[28,31,33,45,50],"damage_taken":[{"damage":1.0,"enemies":"Small Slimes","floor":1.0,"turns":4.0},{"damage":5.0,"enemies":"Jaw Worm","floor":5.0,"turns":5.0},{"damage":1.0,"enemies":"Cultist","floor":6.0,"turns":4.0},{"damage":56.0,"enemies":"3 Sentries","floor":7.0,"turns":10.0},{"damage":4.0,"enemies":"Large Slime","floor":11.0,"turns":6.0},{"damage":1.0,"enemies":"Looter","floor":12.0,"turns":4.0},{"damage":25.0,"enemies":"Lagavulin","floor":13.0,"turns":7.0},{"damage":3.0,"enemies":"Red Slaver","floor":14.0,"turns":4.0},{"damage":43.0,"enemies":"Slime Boss","floor":16.0,"turns":9.0},{"damage":32.0,"enemies":"2 Thieves","floor":18.0,"turns":5.0},{"damage":2.0,"enemies":"Chosen","floor":20.0,"turns":4.0},{"damage":20.0,"enemies":"Book of Stabbing","floor":24.0,"turns":7.0},{"damage":3,"enemies":"Centurion and Healer","floor":27,"turns":9},{"damage":21,"enemies":"Slavers","floor":28,"turns":5},{"damage":18,"enemies":"Snake Plant","floor":29,"turns":6},{"damage":0,"enemies":"Sentry and Sphere","floor":31,"turns":3},{"damage":81,"enemies":"Automaton","floor":33,"turns":15},{"damage":1,"enemies":"3 Shapes","floor":35,"turns":6},{"damage":21,"enemies":"Mind Bloom Boss Battle","floor":36,"turns":6},{"damage":0,"enemies":"Orb Walker","floor":37,"turns":4},{"damage":30,"enemies":"Reptomancer","floor":41,"turns":5},{"damage":1,"enemies":"Giant Head","floor":44,"turns":9},{"damage":0,"enemies":"Jaw Worm Horde","floor":45,"turns":2},{"damage":44,"enemies":"2 Orb Walkers","floor":46,"turns":7},{"damage":29,"enemies":"Transient","floor":47,"turns":5},{"damage":67,"enemies":"Time Eater","floor":50,"turns":11}],"seed_played":"1460645492629682788","potions_obtained":[{"floor":4.0,"key":"Fruit Juice"},{"floor":4.0,"key":"Ancient Potion"},{"floor":4.0,"key":"Strength Potion"},{"floor":7.0,"key":"Explosive Potion"},{"floor":12.0,"key":"AttackPotion"},{"floor":13.0,"key":"Swift Potion"},{"floor":14.0,"key":"FocusPotion"},{"floor":27,"key":"Weak Potion"},{"floor":28,"key":"Ancient Potion"},{"floor":29,"key":"Swift Potion"},{"floor":31,"key":"FocusPotion"},{"floor":41,"key":"Regen Potion"},{"floor":44,"key":"SmokeBomb"},{"floor":46,"key":"FearPotion"}],"is_trial":false,"path_per_floor":["M","?","$","?","M","M","E","?","T","R","M","M","E","M","R","B",null,"M","?","M","$","?","R","E","R","T","M","E","M","R","M","R","B",null,"M","?","M","?","$","R","E","R","T","E","M","?","M","T","R","B"],"character_chosen":"DEFECT","items_purchased":["Cold Snap+1","Mayhem+1"],"campfire_rested":7,"item_purchase_floors":[21,39],"current_hp_per_floor":[67,72,72,77,72,71,22,22,22,47,50,56,38,42,67,31,72,47,47,52,52,52,52,39,64,64,75,61,50,75,82,82,8,66,72,51,65,54,54,79,56,81,81,85,85,69,47,47,76,24],"gold":331,"neow_bonus":"ONE_RANDOM_RARE_CARD","is_prod":false,"is_daily":false,"chose_seed":false,"campfire_upgraded":2,"win_rate":0,"timestamp":1539920954,"path_taken":["M","?","$","?","M","M","E","?","T","R","M","M","E","M","R","BOSS","M","?","M","$","?","R","E","R","T","M","E","M","R","?","R","BOSS","M","?","M","?","$","R","E","R","T","E","?","?","M","?","R","BOSS"],"build_version":"2018-10-18","purchased_purges":3,"victory":true,"max_hp_per_floor":[75,80,80,85,85,85,85,85,85,85,85,85,85,85,85,85,85,85,85,85,85,85,85,85,85,85,85,85,85,85,85,85,85,85,85,85,85,85,85,85,85,85,85,85,85,99,99,99,99,99],"card_choices":[{"not_picked":["Streamline","Hologram"],"picked":"Leap","floor":1.0},{"not_picked":["Cold Snap","Genetic Algorithm"],"picked":"Biased Cognition","floor":5.0},{"not_picked":["Static Discharge","Melter"],"picked":"Self Repair","floor":6.0},{"not_picked":["Hyperbeam","Turbo","Redo"],"picked":"SKIP","floor":7.0},{"not_picked":["Storm","Streamline+1"],"picked":"Genetic Algorithm","floor":11.0},{"not_picked":["Turbo","Gash+1"],"picked":"Conserve Battery","floor":12.0},{"not_picked":["Turbo","Steam"],"picked":"BootSequence","floor":13.0},{"not_picked":["Beam Cell+1","Tempest"],"picked":"Echo Form","floor":14.0},{"not_picked":["Amplify","Thunder Strike+1"],"picked":"Electrodynamics","floor":16.0},{"not_picked":["Go for the Eyes+1","Tempest+1"],"picked":"Glacier","floor":18.0},{"not_picked":["Melter+1","Rebound+1"],"picked":"Hologram+1","floor":20.0},{"not_picked":["Rebound+1","Hologram"],"picked":"Cold Snap+1","floor":24.0},{"not_picked":["Compile Driver+1","Beam Cell+1"],"picked":"Electrodynamics+1","floor":27},{"not_picked":["Stack+1","Rebound+1"],"picked":"BootSequence","floor":28},{"not_picked":["Self Repair+1","Steam"],"picked":"Beam Cell+1","floor":29},{"not_picked":["Skim+1","Recycle+1","Coolheaded"],"picked":"SKIP","floor":31},{"not_picked":["Reboot","Meteor Strike+1"],"picked":"Buffer+1","floor":33},{"not_picked":["Lockon+1","Static Discharge+1"],"picked":"Ball Lightning+1","floor":35},{"not_picked":["Sweeping Beam+1","Beam Cell+1"],"picked":"Blizzard+1","floor":36},{"not_picked":["Steam","Reprogram"],"picked":"Glacier+1","floor":37},{"not_picked":["Redo","Ball Lightning+1"],"picked":"Core Surge+1","floor":41},{"not_picked":["Streamline+1","Rebound+1"],"picked":"Redo+1","floor":44},{"not_picked":["BootSequence+1","Compile Driver+1"],"picked":"Reinforced Body","floor":46},{"not_picked":["Coolheaded","Double Energy+1","Rainbow"],"picked":"SKIP","floor":47}],"player_experience":807186,"relics_obtained":[{"floor":7.0,"key":"Shuriken"},{"floor":9.0,"key":"Molten Egg 2"},{"floor":13.0,"key":"Pen Nib"},{"floor":24.0,"key":"Potion Belt"},{"floor":26,"key":"Kunai"},{"floor":28,"key":"Ornamental Fan"},{"floor":36,"key":"Gambling Chip"},{"floor":41,"key":"Happy Flower"},{"floor":43,"key":"Anchor"},{"floor":44,"key":"Art of War"},{"floor":46,"key":"Mango"},{"floor":48,"key":"Matryoshka"}],"event_choices":[{"event_name":"Big Fish","player_choice":"Donut","floor":2.0,"damage_taken":0.0},{"event_name":"The Lab","player_choice":"Got Potions","floor":4.0,"damage_taken":0.0},{"event_name":"The Woman in Blue","player_choice":"Bought 0 Potions","floor":8.0,"damage_taken":0.0},{"event_name":"The Mausoleum","player_choice":"Yes","floor":19.0,"damage_taken":0.0},{"event_name":"Duplicator","player_choice":"One dupe","floor":22.0,"damage_taken":0.0},{"damage_healed":0,"gold_gain":0,"player_choice":"Fight","damage_taken":0,"max_hp_gain":0,"max_hp_loss":0,"event_name":"MindBloom","floor":36,"gold_loss":0},{"damage_healed":0,"gold_gain":0,"player_choice":"Embrace Madness","damage_taken":11,"max_hp_gain":0,"max_hp_loss":0,"event_name":"Winding Halls","floor":38,"gold_loss":0,"cards_obtained":["Madness","Madness"]},{"damage_healed":0,"gold_gain":0,"player_choice":"Fight","damage_taken":0,"max_hp_gain":0,"max_hp_loss":0,"event_name":"Mysterious Sphere","floor":46,"gold_loss":0}],"is_beta":false,"boss_relics":[{"not_picked":["Calling Bell","Pandora\u0027s Box"],"picked":"Nuclear Battery"},{"not_picked":["Sozu","Lizard Tail"],"picked":"Fusion Hammer"}],"items_purged_floors":[3,21,39],"is_endless":false,"potions_floor_spawned":[7,11,12,13,14,27,28,29,31,41,44,45,46],"ascension_level":11}