{"gold_per_floor":[112,112,126,201,220,249,524,524,548,563,563,579,579,589,589,686,686,706,718,119,119,136,136,165,165,165,165,41,41,56,56,56,161,161,180,280,295,0,0,0,19,19,44,61,61,81,81,81,81,81],"floor_reached":50,"playtime":6118,"items_purged":["Strike_G"],"score":560,"play_id":"860621b3-eef0-4d0e-8f9b-87456e4f8d6b","local_time":"20190527152439","is_ascension_mode":false,"campfire_choices":[{"data":"Dagger Spray","floor":8,"key":"SMITH"},{"data":"Neutralize","floor":11,"key":"SMITH"},{"floor":13,"key":"REST"},{"data":"Dash","floor":15,"key":"SMITH"},{"floor":23,"key":"REST"},{"data":"Noxious Fumes","floor":29,"key":"SMITH"},{"floor":32,"key":"REST"},{"data":"Noxious Fumes","floor":40,"key":"SMITH"},{"floor":42,"key":"REST"},{"floor":45,"key":"REST"},{"floor":47,"key":"REST"},{"data":"Parasite","floor":49,"key":"PURGE"}],"neow_cost":"NONE","seed_source_timestamp":16022503030060,"circlet_count":0,"master_deck":["Defend_G","Defend_G","Defend_G","Defend_G","Strike_G+1","Strike_G","Strike_G+1","Survivor","Neutralize+1","Dagger Spray+1","Prepared","Infinite Blades","Bouncing Flask","Dash+1","Blur","Backflip","Burst","Deadly Poison","Flechettes","Outmaneuver","Backstab","Deflect+1","Crippling Poison","Noxious Fumes+1","Dagger Spray","Backflip","Blur","Noxious Fumes+1","Blade Dance","Leg Sweep+1","Corpse Explosion","PiercingWail","Crippling Poison+1","PiercingWail+1","Madness","Madness","Prepared+1"],"relics":["Ring of the Snake","Omamori","Whetstone","Orrery","Paper Crane","Bronze Scales","Bag of Marbles","MutagenicStrength","Darkstone Periapt","Shuriken","Cursed Key","Peace Pipe","Red Mask","Strawberry"],"potions_floor_usage":[6,6,19,22,46,50,50],"damage_taken":[{"damage":4,"enemies":"Cultist","floor":1,"turns":5},{"damage":0,"enemies":"Small Slimes","floor":3,"turns":5},{"damage":0,"enemies":"2 Louse","floor":5,"turns":2},{"damage":24,"enemies":"Lagavulin","floor":6,"turns":11},{"damage":12,"enemies":"Exordium Thugs","floor":10,"turns":5},{"damage":3,"enemies":"2 Fungi Beasts","floor":12,"turns":3},{"damage":0,"enemies":"Exordium Wildlife","floor":14,"turns":3},{"damage":17,"enemies":"The Guardian","floor":16,"turns":11},{"damage":29,"enemies":"Spheric Guardian","floor":18,"turns":6},{"damage":0,"enemies":"2 Thieves","floor":19,"turns":4},{"damage":20,"enemies":"Centurion and Healer","floor":22,"turns":7},{"damage":30,"enemies":"Book of Stabbing","floor":24,"turns":7},{"damage":4,"enemies":"Snecko","floor":30,"turns":4},{"damage":35,"enemies":"Collector","floor":33,"turns":9},{"damage":9,"enemies":"3 Shapes","floor":35,"turns":2},{"damage":20,"enemies":"Mind Bloom Boss Battle","floor":36,"turns":7},{"damage":0,"enemies":"Orb Walker","floor":37,"turns":2},{"damage":25,"enemies":"Maw","floor":41,"turns":7},{"damage":8,"enemies":"Writhing Mass","floor":44,"turns":6},{"damage":15,"enemies":"Sphere and 2 Shapes","floor":46,"turns":4},{"damage":84,"enemies":"Time Eater","floor":50,"turns":8}],"seed_played":"-3822384210586052458","potions_obtained":[{"floor":3,"key":"Block Potion"},{"floor":5,"key":"Weak Potion"},{"floor":12,"key":"FearPotion"},{"floor":19,"key":"GhostInAJar"},{"floor":35,"key":"SpeedPotion"},{"floor":36,"key":"EssenceOfSteel"},{"floor":41,"key":"Block Potion"}],"is_trial":false,"path_per_floor":["M","?","M","?","M","E","?","R","T","M","R","M","R","M","R","B",null,"M","M","$","?","M","R","E","?","T","T","$","R","M","?","R","B",null,"M","?","M","?","?","R","M","R","T","M","R","M","R","?","R","B"],"character_chosen":"THE_SILENT","items_purchased":["Noxious Fumes","Paper Crane","Bronze Scales","Dagger Spray","Noxious Fumes","Blade Dance"],"campfire_rested":6,"item_purchase_floors":[20,20,20,20,28,28],"current_hp_per_floor":[73,73,73,62,62,38,38,38,38,26,26,23,46,46,46,29,77,48,48,48,48,28,51,21,21,21,21,21,21,17,42,65,30,77,68,48,48,48,38,38,13,36,43,41,68,53,80,80,80,0],"gold":81,"neow_bonus":"TEN_PERCENT_HP_BONUS","is_prod":false,"is_daily":false,"chose_seed":false,"campfire_upgraded":5,"win_rate":0.0,"timestamp":1558963479,"path_taken":["M","?","M","?","M","E","?","R","T","?","R","M","R","M","R","BOSS","M","M","?","?","?","R","E","?","T","?","$","R","?","?","R","BOSS","M","?","M","?","?","R","M","R","T","M","R","?","R","?","R","BOSS"],"build_version":"2019-01-23","purchased_purges":1,"victory":false,"max_hp_per_floor":[77,77,77,77,77,77,77,77,77,77,77,77,77,77,77,77,77,77,77,77,77,77,77,77,77,77,77,77,77,77,77,77,77,77,77,77,77,77,77,77,77,77,84,90,90,90,90,90,87,87],"card_choices":[{"not_picked":["Slice","Backstab"],"picked":"Dagger Spray","floor":1},{"not_picked":["Distraction","Outmaneuver"],"picked":"Prepared","floor":3},{"not_picked":["Outmaneuver","Riddle With Holes"],"picked":"Infinite Blades","floor":5},{"not_picked":["Outmaneuver","Bullet Time"],"picked":"Bouncing Flask","floor":6},{"not_picked":["Skewer","Deadly Poison"],"picked":"Dash","floor":10},{"not_picked":["Outmaneuver","Terror"],"picked":"Blur","floor":12},{"not_picked":["Masterful Stab","Prepared"],"picked":"Backflip","floor":14},{"not_picked":["Glass Knife","Wraith Form v2"],"picked":"Burst","floor":16},{"not_picked":["Blade Dance","Sucker Punch"],"picked":"Deadly Poison","floor":17},{"not_picked":["Deflect","Infinite Blades"],"picked":"Flechettes","floor":17},{"not_picked":["Choke","Sucker Punch"],"picked":"Outmaneuver","floor":17},{"not_picked":["Choke","Deflect"],"picked":"Backstab","floor":17},{"not_picked":["Phantasmal Killer","Calculated Gamble"],"picked":"Deflect+1","floor":18},{"not_picked":["Reflex","Choke+1"],"picked":"Crippling Poison","floor":19},{"not_picked":["Heel Hook","Dagger Throw"],"picked":"Backflip","floor":22},{"not_picked":["Prepared","Sucker Punch+1"],"picked":"Blur","floor":24},{"not_picked":["Masterful Stab","Poisoned Stab"],"picked":"Leg Sweep+1","floor":30},{"not_picked":["Glass Knife","Phantasmal Killer"],"picked":"Corpse Explosion","floor":33},{"not_picked":["Skewer+1","Dagger Spray"],"picked":"PiercingWail","floor":35},{"not_picked":["Calculated Gamble","Deadly Poison+1"],"picked":"Crippling Poison+1","floor":36},{"not_picked":["Flying Knee+1","Bullet Time"],"picked":"PiercingWail+1","floor":37},{"not_picked":["Dagger Throw","Flying Knee"],"picked":"Prepared+1","floor":41},{"not_picked":["Outmaneuver","Bane+1","Quick Slash"],"picked":"SKIP","floor":44},{"not_picked":["Underhanded Strike","Slice+1","Dagger Throw+1"],"picked":"SKIP","floor":46}],"player_experience":52926,"relics_obtained":[{"floor":6,"key":"Omamori"},{"floor":9,"key":"Whetstone"},{"floor":24,"key":"Bag of Marbles"},{"floor":26,"key":"Darkstone Periapt"},{"floor":27,"key":"Shuriken"},{"floor":36,"key":"Peace Pipe"},{"floor":43,"key":"Strawberry"}],"event_choices":[{"cards_removed":["Strike_G"],"damage_healed":0,"gold_gain":0,"player_choice":"Forget","damage_taken":0,"max_hp_gain":0,"max_hp_loss":0,"event_name":"Living Wall","floor":2,"gold_loss":0},{"damage_healed":0,"gold_gain":75,"player_choice":"Gather Gold","damage_taken":11,"max_hp_gain":0,"max_hp_loss":0,"event_name":"World of Goop","floor":4,"gold_loss":0},{"damage_healed":0,"gold_gain":275,"player_choice":"Desecrate","damage_taken":0,"max_hp_gain":0,"max_hp_loss":0,"event_name":"Golden Shrine","floor":7,"gold_loss":0,"cards_obtained":["Regret"]},{"cards_removed":["Defend_G"],"damage_healed":0,"gold_gain":0,"player_choice":"Card Removal","damage_taken":0,"max_hp_gain":0,"max_hp_loss":0,"event_name":"Wheel of Change","floor":21,"gold_loss":0},{"damage_healed":0,"gold_gain":0,"player_choice":"Inject Mutagens","damage_taken":0,"relics_obtained":["MutagenicStrength"],"max_hp_gain":0,"max_hp_loss":0,"event_name":"Drug Dealer","floor":25,"gold_loss":0},{"damage_healed":25,"gold_gain":0,"player_choice":"Heal","damage_taken":0,"max_hp_gain":0,"max_hp_loss":0,"event_name":"The Library","floor":31,"gold_loss":0},{"damage_healed":0,"gold_gain":0,"player_choice":"Fight","damage_taken":0,"max_hp_gain":0,"max_hp_loss":0,"event_name":"MindBloom","floor":36,"gold_loss":0},{"damage_healed":0,"gold_gain":0,"player_choice":"Paid","damage_taken":0,"relics_obtained":["Red Mask"],"max_hp_gain":0,"max_hp_loss":0,"event_name":"Tomb of Lord Red Mask","floor":38,"gold_loss":295},{"damage_healed":0,"gold_gain":0,"player_choice":"Embrace Madness","damage_taken":10,"max_hp_gain":0,"max_hp_loss":0,"event_name":"Winding Halls","floor":39,"gold_loss":0,"cards_obtained":["Madness","Madness"]},{"damage_healed":0,"gold_gain":0,"player_choice":"Ignored","damage_taken":0,"max_hp_gain":0,"max_hp_loss":0,"event_name":"Mysterious Sphere","floor":48,"gold_loss":0}],"is_beta":false,"boss_relics":[{"not_picked":["WristBlade","Velvet Choker"],"picked":"Orrery"},{"not_picked":["Fusion Hammer","Eternal Feather"],"picked":"Cursed Key"}],"items_purged_floors":[20],"is_endless":false,"potions_floor_spawned":[3,5,12,19,35,36,41],"killed_by":"Time Eater","ascension_level":0}