{"gold_per_floor":[119,119,119,44,54,66,98,115,115,115,115,15,29,54,54,180,180,194,194,173,173,48,48],"floor_reached":23,"playtime":1191,"items_purged":["Defend_B","Strike_B","Writhe"],"score":210,"play_id":"620516ae-ff68-4a46-83d0-ae9fbc79aae9","local_time":"20190601220527","is_ascension_mode":true,"campfire_choices":[{"floor":11,"key":"REST"},{"data":"Cold Snap","floor":15,"key":"SMITH"}],"neow_cost":"PERCENT_DAMAGE","seed_source_timestamp":131177228152180,"circlet_count":0,"master_deck":["Strike_B","Defend_B","Defend_B","Zap","Dualcast","Cold Snap","Cold Snap","BootSequence","Redo","Self Repair+1","Cold Snap+1","Buffer+1","Clumsy","Parasite","Parasite","Loop+1"],"relics":["Cracked Core","Matryoshka","Frozen Egg 2","Dream Catcher","Golden Idol","Calling Bell","Regal Pillow","Meat on the Bone","Turnip","Dead Branch"],"potions_floor_usage":[16],"damage_taken":[{"damage":2,"enemies":"Jaw Worm","floor":1,"turns":3},{"damage":0,"enemies":"Small Slimes","floor":5,"turns":2},{"damage":0,"enemies":"Cultist","floor":6,"turns":3},{"damage":20,"enemies":"Gremlin Nob","floor":7,"turns":4},{"damage":0,"enemies":"Blue Slaver","floor":8,"turns":3},{"damage":2,"enemies":"Looter","floor":13,"turns":3},{"damage":0,"enemies":"Large Slime","floor":14,"turns":6},{"damage":32,"enemies":"Hexaghost","floor":16,"turns":14},{"damage":13,"enemies":"Shell Parasite","floor":18,"turns":9},{"damage":25,"enemies":"2 Thieves","floor":20,"turns":5},{"damage":67,"enemies":"Gremlin Leader","floor":23,"turns":6}],"seed_played":"7684913439289223000","potions_obtained":[{"floor":7,"key":"FairyPotion"},{"floor":8,"key":"Block Potion"},{"floor":14,"key":"SteroidPotion"},{"floor":16,"key":"SteroidPotion"}],"is_trial":false,"path_per_floor":["M","?","?","$","M","M","E","M","T","?","R","$","M","M","R","B",null,"M","?","M","?","$","E"],"character_chosen":"DEFECT","items_purchased":[],"campfire_rested":1,"item_purchase_floors":[],"current_hp_per_floor":[52,45,45,45,45,45,25,25,25,25,45,45,43,53,53,31,69,56,56,53,53,53,0],"gold":48,"neow_bonus":"REMOVE_TWO","is_prod":false,"is_daily":false,"chose_seed":false,"campfire_upgraded":1,"win_rate":0,"timestamp":1559419527,"path_taken":["M","?","?","$","?","M","E","M","T","?","R","$","M","M","R","BOSS","M","?","M","?","$","E"],"build_version":"2019-01-23","purchased_purges":3,"victory":false,"max_hp_per_floor":[75,75,75,75,75,75,75,75,75,69,69,69,69,69,69,69,69,69,69,69,69,69,69],"card_choices":[{"not_picked":["Barrage","Steam"],"picked":"Cold Snap","floor":1},{"not_picked":["Barrage","Rebound"],"picked":"Cold Snap","floor":5},{"not_picked":["Stack","Hyperbeam"],"picked":"BootSequence","floor":6},{"not_picked":["Lockon","Doom and Gloom","Barrage"],"picked":"SKIP","floor":7},{"not_picked":["Sweeping Beam","Compile Driver","Rip and Tear"],"picked":"SKIP","floor":8},{"not_picked":["Steam","Force Field"],"picked":"Redo","floor":11},{"not_picked":["Beam Cell","Barrage"],"picked":"Self Repair+1","floor":13},{"not_picked":["Chill","Rebound"],"picked":"Cold Snap","floor":14},{"not_picked":["Seek","Multi-Cast"],"picked":"Buffer+1","floor":16},{"not_picked":["Doom and Gloom+1","Stack","Coolheaded"],"picked":"SKIP","floor":18},{"not_picked":["Rebound","Double Energy","Doom and Gloom"],"picked":"SKIP","floor":20}],"player_experience":157147,"relics_obtained":[{"floor":7,"key":"Matryoshka"},{"floor":9,"key":"Frozen Egg 2"},{"floor":9,"key":"Dream Catcher"},{"floor":17,"key":"Regal Pillow"},{"floor":17,"key":"Meat on the Bone"},{"floor":17,"key":"Turnip"}],"event_choices":[{"cards_removed":["Strike_B"],"damage_healed":0,"gold_gain":0,"player_choice":"Card Removal","damage_taken":7,"max_hp_gain":0,"max_hp_loss":0,"event_name":"Golden Wing","floor":2,"gold_loss":0},{"damage_healed":0,"gold_gain":0,"player_choice":"Bought 0 Potions","damage_taken":0,"max_hp_gain":0,"max_hp_loss":0,"event_name":"The Woman in Blue","floor":3,"gold_loss":0},{"damage_healed":0,"gold_gain":0,"player_choice":"Lose Max HP","damage_taken":0,"relics_obtained":["Golden Idol"],"max_hp_gain":0,"max_hp_loss":6,"event_name":"Golden Idol","floor":10,"gold_loss":0},{"damage_healed":0,"gold_gain":0,"player_choice":"Read","damage_taken":0,"max_hp_gain":0,"max_hp_loss":0,"event_name":"The Library","floor":19,"gold_loss":0,"cards_obtained":["Loop"]},{"damage_healed":0,"gold_gain":0,"player_choice":"Opened","damage_taken":0,"relics_obtained":["Dead Branch"],"max_hp_gain":0,"max_hp_loss":0,"event_name":"The Mausoleum","floor":21,"gold_loss":0,"cards_obtained":["Writhe"]}],"is_beta":false,"boss_relics":[{"not_picked":["Fusion Hammer","Ectoplasm"],"picked":"Calling Bell"}],"items_purged_floors":[4,12,22],"is_endless":false,"potions_floor_spawned":[7,8,14,16,18],"killed_by":"Gremlin Leader","ascension_level":2}