{"gold_per_floor":[116,116,132,132,150,178,178,197,275,225,25,42,42,72,72,168,168,186,202,202,214,12,12,0,19,91,91,91,117,117,140,140,140],"floor_reached":33,"playtime":1214,"items_purged":[],"score":341,"play_id":"91eb10a7-0145-4171-b890-fb165910a6c8","local_time":"20190611095437","is_ascension_mode":true,"campfire_choices":[{"floor":7.0,"key":"DIG"},{"floor":15.0,"key":"DIG"},{"floor":23.0,"key":"DIG"},{"floor":27.0,"key":"REST"},{"floor":32,"key":"DIG"}],"neow_cost":"NONE","seed_source_timestamp":0,"circlet_count":0,"master_deck":["Strike_R","Strike_R","Strike_R","Strike_R","Defend_R","Defend_R","Defend_R","Defend_R","Bash","Shockwave","Cleave","Shrug It Off","Flex+1","Exhume+1","Pummel+1","Headbutt+1","Shrug It Off+1","Cleave","Feed","Armaments+1"],"special_seed":0,"relics":["Burning Blood","NeowsBlessing","PreservedInsect","Vajra","Shovel","Pocketwatch","Toxic Egg 2","Sling","Red Skull","Bottled Flame","Mark of Pain","Juzu Bracelet","Letter Opener","Blue Candle","Bronze Scales","Bag of Preparation"],"potions_floor_usage":[29,33,33],"damage_taken":[{"damage":0.0,"enemies":"Small Slimes","floor":1.0,"turns":1.0},{"damage":0.0,"enemies":"Jaw Worm","floor":3.0,"turns":1.0},{"damage":0.0,"enemies":"Cultist","floor":5.0,"turns":1.0},{"damage":30.0,"enemies":"Lagavulin","floor":6.0,"turns":5.0},{"damage":7.0,"enemies":"2 Fungi Beasts","floor":8.0,"turns":3.0},{"damage":6.0,"enemies":"Blue Slaver","floor":12.0,"turns":4.0},{"damage":7.0,"enemies":"3 Sentries","floor":14.0,"turns":4.0},{"damage":41.0,"enemies":"Slime Boss","floor":16.0,"turns":11.0},{"damage":23.0,"enemies":"Spheric Guardian","floor":18.0,"turns":6.0},{"damage":12.0,"enemies":"3 Byrds","floor":19.0,"turns":5.0},{"damage":4.0,"enemies":"Snake Plant","floor":21.0,"turns":2.0},{"damage":4.0,"enemies":"Centurion and Healer","floor":25.0,"turns":3.0},{"damage":6,"enemies":"Slavers","floor":29,"turns":3},{"damage":84,"enemies":"Champ","floor":33,"turns":10}],"seed_played":"-2491657235378546539","potions_obtained":[{"floor":1.0,"key":"Poison Potion"},{"floor":6.0,"key":"GamblersBrew"},{"floor":8.0,"key":"Energy Potion"},{"floor":18.0,"key":"Block Potion"},{"floor":25.0,"key":"BloodPotion"}],"is_trial":false,"path_per_floor":["M","?","M","T","M","E","R","M","T","?","$","M","?","E","R","B",null,"M","M","?","M","$","R","?","M","T","R","?","E","?","T","R","B"],"character_chosen":"IRONCLAD","items_purchased":["Sling","Juzu Bracelet","Shrug It Off+1"],"campfire_rested":1,"item_purchase_floors":[11,22,22],"current_hp_per_floor":[80,62,68,68,74,50,50,49,49,49,49,49,49,48,48,13,63,46,40,25,27,27,27,27,29,29,54,54,54,54,54,54,0],"gold":140,"neow_bonus":"THREE_ENEMY_KILL","is_prod":false,"is_daily":false,"chose_seed":false,"campfire_upgraded":0,"win_rate":0,"timestamp":1560239677,"path_taken":["M","?","M","?","?","E","R","M","T","?","$","M","?","E","R","BOSS","M","M","?","M","$","R","?","M","T","R","?","E","?","?","R","BOSS"],"build_version":"2019-01-23","purchased_purges":0,"victory":false,"max_hp_per_floor":[80,80,80,80,80,80,80,80,80,80,80,80,80,80,80,80,80,80,80,85,85,85,85,85,85,85,85,85,85,85,85,85,85],"card_choices":[{"not_picked":["Havoc","Cleave"],"picked":"Shockwave","floor":1.0},{"not_picked":["Heavy Blade","True Grit"],"picked":"Cleave","floor":3.0},{"not_picked":["Seeing Red","Havoc","Headbutt"],"picked":"SKIP","floor":5.0},{"not_picked":["Sword Boomerang","Heavy Blade"],"picked":"Shrug It Off","floor":6.0},{"not_picked":["Headbutt","Sword Boomerang","Sever Soul"],"picked":"SKIP","floor":8.0},{"not_picked":["Uppercut","True Grit+1","Bludgeon"],"picked":"SKIP","floor":12.0},{"not_picked":["Perfected Strike","Intimidate+1"],"picked":"Flex+1","floor":14.0},{"not_picked":["Bludgeon","Dark Embrace"],"picked":"Exhume+1","floor":16.0},{"not_picked":["Shrug It Off+1","Combust"],"picked":"Pummel+1","floor":18.0},{"not_picked":["Thunderclap","Anger+1"],"picked":"Headbutt+1","floor":19.0},{"not_picked":["Anger","Perfected Strike","Rampage"],"picked":"SKIP","floor":21.0},{"not_picked":["Blood for Blood+1","Body Slam"],"picked":"Cleave","floor":25.0},{"not_picked":["Thunderclap","Heavy Blade"],"picked":"Feed","floor":29}],"player_experience":247700,"relics_obtained":[{"floor":4.0,"key":"Vajra"},{"floor":6.0,"key":"Shovel"},{"floor":7.0,"key":"Pocketwatch"},{"floor":9.0,"key":"Toxic Egg 2"},{"floor":14.0,"key":"Red Skull"},{"floor":15.0,"key":"Bottled Flame"},{"floor":23.0,"key":"Letter Opener"},{"floor":26.0,"key":"Blue Candle"},{"floor":29,"key":"Bronze Scales"},{"floor":32,"key":"Bag of Preparation"}],"event_choices":[{"damage_healed":0.0,"max_hp_gain":0.0,"max_hp_loss":0.0,"gold_gain":0.0,"event_name":"Scrap Ooze","player_choice":"Success","floor":2.0,"gold_loss":0.0,"damage_taken":18.0,"relics_obtained":["PreservedInsect"]},{"cards_removed":["Strike_R"],"damage_healed":0.0,"max_hp_gain":0.0,"max_hp_loss":0.0,"gold_gain":0.0,"event_name":"The Cleric","player_choice":"Card Removal","floor":10.0,"gold_loss":50.0,"damage_taken":0.0},{"damage_healed":0.0,"max_hp_gain":0.0,"max_hp_loss":0.0,"gold_gain":0.0,"event_name":"Liars Game","player_choice":"Ignored","floor":13.0,"gold_loss":0.0,"damage_taken":0.0},{"damage_healed":0.0,"max_hp_gain":5.0,"max_hp_loss":0.0,"gold_gain":0.0,"event_name":"Forgotten Altar","player_choice":"Shed Blood","floor":20.0,"gold_loss":0.0,"damage_taken":20.0},{"damage_healed":0.0,"max_hp_gain":0.0,"max_hp_loss":0.0,"gold_gain":0.0,"event_name":"Masked Bandits","player_choice":"Paid Fearfully","floor":24.0,"gold_loss":12.0,"damage_taken":0.0},{"damage_healed":0,"gold_gain":0,"player_choice":"Ignored","damage_taken":0,"max_hp_gain":0,"max_hp_loss":0,"event_name":"Ghosts","floor":28,"gold_loss":0},{"damage_healed":0,"gold_gain":0,"player_choice":"Read","damage_taken":0,"max_hp_gain":0,"max_hp_loss":0,"event_name":"The Library","floor":30,"gold_loss":0,"cards_obtained":["Armaments"]}],"is_beta":false,"boss_relics":[{"not_picked":["Astrolabe","Cursed Key"],"picked":"Mark of Pain"}],"items_purged_floors":[],"is_endless":false,"potions_floor_spawned":[1,6,8,14,18,25],"killed_by":"Champ","ascension_level":5}