{"gold_per_floor":[118,138,30,44,58,58,87,97,123,123,123,139,119,135,135,231,231,242,242,260,359,369,428,28,28,28,28,28],"floor_reached":28,"playtime":2301,"items_purged":["Strike_B"],"score":384,"play_id":"8df87d62-c7ad-46af-b64b-ba4bc9a36e0f","local_time":"20181221232115","is_ascension_mode":true,"campfire_choices":[{"data":"Sunder","floor":6,"key":"SMITH"},{"floor":15,"key":"REST"},{"data":"Creative AI","floor":27,"key":"SMITH"}],"neow_cost":"NONE","seed_source_timestamp":175646122208815,"circlet_count":0,"master_deck":["AscendersBane","Strike_B","Strike_B","Defend_B","Defend_B+1","Defend_B","Defend_B","Zap+1","Dualcast","Steam+1","Undo","Sunder+1","Chill","Self Repair","All For One","Stack","Capacitor","Gash","Electrodynamics","Gash","Necronomicurse","Genetic Algorithm+1","Rainbow","Creative AI+1","Self Repair"],"relics":["FrozenCore","Regal Pillow","Strawberry","Necronomicon","Tiny Chest","Emotion Chip","The Courier"],"potions_floor_usage":[14,16,20,23,23],"damage_taken":[{"damage":1,"enemies":"Cultist","floor":1,"turns":4},{"damage":4,"enemies":"Small Slimes","floor":2,"turns":3},{"damage":10,"enemies":"Jaw Worm","floor":4,"turns":2},{"damage":0,"enemies":"2 Fungi Beasts","floor":5,"turns":3},{"damage":32,"enemies":"Gremlin Nob","floor":7,"turns":4},{"damage":5,"enemies":"Looter","floor":8,"turns":3},{"damage":0,"enemies":"Large Slime","floor":12,"turns":6},{"damage":0,"enemies":"2 Fungi Beasts","floor":14,"turns":2},{"damage":22,"enemies":"Slime Boss","floor":16,"turns":10},{"damage":9,"enemies":"Shell Parasite","floor":18,"turns":9},{"damage":1,"enemies":"2 Thieves","floor":20,"turns":3},{"damage":1,"enemies":"3 Cultists","floor":22,"turns":5},{"damage":23,"enemies":"Book of Stabbing","floor":23,"turns":5},{"damage":47,"enemies":"Gremlin Leader","floor":28,"turns":3}],"seed_played":"-4655134804792817855","potions_obtained":[{"floor":4,"key":"Fire Potion"},{"floor":5,"key":"Ancient Potion"},{"floor":16,"key":"Energy Potion"},{"floor":18,"key":"Explosive Potion"},{"floor":22,"key":"GamblersBrew"}],"is_trial":false,"path_per_floor":["M","M","$","M","M","R","E","M","T","?","?","M","?","M","R","B",null,"M","?","M","?","M","E","$","?","T","R","E"],"character_chosen":"DEFECT","items_purchased":["Sunder","Chill","Self Repair","Emotion Chip"],"campfire_rested":1,"item_purchase_floors":[3,3,24,24],"current_hp_per_floor":[67,63,63,53,60,60,35,37,44,37,21,28,28,28,67,52,75,73,57,63,63,69,46,46,46,46,46,0],"gold":28,"neow_bonus":"UPGRADE_CARD","is_prod":false,"is_daily":false,"chose_seed":false,"campfire_upgraded":2,"win_rate":0,"timestamp":1545456075,"path_taken":["M","?","?","M","M","R","E","M","T","?","?","M","?","M","R","BOSS","M","?","M","?","M","E","$","?","T","R","E"],"build_version":"2018-12-20","purchased_purges":1,"victory":false,"max_hp_per_floor":[75,75,75,75,75,75,75,75,82,82,82,82,82,82,82,82,82,82,82,82,82,82,82,82,82,82,82,82],"card_choices":[{"not_picked":["Stack","Blizzard"],"picked":"Steam","floor":1},{"not_picked":["Redo","Turbo"],"picked":"Undo","floor":2},{"not_picked":["Go for the Eyes","Beam Cell"],"picked":"Self Repair","floor":4},{"not_picked":["FTL","Double Energy"],"picked":"All For One","floor":5},{"not_picked":["Ball Lightning","Streamline"],"picked":"Stack","floor":7},{"not_picked":["Gash","Undo"],"picked":"Capacitor","floor":8},{"not_picked":["Hologram","Go for the Eyes","Chaos"],"picked":"SKIP","floor":12},{"not_picked":["Streamline","Go for the Eyes"],"picked":"Gash","floor":14},{"not_picked":["Thunder Strike","Biased Cognition"],"picked":"Electrodynamics","floor":16},{"not_picked":["Hello World","Cold Snap"],"picked":"Gash","floor":18},{"not_picked":["Sweeping Beam+1","Steam+1"],"picked":"Genetic Algorithm+1","floor":20},{"not_picked":["Reprogram","Leap"],"picked":"Rainbow","floor":22},{"not_picked":["Compile Driver+1","Hello World"],"picked":"Creative AI","floor":23}],"player_experience":912643,"relics_obtained":[{"floor":7,"key":"Regal Pillow"},{"floor":9,"key":"Strawberry"},{"floor":19,"key":"Necronomicon"},{"floor":23,"key":"Tiny Chest"},{"floor":26,"key":"The Courier"}],"event_choices":[{"cards_removed":["Strike_B"],"damage_healed":0,"gold_gain":0,"player_choice":"Card Removal","damage_taken":7,"max_hp_gain":0,"max_hp_loss":0,"event_name":"Golden Wing","floor":10,"gold_loss":0},{"damage_healed":0,"gold_gain":0,"player_choice":"Entered Light","damage_taken":16,"max_hp_gain":0,"max_hp_loss":0,"event_name":"Shining Light","floor":11,"gold_loss":0,"cards_upgraded":["Steam","Defend_B"]},{"damage_healed":0,"gold_gain":0,"player_choice":"Left Gold","damage_taken":0,"max_hp_gain":0,"max_hp_loss":0,"event_name":"World of Goop","floor":13,"gold_loss":20},{"damage_healed":0,"gold_gain":0,"player_choice":"Obtained Book","damage_taken":16,"max_hp_gain":0,"max_hp_loss":0,"event_name":"Cursed Tome","floor":19,"gold_loss":0},{"damage_healed":0,"gold_gain":99,"player_choice":"Stole From Cult","damage_taken":0,"max_hp_gain":0,"max_hp_loss":0,"event_name":"Nest","floor":21,"gold_loss":0},{"damage_healed":0,"gold_gain":0,"player_choice":"Ignored","damage_taken":0,"max_hp_gain":0,"max_hp_loss":0,"event_name":"Ghosts","floor":25,"gold_loss":0}],"is_beta":false,"boss_relics":[{"not_picked":["Velvet Choker","Astrolabe"],"picked":"FrozenCore"}],"items_purged_floors":[24],"is_endless":false,"potions_floor_spawned":[4,5,7,8,16,18,22],"killed_by":"Gremlin Leader","ascension_level":12}