{"gold_per_floor":[114,114,129,404,419,479,494,524,524,539,539,600,615,630,630,730,730,745,760,760,775,150,150,180,195,220,250,265,265,364,364,364,464,464,479,494,509,524,524,554,24,24,49,79,39,339,339,354,354,354],"floor_reached":51,"playtime":1437,"items_purged":["Writhe"],"score":1384,"play_id":"d8349b5a-28f7-4395-805f-f9885f1e0997","local_time":"20180826163539","daily_mods":["Specialized","Cursed Run","Time Dilation"],"is_ascension_mode":false,"campfire_choices":[{"data":"Whirlwind","floor":11,"key":"SMITH"},{"data":"Bludgeon","floor":15,"key":"SMITH"},{"data":"1","floor":23,"key":"LIFT"},{"data":"2","floor":32,"key":"LIFT"},{"data":"3","floor":42,"key":"LIFT"},{"floor":47,"key":"REST"},{"floor":49,"key":"REST"}],"neow_cost":"","seed_source_timestamp":0,"circlet_count":0,"master_deck":["Strike_R+1","Strike_R+1","Strike_R+1","Strike_R+1","Defend_R+1","Defend_R+1","Defend_R+1","Defend_R+1","Bash","Offering","Offering","Offering","Offering","Offering","True Grit","Bludgeon+1","Shrug It Off","Regret","Whirlwind+1","Dual Wield","Headbutt","Pummel","Shame","Power Through","Pummel","Heavy Blade","Parasite","Dark Embrace","Headbutt+1","Second Wind+1","Shame","Feel No Pain+1","Pommel Strike","Feel No Pain+1","Feel No Pain","Decay","Inflame","Heavy Blade","Parasite","Impervious","Power Through+1","Body Slam","Heavy Blade+1","Cleave","Writhe","Armaments+1","Dual Wield","True Grit","Sword Boomerang","Sever Soul","Pain","Ghostly Armor","Shame","Heavy Blade+1","Parasite"],"special_seed":17769,"relics":["Cursed Key","Darkstone Periapt","Du-Vu Doll","Tiny Chest","Torii","Red Skull","Runic Dome","Calipers","Girya","Turnip","Ice Cream","Orichalcum","Ginger","Happy Flower","Fusion Hammer","Potion Belt","Chemical X","Blood Vial","Mummified Hand","Old Coin"],"potions_floor_usage":[6,16,16,24,24,24,24,50,50,50,50],"damage_taken":[{"damage":12,"enemies":"2 Louse","floor":1,"turns":2},{"damage":0,"enemies":"Jaw Worm","floor":3,"turns":1},{"damage":12,"enemies":"Cultist","floor":5,"turns":1},{"damage":18,"enemies":"Lagavulin","floor":6,"turns":1},{"damage":6,"enemies":"Exordium Wildlife","floor":7,"turns":1},{"damage":12,"enemies":"3 Sentries","floor":8,"turns":2},{"damage":0,"enemies":"Lots of Slimes","floor":10,"turns":2},{"damage":0,"enemies":"Large Slime","floor":13,"turns":3},{"damage":4,"enemies":"Gremlin Gang","floor":14,"turns":3},{"damage":9,"enemies":"The Guardian","floor":16,"turns":5},{"damage":0,"enemies":"2 Thieves","floor":18,"turns":3},{"damage":10,"enemies":"Spheric Guardian","floor":19,"turns":3},{"damage":15,"enemies":"Shelled Parasite and Fungi","floor":21,"turns":2},{"damage":0,"enemies":"Slavers","floor":24,"turns":1},{"damage":0,"enemies":"Snecko","floor":25,"turns":2},{"damage":12,"enemies":"Gremlin Leader","floor":27,"turns":1},{"damage":6,"enemies":"Snake Plant","floor":28,"turns":2},{"damage":24,"enemies":"Automaton","floor":33,"turns":3},{"damage":0,"enemies":"3 Darklings","floor":35,"turns":2},{"damage":6,"enemies":"Orb Walker","floor":36,"turns":1},{"damage":15,"enemies":"Maw","floor":37,"turns":3},{"damage":0,"enemies":"Jaw Worm Horde","floor":38,"turns":1},{"damage":17,"enemies":"Giant Head","floor":40,"turns":4},{"damage":12,"enemies":"2 Orb Walkers","floor":44,"turns":2},{"damage":6,"enemies":"Sphere and 2 Shapes","floor":48,"turns":1},{"damage":6,"enemies":"Time Eater","floor":50,"turns":2}],"seed_played":"1407461410960682535","potions_obtained":[{"floor":5,"key":"Swift Potion"},{"floor":10,"key":"Block Potion"},{"floor":13,"key":"PowerPotion"},{"floor":18,"key":"Explosive Potion"},{"floor":21,"key":"EntropicBrew"},{"floor":25,"key":"SpeedPotion"},{"floor":28,"key":"Dexterity Potion"},{"floor":33,"key":"FearPotion"},{"floor":37,"key":"FearPotion"},{"floor":40,"key":"AttackPotion"},{"floor":44,"key":"Block Potion"}],"is_trial":false,"path_per_floor":["M","?","M","?","M","E","M","E","T","M","R","?","M","M","R","B",null,"M","M","?","M","$","R","E","M","T","E","M","?","?","?","R","B",null,"M","M","M","M","?","E","$","R","T","E","?","T","R","M","R","B"],"character_chosen":"IRONCLAD","items_purchased":["Girya","Turnip","Pommel Strike","Chemical X","Energy Potion","Dual Wield","True Grit","Sword Boomerang","Sever Soul"],"campfire_rested":2,"item_purchase_floors":[22,22,22,41,41,41,41,41,41],"current_hp_per_floor":[68,68,68,74,62,44,38,26,32,32,32,32,32,28,28,25,98,98,88,94,79,79,79,79,79,85,73,67,67,67,73,73,55,122,122,116,101,101,128,111,111,111,117,107,107,113,140,134,140,140],"gold":354,"neow_bonus":"","is_prod":false,"is_daily":true,"chose_seed":false,"campfire_upgraded":2,"win_rate":0,"timestamp":1535276139,"path_taken":["M","?","M","?","M","E","?","E","T","M","R","?","M","?","R","BOSS","M","M","?","M","$","R","E","M","T","E","M","?","?","?","R","BOSS","M","M","M","M","?","E","$","R","T","E","?","?","R","M","R","BOSS"],"build_version":"2018-08-23v2","purchased_purges":1,"victory":true,"max_hp_per_floor":[80,80,80,86,86,86,86,86,92,92,92,92,92,92,92,98,98,98,98,104,104,104,104,104,104,110,110,110,110,110,116,116,122,122,122,122,122,122,128,128,128,128,134,134,134,140,140,140,140,146],"card_choices":[{"not_picked":["Fire Breathing","Heavy Blade"],"picked":"True Grit","floor":1},{"not_picked":["Pommel Strike","Shockwave"],"picked":"Shrug It Off","floor":3},{"not_picked":["Spot Weakness","Wild Strike"],"picked":"Whirlwind","floor":5},{"not_picked":["Warcry","Headbutt"],"picked":"Dual Wield","floor":6},{"not_picked":["Havoc","Iron Wave"],"picked":"Headbutt","floor":7},{"not_picked":["Corruption","Perfected Strike"],"picked":"Pummel","floor":8},{"not_picked":["Headbutt","Feel No Pain"],"picked":"Power Through","floor":10},{"not_picked":["Clash","Iron Wave"],"picked":"Pummel","floor":13},{"not_picked":["Spot Weakness","Body Slam"],"picked":"Heavy Blade","floor":14},{"not_picked":["Exhume","Berserk"],"picked":"Dark Embrace","floor":16},{"not_picked":["Armaments","Searing Blow"],"picked":"Headbutt+1","floor":18},{"not_picked":["Sword Boomerang","Body Slam+1"],"picked":"Second Wind+1","floor":19},{"not_picked":["Clash+1","Second Wind"],"picked":"Feel No Pain+1","floor":21},{"not_picked":["Clothesline","Entrench+1"],"picked":"Feel No Pain+1","floor":24},{"not_picked":["Combust","Clash+1"],"picked":"Feel No Pain","floor":25},{"not_picked":["Searing Blow+1","Anger"],"picked":"Inflame","floor":27},{"not_picked":["Havoc","Flex"],"picked":"Heavy Blade","floor":28},{"not_picked":["Dark Embrace","Brutality"],"picked":"Impervious","floor":33},{"not_picked":["Anger","Dropkick"],"picked":"Power Through+1","floor":35},{"not_picked":["Armaments","Reckless Charge+1"],"picked":"Body Slam","floor":36},{"not_picked":["Corruption","Dropkick"],"picked":"Heavy Blade+1","floor":37},{"not_picked":["Armaments","Carnage+1"],"picked":"Cleave","floor":38},{"not_picked":["Body Slam+1","Warcry"],"picked":"Armaments+1","floor":40},{"not_picked":["Twin Strike","Exhume"],"picked":"Ghostly Armor","floor":44},{"not_picked":["Ghostly Armor+1","Clothesline+1"],"picked":"Heavy Blade+1","floor":48}],"player_experience":323054,"relics_obtained":[{"floor":6,"key":"Tiny Chest"},{"floor":8,"key":"Torii"},{"floor":9,"key":"Red Skull"},{"floor":24,"key":"Ice Cream"},{"floor":26,"key":"Orichalcum"},{"floor":27,"key":"Ginger"},{"floor":40,"key":"Potion Belt"},{"floor":43,"key":"Blood Vial"},{"floor":44,"key":"Mummified Hand"},{"floor":46,"key":"Old Coin"}],"event_choices":[{"event_name":"Living Wall","player_choice":"Change","floor":2,"damage_taken":0},{"event_name":"Golden Shrine","player_choice":"Desecrate","floor":4,"damage_taken":0},{"event_name":"Golden Wing","player_choice":"Gained Gold","floor":12,"damage_taken":0},{"event_name":"Addict","player_choice":"Stole Relic","floor":20,"damage_taken":0},{"event_name":"Back to Basics","player_choice":"Simplicity","floor":29,"damage_taken":0},{"event_name":"Nest","player_choice":"Stole From Cult","floor":30,"damage_taken":0},{"event_name":"The Mausoleum","player_choice":"Yes","floor":31,"damage_taken":0},{"event_name":"Winding Halls","player_choice":"Writhe","floor":39,"damage_taken":0},{"event_name":"The Woman in Blue","player_choice":"Bought 3 Potions","floor":45,"damage_taken":0}],"is_beta":true,"boss_relics":[{"not_picked":["Astrolabe","Runic Pyramid"],"picked":"Runic Dome"},{"not_picked":["Coffee Dripper","Orrery"],"picked":"Fusion Hammer"}],"items_purged_floors":[41],"is_endless":false,"potions_floor_spawned":[5,10,13,18,21,25,28,33,37,40,44],"ascension_level":0}