{"gold_per_floor":[116,131,146,35,54,54,54,67,145,162,94,94,94,49,49,151,151,161,161,260,278,43,53,53,53,53,71,71,106,106,120,120,218,218,232,243,343,359,359,359,87,87,87,101,118,118,131,143,143,143],"floor_reached":50,"playtime":4500,"items_purged":["Strike_B","Defend_B+1"],"score":572,"play_id":"07a71065-f26c-4066-a327-c2e43b63e208","local_time":"20190812184411","is_ascension_mode":true,"campfire_choices":[{"data":"Redo","floor":6,"key":"SMITH"},{"data":"Coolheaded","floor":12,"key":"SMITH"},{"data":"Conserve Battery","floor":15,"key":"SMITH"},{"data":"Creative AI","floor":24,"key":"SMITH"},{"floor":28,"key":"REST"},{"floor":32,"key":"REST"},{"data":"Conserve Battery","floor":40,"key":"SMITH"},{"data":"Echo Form","floor":42,"key":"SMITH"},{"floor":49,"key":"REST"}],"neow_cost":"NONE","seed_source_timestamp":5371549990125,"circlet_count":0,"master_deck":["Strike_B+1","Defend_B+1","Defend_B+1","Defend_B+1","Zap","Dualcast","Ball Lightning","Cold Snap","Redo+1","Capacitor+1","Cold Snap","Stack","Meteor Strike","Ball Lightning","Coolheaded+1","BootSequence","Conserve Battery+1","Creative AI+1","Reinforced Body","Seek","Self Repair","Conserve Battery+1","FTL","Gash","Gash","Gash","Echo Form+1","Panache","Hologram"],"relics":["Nuclear Battery","Ornamental Fan","Cursed Key","Omamori","Incense Burner","Torii","Sozu","Du-Vu Doll","Pear"],"potions_floor_usage":[16,33,47,47],"damage_taken":[{"damage":0,"enemies":"Cultist","floor":1,"turns":4},{"damage":7,"enemies":"Jaw Worm","floor":2,"turns":3},{"damage":0,"enemies":"2 Louse","floor":3,"turns":2},{"damage":7,"enemies":"Blue Slaver","floor":5,"turns":3},{"damage":3,"enemies":"3 Louse","floor":8,"turns":3},{"damage":7,"enemies":"Looter","floor":10,"turns":3},{"damage":39,"enemies":"Hexaghost","floor":16,"turns":11},{"damage":7,"enemies":"Spheric Guardian","floor":18,"turns":4},{"damage":5,"enemies":"Chosen","floor":21,"turns":6},{"damage":8,"enemies":"Snake Plant","floor":23,"turns":8},{"damage":19,"enemies":"Shelled Parasite and Fungi","floor":27,"turns":8},{"damage":36,"enemies":"Book of Stabbing","floor":29,"turns":8},{"damage":15,"enemies":"Cultist and Chosen","floor":31,"turns":9},{"damage":9,"enemies":"Champ","floor":33,"turns":12},{"damage":41,"enemies":"3 Darklings","floor":35,"turns":9},{"damage":1,"enemies":"Orb Walker","floor":36,"turns":6},{"damage":0,"enemies":"Mind Bloom Boss Battle","floor":37,"turns":8},{"damage":0,"enemies":"Maw","floor":38,"turns":8},{"damage":20,"enemies":"3 Darklings","floor":44,"turns":6},{"damage":9,"enemies":"Sphere and 2 Shapes","floor":45,"turns":4},{"damage":18,"enemies":"Transient","floor":47,"turns":5},{"damage":0,"enemies":"3 Darklings","floor":48,"turns":5},{"damage":77,"enemies":"Donu and Deca","floor":50,"turns":9}],"seed_played":"7544444936947372671","potions_obtained":[{"floor":2,"key":"Weak Potion"},{"floor":3,"key":"Explosive Potion"},{"floor":8,"key":"Weak Potion"},{"floor":10,"key":"Explosive Potion"},{"floor":18,"key":"Explosive Potion"},{"floor":29,"key":"Poison Potion"}],"is_trial":false,"path_per_floor":["M","M","M","$","M","R","?","M","T","M","$","R","?","$","R","B",null,"M","?","?","M","$","M","R","?","T","M","R","E","?","M","R","B",null,"M","M","?","M","?","R","$","R","T","M","M","?","M","M","R","B"],"character_chosen":"DEFECT","items_purchased":["Capacitor","BootSequence","Conserve Battery","Self Repair","Omamori","Conserve Battery","Panache"],"campfire_rested":3,"item_purchase_floors":[4,11,14,22,22,22,41],"current_hp_per_floor":[75,68,68,68,61,61,61,58,58,51,51,51,51,51,51,12,75,68,54,54,49,49,48,48,48,48,36,60,31,31,23,47,45,80,46,59,66,73,73,73,73,73,83,70,68,68,50,50,77,0],"gold":143,"neow_bonus":"BOSS_RELIC","is_prod":false,"is_daily":false,"chose_seed":false,"campfire_upgraded":6,"win_rate":0,"timestamp":1565628251,"path_taken":["M","?","M","$","M","R","?","M","T","M","?","R","?","?","R","BOSS","M","?","?","M","$","M","R","?","T","?","R","E","?","M","R","BOSS","M","M","?","M","?","R","$","R","T","M","M","?","?","M","R","BOSS"],"build_version":"2019-07-17","purchased_purges":2,"victory":false,"max_hp_per_floor":[75,75,75,75,75,75,75,75,75,75,75,75,75,75,75,75,75,75,80,80,80,80,80,80,80,80,80,80,80,80,80,80,80,80,80,80,80,80,80,80,80,80,90,90,90,90,90,90,90,90],"card_choices":[{"not_picked":["Turbo","Self Repair"],"picked":"Ball Lightning","floor":1},{"not_picked":["Sweeping Beam","Undo"],"picked":"Cold Snap","floor":2},{"not_picked":["Recycle","Rip and Tear"],"picked":"Redo","floor":3},{"not_picked":["Barrage","Static Discharge"],"picked":"Cold Snap","floor":5},{"not_picked":["Stack","Fusion"],"picked":"Ball Lightning","floor":8},{"not_picked":["Chaos","Blizzard"],"picked":"Coolheaded","floor":10},{"not_picked":["Rainbow","Meteor Strike"],"picked":"Creative AI","floor":16},{"not_picked":["Turbo+1","Stack"],"picked":"Reinforced Body","floor":18},{"not_picked":["Hologram","Compile Driver"],"picked":"Seek","floor":21},{"not_picked":["Redo","Rebound"],"picked":"FTL","floor":23},{"not_picked":["Beam Cell","Stack"],"picked":"Gash","floor":27},{"not_picked":["Stack+1","Reinforced Body"],"picked":"Gash","floor":29},{"not_picked":["Undo","Skim","Gash"],"picked":"SKIP","floor":31},{"not_picked":["Buffer","Electrodynamics"],"picked":"Echo Form","floor":33},{"not_picked":["Fusion+1","Barrage","Stack"],"picked":"SKIP","floor":35},{"not_picked":["Leap","Barrage+1","Steam Power+1"],"picked":"SKIP","floor":36},{"not_picked":["Stack","Blizzard+1","Sweeping Beam+1"],"picked":"SKIP","floor":38},{"not_picked":["Tempest","Steam Power","Barrage"],"picked":"SKIP","floor":44},{"not_picked":["Stack+1","Thunder Strike"],"picked":"Hologram","floor":45},{"not_picked":["Gash","Double Energy","Fusion"],"picked":"SKIP","floor":47},{"not_picked":["Fusion+1","Barrage+1","Melter+1"],"picked":"SKIP","floor":48}],"player_experience":294848,"relics_obtained":[{"floor":9,"key":"Ornamental Fan"},{"floor":26,"key":"Incense Burner"},{"floor":29,"key":"Torii"},{"floor":37,"key":"Du-Vu Doll"},{"floor":43,"key":"Pear"}],"event_choices":[{"damage_healed":0,"gold_gain":0,"player_choice":"2 cards matched","damage_taken":0,"max_hp_gain":0,"max_hp_loss":0,"event_name":"Match and Keep!","floor":7,"gold_loss":0,"cards_obtained":["Stack","Meteor Strike"]},{"damage_healed":0,"gold_gain":0,"player_choice":"Grow","damage_taken":0,"max_hp_gain":0,"max_hp_loss":0,"event_name":"Living Wall","floor":13,"gold_loss":0,"cards_upgraded":["Capacitor"]},{"damage_healed":0,"gold_gain":0,"player_choice":"Shed Blood","damage_taken":19,"max_hp_gain":5,"max_hp_loss":0,"event_name":"Forgotten Altar","floor":19,"gold_loss":0},{"damage_healed":0,"gold_gain":99,"player_choice":"Stole From Cult","damage_taken":0,"max_hp_gain":0,"max_hp_loss":0,"event_name":"Nest","floor":20,"gold_loss":0},{"damage_healed":0,"gold_gain":0,"player_choice":"Simplicity","damage_taken":0,"max_hp_gain":0,"max_hp_loss":0,"event_name":"Back to Basics","floor":25,"gold_loss":0,"cards_upgraded":["Strike_B","Strike_B","Strike_B","Defend_B","Defend_B","Defend_B","Defend_B"]},{"damage_healed":0,"gold_gain":0,"cards_transformed":["Strike_B"],"player_choice":"Transformed","damage_taken":0,"max_hp_gain":0,"max_hp_loss":0,"event_name":"Transmorgrifier","floor":30,"gold_loss":0,"cards_obtained":["Gash"]},{"damage_healed":0,"gold_gain":0,"player_choice":"Fight","damage_taken":0,"max_hp_gain":0,"max_hp_loss":0,"event_name":"MindBloom","floor":37,"gold_loss":0},{"damage_healed":0,"gold_gain":0,"player_choice":"Ignored","damage_taken":0,"max_hp_gain":0,"max_hp_loss":0,"event_name":"Tomb of Lord Red Mask","floor":39,"gold_loss":0},{"cards_removed":["Strike_B"],"damage_healed":0,"gold_gain":0,"player_choice":"Offered Basic","damage_taken":0,"max_hp_gain":0,"max_hp_loss":0,"event_name":"Bonfire Elementals","floor":46,"gold_loss":0}],"is_beta":false,"boss_relics":[{"not_picked":["Inserter","White Beast Statue"],"picked":"Cursed Key"},{"not_picked":["Runic Pyramid","Coffee Dripper"],"picked":"Sozu"}],"items_purged_floors":[4,41],"is_endless":false,"potions_floor_spawned":[2,3,8,10,18,21,29,36,44,48],"killed_by":"Donu and Deca","ascension_level":4}