{"gold_per_floor":[410,47,62,75,75,75,93,93,93,93,93,122,139,189,189,263,263,242,1,17,31,31],"floor_reached":22,"playtime":1125,"items_purged":["Writhe"],"score":372,"play_id":"f85f6f14-a927-4ee7-94af-d002ff1f8896","local_time":"20190504200910","is_ascension_mode":true,"campfire_choices":[{"data":"Bash","floor":6.0,"key":"SMITH"},{"data":"Flame Barrier","floor":8.0,"key":"SMITH"},{"data":"Metallicize","floor":11.0,"key":"SMITH"},{"data":"Feel No Pain","floor":15.0,"key":"SMITH"}],"neow_cost":"CURSE","seed_source_timestamp":1109641844212354,"circlet_count":0,"master_deck":["AscendersBane","Strike_R","Strike_R","Strike_R","Strike_R","Defend_R","Defend_R","Defend_R","Defend_R","Bash+1","Feel No Pain+1","Iron Wave","Flame Barrier+1","Metallicize+1","Limit Break","Twin Strike","Demon Form","Havoc","Mayhem","Warcry","Sword Boomerang+1"],"special_seed":0,"relics":["Burning Blood","Old Coin","Pantograph","Letter Opener","Darkstone Periapt","Fusion Hammer"],"potions_floor_usage":[22],"damage_taken":[{"damage":9.0,"enemies":"Small Slimes","floor":1.0,"turns":4.0},{"damage":2.0,"enemies":"Cultist","floor":3.0,"turns":4.0},{"damage":14.0,"enemies":"Jaw Worm","floor":4.0,"turns":5.0},{"damage":8.0,"enemies":"2 Fungi Beasts","floor":7.0,"turns":4.0},{"damage":14.0,"enemies":"3 Sentries","floor":12.0,"turns":29.0},{"damage":3.0,"enemies":"Large Slime","floor":13.0,"turns":8.0},{"damage":70.0,"enemies":"Slime Boss","floor":16.0,"turns":19.0},{"damage":24.0,"enemies":"2 Thieves","floor":18.0,"turns":4.0},{"damage":0,"enemies":"3 Byrds","floor":20,"turns":1},{"damage":29,"enemies":"Centurion and Healer","floor":21,"turns":6},{"damage":30,"enemies":"3 Cultists","floor":22,"turns":4}],"seed_played":"-5940129203945448630","potions_obtained":[{"floor":1.0,"key":"Explosive Potion"},{"floor":4.0,"key":"Explosive Potion"},{"floor":13.0,"key":"Dexterity Potion"},{"floor":16.0,"key":"SkillPotion"},{"floor":18.0,"key":"EssenceOfSteel"}],"is_trial":false,"path_per_floor":["M","$","M","M","?","R","M","R","T","$","R","E","M","?","R","B",null,"M","$","M","M","M"],"character_chosen":"IRONCLAD","items_purchased":["Pantograph","Mayhem","Warcry"],"campfire_rested":0,"item_purchase_floors":[2,19,19],"current_hp_per_floor":[65,65,69,61,61,61,59,59,59,59,59,51,54,47,47,8,58,40,40,46,23,0],"gold":31,"neow_bonus":"ONE_RARE_RELIC","is_prod":false,"is_daily":false,"chose_seed":false,"campfire_upgraded":4,"win_rate":0,"timestamp":1557014950,"path_taken":["M","$","M","M","?","R","M","R","T","$","R","E","?","?","R","BOSS","M","$","M","?","M"],"build_version":"2019-01-23","purchased_purges":1,"victory":false,"max_hp_per_floor":[75,75,75,75,75,75,75,75,75,75,75,75,75,75,75,75,75,75,75,75,75,75],"card_choices":[{"not_picked":["Power Through","Iron Wave","Thunderclap"],"picked":"SKIP","floor":1.0},{"not_picked":["Havoc","Warcry"],"picked":"Feel No Pain","floor":3.0},{"not_picked":["Thunderclap","Wild Strike"],"picked":"Iron Wave","floor":4.0},{"not_picked":["Rage","Wild Strike"],"picked":"Metallicize","floor":7.0},{"not_picked":["Havoc","Clash"],"picked":"Limit Break","floor":12.0},{"not_picked":["Thunderclap","Heavy Blade"],"picked":"Twin Strike","floor":13.0},{"not_picked":["Juggernaut","Brutality"],"picked":"Demon Form","floor":16.0},{"not_picked":["Seeing Red","Power Through"],"picked":"Havoc","floor":18.0},{"not_picked":["Shrug It Off","Flex"],"picked":"Sword Boomerang+1","floor":20},{"not_picked":["Searing Blow","Anger","Body Slam"],"picked":"SKIP","floor":21}],"player_experience":822883,"relics_obtained":[{"floor":9.0,"key":"Letter Opener"},{"floor":12.0,"key":"Darkstone Periapt"}],"event_choices":[{"damage_healed":0.0,"max_hp_gain":0.0,"max_hp_loss":0.0,"gold_gain":0.0,"cards_transformed":["Strike_R"],"event_name":"Transmorgrifier","player_choice":"Transformed","floor":5.0,"gold_loss":0.0,"damage_taken":0.0,"cards_obtained":["Flame Barrier"]},{"damage_healed":0.0,"max_hp_gain":0.0,"max_hp_loss":0.0,"gold_gain":50.0,"event_name":"FaceTrader","player_choice":"Touch","floor":14.0,"gold_loss":0.0,"damage_taken":7.0}],"is_beta":false,"boss_relics":[{"not_picked":["Eternal Feather","Tiny House"],"picked":"Fusion Hammer"}],"items_purged_floors":[2],"is_endless":false,"potions_floor_spawned":[1,4,13,16,18],"killed_by":"3 Cultists","ascension_level":20}