{"gold_per_floor":[118,129,143,154,21,21,50,67,67,67,96,96,122,132,132,229,229,245,261,278,294,309,309,338,338,391,420,48,62,62,62,62,161,161,180,0,0,0,14,14,25,25,49,76,76,89,189,200,200,200],"floor_reached":51,"playtime":2799,"items_purged":["Strike_R"],"score":1065,"play_id":"f6a4d55e-9ccc-43c1-8342-b5d70f00418e","local_time":"20190929161345","is_ascension_mode":true,"campfire_choices":[{"data":"True Grit","floor":6,"key":"SMITH"},{"floor":12,"key":"REST"},{"floor":15,"key":"REST"},{"floor":23,"key":"REST"},{"floor":30,"key":"REST"},{"floor":32,"key":"REST"},{"data":"Demon Form","floor":40,"key":"SMITH"},{"data":"Bludgeon","floor":42,"key":"SMITH"},{"floor":45,"key":"REST"},{"floor":49,"key":"REST"}],"neow_cost":"NONE","seed_source_timestamp":1471547083848300,"circlet_count":0,"master_deck":["Strike_R","Strike_R","Strike_R","Defend_R","Defend_R","Defend_R","Defend_R","Bash","Iron Wave","Clothesline","Spot Weakness","Pommel Strike","Whirlwind+1","Demon Form+1","True Grit+1","Double Tap","Evolve","Shrug It Off","Heavy Blade","Flame Barrier","Feed","Ghostly Armor+1","Power Through","Heavy Blade+1","Corruption","Shrug It Off","Clothesline+1","Clash+1","Shrug It Off+1","Feed","Sword Boomerang+1","J.A.X.","Wild Strike","Sword Boomerang+1","Sword Boomerang+1","RitualDagger","Bludgeon+1","Body Slam+1","Perfected Strike","Clothesline+1","Cleave+1","Headbutt+1","True Grit+1","Spot Weakness+1","Shrug It Off"],"relics":["Burning Blood","Red Skull","Magic Flower","Prayer Wheel","Nunchaku","Snecko Eye","Ornamental Fan","Boot","Chemical X","Blood Vial","Busted Crown","Red Mask","Orichalcum","Toy Ornithopter","TungstenRod"],"potions_floor_usage":[13,20,24,27,33,33,44,44,48,50],"damage_taken":[{"damage":1,"enemies":"Cultist","floor":1,"turns":3},{"damage":5,"enemies":"Jaw Worm","floor":2,"turns":4},{"damage":4,"enemies":"Small Slimes","floor":3,"turns":3},{"damage":10,"enemies":"3 Louse","floor":4,"turns":4},{"damage":31,"enemies":"3 Sentries","floor":7,"turns":6},{"damage":1,"enemies":"2 Fungi Beasts","floor":8,"turns":3},{"damage":33,"enemies":"Gremlin Nob","floor":11,"turns":4},{"damage":11,"enemies":"3 Sentries","floor":13,"turns":4},{"damage":11,"enemies":"Exordium Thugs","floor":14,"turns":3},{"damage":48,"enemies":"Hexaghost","floor":16,"turns":8},{"damage":23,"enemies":"2 Thieves","floor":18,"turns":4},{"damage":3,"enemies":"Shell Parasite","floor":19,"turns":5},{"damage":32,"enemies":"Centurion and Healer","floor":20,"turns":6},{"damage":0,"enemies":"Snecko","floor":21,"turns":2},{"damage":18,"enemies":"Snake Plant","floor":22,"turns":4},{"damage":39,"enemies":"Slavers","floor":24,"turns":4},{"damage":11,"enemies":"Book of Stabbing","floor":27,"turns":3},{"damage":15,"enemies":"Shelled Parasite and Fungi","floor":29,"turns":4},{"damage":52,"enemies":"Automaton","floor":33,"turns":8},{"damage":5,"enemies":"Orb Walker","floor":35,"turns":3},{"damage":16,"enemies":"3 Shapes","floor":39,"turns":3},{"damage":22,"enemies":"Transient","floor":41,"turns":5},{"damage":57,"enemies":"Giant Head","floor":44,"turns":8},{"damage":35,"enemies":"4 Shapes","floor":46,"turns":3},{"damage":3,"enemies":"Mind Bloom Boss Battle","floor":47,"turns":3},{"damage":31,"enemies":"Jaw Worm Horde","floor":48,"turns":4},{"damage":62,"enemies":"Donu and Deca","floor":50,"turns":6}],"seed_played":"-8483897383565661494","potions_obtained":[{"floor":2,"key":"GamblersBrew"},{"floor":3,"key":"FearPotion"},{"floor":7,"key":"Swift Potion"},{"floor":8,"key":"SteroidPotion"},{"floor":13,"key":"Swift Potion"},{"floor":19,"key":"SpeedPotion"},{"floor":20,"key":"Fire Potion"},{"floor":24,"key":"Swift Potion"},{"floor":27,"key":"Dexterity Potion"},{"floor":33,"key":"DuplicationPotion"},{"floor":39,"key":"Swift Potion"},{"floor":41,"key":"SteroidPotion"},{"floor":46,"key":"Explosive Potion"}],"is_trial":false,"path_per_floor":["M","M","M","M","$","R","E","M","T","?","E","R","E","M","R","B",null,"M","M","M","M","M","R","E","?","T","E","$","M","R","?","R","B",null,"M","?","?","?","M","R","M","R","T","E","R","M","?","M","R","B",null],"character_chosen":"IRONCLAD","items_purchased":["Demon Form","True Grit","Chemical X","Blood Vial"],"campfire_rested":7,"item_purchase_floors":[5,5,28,28],"current_hp_per_floor":[77,78,80,76,76,76,51,56,56,48,24,48,46,44,68,29,67,53,59,36,45,36,60,40,40,40,38,38,35,60,54,79,39,74,86,86,86,86,82,82,72,72,72,27,53,40,54,43,72,30],"gold":200,"neow_bonus":"TRANSFORM_CARD","is_prod":false,"is_daily":false,"chose_seed":false,"campfire_upgraded":3,"win_rate":0,"timestamp":1569788025,"path_taken":["M","M","M","?","$","R","E","M","T","?","E","R","E","M","R","BOSS","M","M","M","?","M","R","E","?","T","E","$","M","R","?","R","BOSS","M","?","?","?","M","R","M","R","T","E","R","?","?","M","R","BOSS"],"build_version":"2019-09-27","purchased_purges":1,"victory":true,"max_hp_per_floor":[80,80,80,80,80,80,80,80,80,80,80,80,80,80,80,80,80,80,80,80,80,80,80,86,86,86,86,86,86,86,86,86,86,86,89,89,89,89,89,89,89,89,89,89,89,95,98,98,98,98],"card_choices":[{"not_picked":["Body Slam","Infernal Blade"],"picked":"Clothesline","floor":1},{"not_picked":["Dropkick","Cleave"],"picked":"Spot Weakness","floor":2},{"not_picked":["Bloodletting","Seeing Red"],"picked":"Pommel Strike","floor":3},{"not_picked":["Hemokinesis","Reckless Charge"],"picked":"Whirlwind","floor":4},{"not_picked":["Sentinel","Feel No Pain"],"picked":"Double Tap","floor":7},{"not_picked":["Shrug It Off","Body Slam"],"picked":"Evolve","floor":8},{"not_picked":["Carnage","Flex"],"picked":"Reckless Charge","floor":11},{"not_picked":["Flame Barrier","Clash"],"picked":"Shrug It Off","floor":13},{"not_picked":["Clothesline","Intimidate"],"picked":"Heavy Blade","floor":14},{"not_picked":["Perfected Strike","Bloodletting"],"picked":"Flame Barrier","floor":14},{"not_picked":["Immolate","Bludgeon"],"picked":"Feed","floor":16},{"not_picked":["Spot Weakness","Hemokinesis"],"picked":"Ghostly Armor+1","floor":18},{"not_picked":["Sentinel+1","Carnage+1"],"picked":"Power Through","floor":18},{"not_picked":["Inflame","Warcry"],"picked":"Heavy Blade+1","floor":19},{"not_picked":["Spot Weakness+1","Iron Wave"],"picked":"Corruption","floor":19},{"not_picked":["Armaments","Perfected Strike"],"picked":"Shrug It Off","floor":20},{"not_picked":["Perfected Strike","Anger+1"],"picked":"Clothesline+1","floor":20},{"not_picked":["Shrug It Off","Pommel Strike"],"picked":"Clash+1","floor":21},{"not_picked":["Clothesline","Sever Soul+1"],"picked":"Shrug It Off+1","floor":21},{"not_picked":["Combust+1","Uppercut"],"picked":"Feed","floor":22},{"not_picked":["Anger","Warcry"],"picked":"Sword Boomerang+1","floor":22},{"not_picked":["Anger","Burning Pact","Warcry"],"picked":"SKIP","floor":24},{"not_picked":["Perfected Strike","Seeing Red"],"picked":"Wild Strike","floor":27},{"not_picked":["Pommel Strike+1","Headbutt"],"picked":"Sword Boomerang+1","floor":29},{"not_picked":["Sentinel+1","Perfected Strike"],"picked":"Sword Boomerang+1","floor":29},{"not_picked":["Dark Embrace","Fiend Fire"],"picked":"Bludgeon","floor":33},{"not_picked":[],"picked":"Body Slam+1","floor":35},{"not_picked":["Headbutt"],"picked":"SKIP","floor":35},{"not_picked":[],"picked":"Perfected Strike","floor":39},{"not_picked":[],"picked":"Clothesline+1","floor":39},{"not_picked":[],"picked":"Cleave+1","floor":41},{"not_picked":["Evolve+1"],"picked":"SKIP","floor":41},{"not_picked":["Rupture+1"],"picked":"SKIP","floor":44},{"not_picked":[],"picked":"Headbutt+1","floor":46},{"not_picked":["Wild Strike+1"],"picked":"SKIP","floor":46},{"not_picked":[],"picked":"True Grit+1","floor":47},{"not_picked":[],"picked":"Spot Weakness+1","floor":48},{"not_picked":[],"picked":"Shrug It Off","floor":48}],"player_experience":195095,"relics_obtained":[{"floor":7,"key":"Red Skull"},{"floor":9,"key":"Magic Flower"},{"floor":11,"key":"Prayer Wheel"},{"floor":13,"key":"Nunchaku"},{"floor":24,"key":"Ornamental Fan"},{"floor":27,"key":"Boot"},{"floor":43,"key":"Orichalcum"},{"floor":44,"key":"Toy Ornithopter"},{"floor":47,"key":"TungstenRod"}],"event_choices":[{"damage_healed":0,"gold_gain":0,"player_choice":"Damaged","damage_taken":8,"max_hp_gain":0,"max_hp_loss":0,"event_name":"Wheel of Change","floor":10,"gold_loss":0},{"damage_healed":0,"gold_gain":0,"player_choice":"Obtain J.A.X.","damage_taken":0,"max_hp_gain":0,"max_hp_loss":0,"event_name":"Drug Dealer","floor":25,"gold_loss":0,"cards_obtained":["J.A.X."]},{"damage_healed":0,"gold_gain":0,"player_choice":"Joined the Cult","damage_taken":6,"max_hp_gain":0,"max_hp_loss":0,"event_name":"Nest","floor":31,"gold_loss":0,"cards_obtained":["RitualDagger"]},{"damage_healed":0,"gold_gain":0,"player_choice":"Paid","damage_taken":0,"relics_obtained":["Red Mask"],"max_hp_gain":0,"max_hp_loss":0,"event_name":"Tomb of Lord Red Mask","floor":36,"gold_loss":180},{"cards_removed":["Reckless Charge"],"damage_healed":0,"gold_gain":0,"player_choice":"Removed Attack","damage_taken":0,"max_hp_gain":0,"max_hp_loss":0,"event_name":"Falling","floor":37,"gold_loss":0},{"damage_healed":0,"gold_gain":0,"player_choice":"Upgraded","damage_taken":0,"max_hp_gain":0,"max_hp_loss":0,"event_name":"Upgrade Shrine","floor":38,"gold_loss":0,"cards_upgraded":["Whirlwind"]},{"damage_healed":0,"gold_gain":0,"player_choice":"Fight","damage_taken":0,"max_hp_gain":0,"max_hp_loss":0,"event_name":"MindBloom","floor":47,"gold_loss":0}],"is_beta":true,"boss_relics":[{"not_picked":["Astrolabe","Black Star"],"picked":"Snecko Eye"},{"not_picked":["SlaversCollar","Cursed Key"],"picked":"Busted Crown"}],"items_purged_floors":[28],"is_endless":false,"potions_floor_spawned":[2,3,7,8,13,19,20,24,27,33,39,41,46],"ascension_level":8}