{"gold_per_floor":[119,269,157,157,82,108,108,125,148,173,31,42,42,75,87,99],"floor_reached":16,"playtime":333,"items_purged":["Doubt","Strike_R"],"score":282,"play_id":"323ae199-4f06-4566-af3c-0c513d650096","local_time":"20190925132946","is_ascension_mode":true,"campfire_choices":[{"data":"Sentinel","floor":7,"key":"SMITH"},{"data":"Body Slam","floor":13,"key":"SMITH"},{"data":"Metallicize","floor":15,"key":"SMITH"}],"neow_cost":"NONE","seed_source_timestamp":739052548651500,"circlet_count":0,"master_deck":["AscendersBane","Strike_R","Strike_R","Strike_R","Defend_R","Defend_R","Defend_R","Defend_R","Bash","Metallicize+1","Feel No Pain","Sentinel+1","Carnage","Second Wind","Body Slam+1"],"relics":["Burning Blood","NeowsBlessing","The Courier","Dream Catcher","Boot","MawBank"],"potions_floor_usage":[10,14],"damage_taken":[{"damage":0,"enemies":"Cultist","floor":1,"turns":1},{"damage":0,"enemies":"3 Sentries","floor":6,"turns":2},{"damage":0,"enemies":"Jaw Worm","floor":8,"turns":1},{"damage":35,"enemies":"Gremlin Nob","floor":10,"turns":6},{"damage":4,"enemies":"Small Slimes","floor":12,"turns":5},{"damage":29,"enemies":"Lagavulin","floor":14,"turns":6},{"damage":48,"enemies":"The Guardian","floor":16,"turns":10}],"seed_played":"-3205312378754553764","potions_obtained":[{"floor":8,"key":"EssenceOfSteel"},{"floor":10,"key":"SmokeBomb"},{"floor":12,"key":"Regen Potion"}],"is_trial":false,"path_per_floor":["M","?","$","?","?","E","R","M","T","E","$","M","R","E","R","B"],"character_chosen":"IRONCLAD","items_purchased":["Feel No Pain","Second Wind"],"campfire_rested":0,"item_purchase_floors":[3,11],"current_hp_per_floor":[74,74,74,79,79,80,80,80,80,51,51,53,53,45,45,0],"gold":99,"neow_bonus":"THREE_ENEMY_KILL","is_prod":false,"is_daily":false,"chose_seed":false,"campfire_upgraded":3,"win_rate":0,"timestamp":1569443386,"path_taken":["M","?","$","?","?","E","R","M","T","E","$","M","R","E","R","BOSS"],"build_version":"2019-09-24","purchased_purges":2,"victory":false,"max_hp_per_floor":[75,75,75,80,80,80,80,80,80,80,80,80,80,80,80,80],"card_choices":[{"not_picked":["Clash","Fire Breathing"],"picked":"Metallicize","floor":1},{"not_picked":["Combust","Pummel"],"picked":"Sentinel","floor":6},{"not_picked":["Hemokinesis","Thunderclap"],"picked":"Carnage","floor":8},{"not_picked":["Wild Strike","Whirlwind","Sever Soul"],"picked":"SKIP","floor":10},{"not_picked":["Clash","Anger"],"picked":"Body Slam","floor":12},{"not_picked":["Thunderclap","Sever Soul","Combust"],"picked":"SKIP","floor":14}],"player_experience":1033845,"relics_obtained":[{"floor":6,"key":"The Courier"},{"floor":9,"key":"Dream Catcher"},{"floor":10,"key":"Boot"},{"floor":14,"key":"MawBank"}],"event_choices":[{"damage_healed":0,"gold_gain":150,"player_choice":"AGREE","damage_taken":0,"max_hp_gain":0,"max_hp_loss":0,"event_name":"Liars Game","floor":2,"gold_loss":0,"cards_obtained":["Doubt"]},{"damage_healed":0,"gold_gain":0,"player_choice":"Donut","damage_taken":0,"max_hp_gain":5,"max_hp_loss":0,"event_name":"Big Fish","floor":4,"gold_loss":0},{"cards_removed":["Strike_R"],"damage_healed":0,"gold_gain":0,"player_choice":"Card Removal","damage_taken":0,"max_hp_gain":0,"max_hp_loss":0,"event_name":"The Cleric","floor":5,"gold_loss":75}],"is_beta":true,"boss_relics":[],"items_purged_floors":[3,11],"is_endless":false,"potions_floor_spawned":[8,10,12],"killed_by":"The Guardian","ascension_level":20}