{"gold_per_floor":[112,127,127,156,168,180,225,237,275,305,342,354,366,378,390,505,517,542,554,566,589,613,625,662,399,399,456,475,390,390,406,406,501,501,513,513,531,531,157,157,157,173,250,250,278,278,278,27,27,27,27,27,27,62,62],"floor_reached":55,"playtime":4098,"items_purged":["Armaments+1"],"score":801,"play_id":"e4dbca70-e9ef-4cf1-ae16-97d3d7f3065b","local_time":"20190928013718","is_ascension_mode":true,"campfire_choices":[{"data":"Armaments","floor":6,"key":"SMITH"},{"data":"Twin Strike","floor":12,"key":"SMITH"},{"data":"Flame Barrier","floor":15,"key":"SMITH"},{"data":"Inflame","floor":23,"key":"SMITH"},{"data":"Shrug It Off","floor":30,"key":"SMITH"},{"data":"Impervious","floor":32,"key":"SMITH"},{"floor":40,"key":"RECALL"},{"data":"Double Tap","floor":44,"key":"SMITH"},{"data":"Flex","floor":46,"key":"SMITH"},{"data":"Blind","floor":49,"key":"SMITH"},{"data":"Dropkick","floor":52,"key":"SMITH"}],"neow_cost":"NONE","seed_source_timestamp":25083222191000,"circlet_count":0,"master_deck":["Strike_R+1","Strike_R+1","Strike_R+1","Strike_R+1","Defend_R+1","Defend_R+1","Defend_R+1","Defend_R+1","Bash+1","Thunderclap+1","Dropkick+1","Flame Barrier+1","Twin Strike+1","Feed","Immolate","Inflame+1","Headbutt+1","Impervious+1","Shrug It Off+1","Power Through+1","Flex+1","Rage+1","Double Tap+1","Iron Wave+1","Blind+1","Dropkick","Dark Shackles+1","Thunderclap","Flex+1","Finesse"],"relics":["Burning Blood","MawBank","StoneCalendar","Bag of Preparation","Happy Flower","Centennial Puzzle","Black Star","Eternal Feather","Lantern","Pantograph","Paper Frog","Singing Bowl","Tiny Chest","HornCleat","Runic Cube","War Paint","Orichalcum","Bottled Flame","Blue Candle","Ornamental Fan","Molten Egg 2","Bronze Scales","Du-Vu Doll","Kunai"],"potions_floor_usage":[22,27,45,50],"damage_taken":[{"damage":1,"enemies":"Cultist","floor":1,"turns":3},{"damage":3,"enemies":"Small Slimes","floor":2,"turns":3},{"damage":5,"enemies":"2 Louse","floor":4,"turns":3},{"damage":16,"enemies":"Gremlin Nob","floor":7,"turns":4},{"damage":10,"enemies":"Looter","floor":10,"turns":3},{"damage":11,"enemies":"Lagavulin","floor":11,"turns":5},{"damage":0,"enemies":"Slime Boss","floor":16,"turns":7},{"damage":0,"enemies":"Chosen","floor":18,"turns":3},{"damage":25,"enemies":"Spheric Guardian","floor":21,"turns":6},{"damage":34,"enemies":"Snake Plant","floor":22,"turns":5},{"damage":28,"enemies":"Gremlin Leader","floor":24,"turns":4},{"damage":35,"enemies":"Slavers","floor":27,"turns":7},{"damage":0,"enemies":"Snecko","floor":28,"turns":3},{"damage":0,"enemies":"3 Cultists","floor":31,"turns":4},{"damage":60,"enemies":"Champ","floor":33,"turns":10},{"damage":4,"enemies":"3 Shapes","floor":35,"turns":3},{"damage":11,"enemies":"3 Darklings","floor":37,"turns":5},{"damage":3,"enemies":"Maw","floor":42,"turns":7},{"damage":14,"enemies":"Nemesis","floor":45,"turns":7},{"damage":92,"enemies":"Time Eater","floor":50,"turns":13},{"damage":34,"enemies":"Shield and Spear","floor":54,"turns":7},{"damage":153,"enemies":"The Heart","floor":55,"turns":9}],"seed_played":"6694816941886471792","potions_obtained":[{"floor":1,"key":"FairyPotion"},{"floor":16,"key":"BloodPotion"},{"floor":24,"key":"Swift Potion"},{"floor":33,"key":"SkillPotion"},{"floor":37,"key":"BloodPotion"}],"is_trial":false,"path_per_floor":["M","M","T","M","?","R","E","?","T","M","E","R","?","?","R","B",null,"M","?","?","M","M","R","E","$","T","E","M","?","R","M","R","B",null,"M","?","M","T","$","R","T","M","T","R","E","R","T","$","R","B",null,"R","$","E","B"],"character_chosen":"IRONCLAD","items_purchased":["Shrug It Off","Pantograph","Dark Shackles","War Paint","Thunderclap","Bronze Scales","Finesse"],"campfire_rested":0,"item_purchase_floors":[25,25,39,39,39,48,48],"current_hp_per_floor":[80,80,80,80,73,73,63,47,47,43,38,38,43,43,43,49,85,88,88,88,69,58,58,36,36,36,10,16,16,28,34,46,17,91,91,88,83,83,83,93,93,95,95,95,87,95,95,95,95,28,95,95,95,69,0],"gold":62,"neow_bonus":"UPGRADE_CARD","is_prod":false,"is_daily":false,"chose_seed":false,"campfire_upgraded":10,"win_rate":0,"timestamp":1569652638,"path_taken":["M","M","?","?","?","R","E","?","T","M","E","R","?","?","R","BOSS","M","?","?","M","M","R","E","$","T","E","M","?","R","M","R","BOSS","M","?","M","?","$","R","?","M","T","R","E","R","?","$","R","BOSS","R","$","E","BOSS"],"build_version":"2019-09-27","purchased_purges":1,"victory":false,"max_hp_per_floor":[80,80,80,80,80,80,80,80,80,80,80,80,85,85,85,85,85,88,88,88,88,88,88,88,88,88,91,91,91,91,91,91,91,91,91,93,93,93,93,93,93,95,95,95,95,95,95,95,95,95,95,95,95,97,97],"card_choices":[{"not_picked":["Carnage","Second Wind"],"picked":"Thunderclap","floor":1},{"not_picked":["Feel No Pain","Armaments"],"picked":"Dropkick","floor":2},{"not_picked":["Anger","Thunderclap"],"picked":"Armaments","floor":4},{"not_picked":["Body Slam","Sever Soul"],"picked":"Flame Barrier","floor":7},{"not_picked":["Cleave","True Grit"],"picked":"Twin Strike","floor":10},{"not_picked":["Evolve","Heavy Blade"],"picked":"Feed","floor":11},{"not_picked":["Feed","Berserk"],"picked":"Immolate","floor":16},{"not_picked":["Clothesline","Heavy Blade","Blood for Blood+1"],"picked":"SKIP","floor":18},{"not_picked":["Rampage","Anger+1"],"picked":"Headbutt+1","floor":21},{"not_picked":["Havoc","Clash","Body Slam"],"picked":"SKIP","floor":22},{"not_picked":["Carnage+1","Sword Boomerang"],"picked":"Impervious","floor":24},{"not_picked":["Exhume","Double Tap"],"picked":"Power Through","floor":27},{"not_picked":["Whirlwind","Warcry+1"],"picked":"Flex+1","floor":28},{"not_picked":["Sword Boomerang","Second Wind+1"],"picked":"Rage+1","floor":31},{"not_picked":["Berserk","Exhume"],"picked":"Double Tap","floor":33},{"not_picked":["Warcry","Heavy Blade+1"],"picked":"Iron Wave+1","floor":35},{"not_picked":["Violence","Secret Weapon","Thinking Ahead"],"picked":"Singing Bowl","floor":36},{"not_picked":["Discovery","Finesse"],"picked":"Blind","floor":36},{"not_picked":["Feel No Pain","Headbutt+1"],"picked":"Dropkick","floor":37},{"not_picked":["Body Slam+1","Armaments","Pommel Strike+1"],"picked":"Singing Bowl","floor":42},{"not_picked":["Havoc","Cleave+1"],"picked":"Flex","floor":45},{"not_picked":["Clash+1","Perfected Strike+1","Flex"],"picked":"Singing Bowl","floor":54}],"player_experience":246147,"relics_obtained":[{"floor":3,"key":"MawBank"},{"floor":7,"key":"Bag of Preparation"},{"floor":9,"key":"Happy Flower"},{"floor":11,"key":"Centennial Puzzle"},{"floor":24,"key":"Eternal Feather"},{"floor":24,"key":"Lantern"},{"floor":26,"key":"Paper Frog"},{"floor":27,"key":"Singing Bowl"},{"floor":27,"key":"Tiny Chest"},{"floor":41,"key":"Orichalcum"},{"floor":43,"key":"Bottled Flame"},{"floor":45,"key":"Blue Candle"},{"floor":45,"key":"Ornamental Fan"},{"floor":47,"key":"Molten Egg 2"},{"floor":54,"key":"Du-Vu Doll"},{"floor":54,"key":"Kunai"}],"event_choices":[{"damage_healed":0,"gold_gain":0,"player_choice":"Success","damage_taken":7,"relics_obtained":["StoneCalendar"],"max_hp_gain":0,"max_hp_loss":0,"event_name":"Scrap Ooze","floor":5,"gold_loss":0},{"damage_healed":0,"gold_gain":0,"player_choice":"Entered Light","damage_taken":16,"max_hp_gain":0,"max_hp_loss":0,"event_name":"Shining Light","floor":8,"gold_loss":0,"cards_upgraded":["Thunderclap","Strike_R"]},{"damage_healed":0,"gold_gain":0,"player_choice":"Donut","damage_taken":0,"max_hp_gain":5,"max_hp_loss":0,"event_name":"Big Fish","floor":13,"gold_loss":0},{"cards_removed":["Strike_R"],"damage_healed":0,"gold_gain":0,"player_choice":"Forget","damage_taken":0,"max_hp_gain":0,"max_hp_loss":0,"event_name":"Living Wall","floor":14,"gold_loss":0},{"damage_healed":0,"gold_gain":0,"player_choice":"Simplicity","damage_taken":0,"max_hp_gain":0,"max_hp_loss":0,"event_name":"Back to Basics","floor":19,"gold_loss":0,"cards_upgraded":["Strike_R","Strike_R","Strike_R","Defend_R","Defend_R","Defend_R","Defend_R"]},{"damage_healed":0,"gold_gain":0,"player_choice":"Read","damage_taken":0,"max_hp_gain":0,"max_hp_loss":0,"event_name":"The Library","floor":20,"gold_loss":0,"cards_obtained":["Inflame"]},{"damage_healed":0,"gold_gain":0,"player_choice":"Obtained Relic","damage_taken":0,"relics_obtained":["HornCleat"],"max_hp_gain":0,"max_hp_loss":0,"event_name":"Addict","floor":29,"gold_loss":85},{"damage_healed":0,"gold_gain":0,"player_choice":"Memory 2","damage_taken":5,"max_hp_gain":0,"max_hp_loss":0,"event_name":"SensoryStone","floor":36,"gold_loss":0}],"is_beta":true,"boss_relics":[{"not_picked":["Busted Crown","Philosopher\u0027s Stone"],"picked":"Black Star"},{"not_picked":["Snecko Eye","Coffee Dripper"],"picked":"Runic Cube"}],"items_purged_floors":[39],"is_endless":false,"potions_floor_spawned":[1,16,24,33,37,42],"killed_by":"The Heart","ascension_level":1}