{"path_per_floor":["M","M","M","?","M","?","R","M","T","$","E","M","R","M","R","B",null,"M","M","?","M","M","R","M","M","T","M","$","R","T","E","R","B",null,"M","?","?","M","M"],"character_chosen":"THE_SILENT","items_purchased":["Paper Crane"],"gold_per_floor":[114,129,144,144,159,234,234,249,274,199,229,244,244,259,259,359,359,374,389,488,503,518,518,533,548,548,563,213,213,238,268,268,368,368,383,383,383,398,413,413],"floor_reached":40,"campfire_rested":0,"playtime":2071,"item_purchase_floors":[28],"current_hp_per_floor":[68,67,66,65,64,53,53,53,53,53,46,46,46,46,46,43,52,51,50,49,48,47,46,43,43,43,42,41,40,46,45,44,43,42,26,26,22,21,13,0],"items_purged":["Strike_G","Strike_G"],"gold":413,"score":689,"play_id":"402351ad-42c3-43ac-8bd6-e4a5d30ce625","local_time":"20180626091238","daily_mods":["Heirloom","Uncertain Future","Terminal"],"is_prod":false,"is_daily":true,"chose_seed":false,"is_ascension_mode":false,"campfire_upgraded":3,"win_rate":0,"timestamp":1529980958,"campfire_choices":[{"data":"1","floor":7,"key":"LIFT"},{"data":"2","floor":13,"key":"LIFT"},{"data":"3","floor":15,"key":"LIFT"},{"data":"Cloak And Dagger","floor":23,"key":"SMITH"},{"data":"Noxious Fumes","floor":29,"key":"SMITH"},{"data":"Neutralize","floor":32,"key":"SMITH"}],"path_taken":["M","M","M","?","?","?","R","M","T","$","E","M","R","M","R","BOSS","M","M","?","?","M","R","M","M","T","M","$","R","?","E","R","BOSS","M","?","?","M","M","M"],"build_version":"2018-06-21","seed_source_timestamp":0,"purchased_purges":2,"circlet_count":0,"victory":false,"master_deck":["Defend_G","Defend_G","Defend_G","Defend_G","Strike_G","Strike_G","Strike_G","Survivor","Neutralize+1","Malaise+1","Footwork","Noxious Fumes+1","Malaise","Backflip","Blur","Cloak And Dagger+1","Backstab","After Image","Predator","Dodge and Roll","Backflip","Well Laid Plans","Escape Plan","Die Die Die","Normality","Doubt","Regret","Dagger Throw+1","Terror","Blade Dance+1"],"max_hp_per_floor":[68,67,66,65,64,63,62,61,60,59,58,57,56,55,54,53,52,51,50,49,48,47,46,45,44,43,42,41,40,46,45,44,43,42,41,40,39,38,37,37],"special_seed":17708,"relics":["Ring of the Snake","Girya","Vajra","Dream Catcher","Sozu","Centennial Puzzle","Paper Crane","Strawberry","Ninja Scroll","Calling Bell","Regal Pillow","Matryoshka","Peace Pipe","Sundial"],"card_choices":[{"not_picked":["Backflip","Terror"],"picked":"Malaise","floor":1},{"not_picked":["Slice","Flying Knee"],"picked":"Footwork","floor":2},{"not_picked":["Poisoned Stab","Flechettes"],"picked":"Noxious Fumes","floor":3},{"not_picked":["Backstab","Endless Agony"],"picked":"Malaise","floor":5},{"not_picked":["Deadly Poison","Endless Agony"],"picked":"Backflip","floor":8},{"not_picked":["Quick Slash","Outmaneuver"],"picked":"Blur","floor":11},{"not_picked":["Underhanded Strike","Sucker Punch"],"picked":"Cloak And Dagger","floor":12},{"not_picked":["Underhanded Strike","Caltrops"],"picked":"Backstab","floor":14},{"not_picked":["Glass Knife","Storm of Steel"],"picked":"After Image","floor":16},{"not_picked":["Dagger Throw","Slice+1"],"picked":"Predator","floor":18},{"not_picked":["Calculated Gamble","Prepared"],"picked":"Dodge and Roll","floor":19},{"not_picked":["Slice","PiercingWail+1"],"picked":"Backflip","floor":21},{"not_picked":["Endless Agony","Slice+1"],"picked":"Well Laid Plans","floor":22},{"not_picked":["Outmaneuver","A Thousand Cuts","Expertise+1"],"picked":"SKIP","floor":24},{"not_picked":["PiercingWail","Caltrops+1","Bane+1"],"picked":"SKIP","floor":25},{"not_picked":["PiercingWail","Slice"],"picked":"Escape Plan","floor":27},{"not_picked":["Quick Slash","Infinite Blades","Dagger Throw"],"picked":"SKIP","floor":31},{"not_picked":["Glass Knife","Corpse Explosion"],"picked":"Die Die Die","floor":33},{"not_picked":["Dodge and Roll+1","PiercingWail","Sucker Punch"],"picked":"SKIP","floor":35},{"not_picked":["Sucker Punch","Quick Slash+1"],"picked":"Dagger Throw+1","floor":37},{"not_picked":["Escape Plan","Underhanded Strike+1"],"picked":"Terror","floor":38},{"not_picked":["Outmaneuver+1","PiercingWail"],"picked":"Blade Dance+1","floor":39}],"player_experience":113748,"potions_floor_usage":[11,11,12,31],"damage_taken":[{"damage":0,"enemies":"Small Slimes","floor":1,"turns":3},{"damage":0,"enemies":"Cultist","floor":2,"turns":4},{"damage":0,"enemies":"2 Louse","floor":3,"turns":3},{"damage":0,"enemies":"2 Fungi Beasts","floor":5,"turns":5},{"damage":0,"enemies":"Blue Slaver","floor":8,"turns":5},{"damage":7,"enemies":"Gremlin Nob","floor":11,"turns":5},{"damage":0,"enemies":"Gremlin Gang","floor":12,"turns":5},{"damage":0,"enemies":"Lots of Slimes","floor":14,"turns":4},{"damage":3,"enemies":"The Guardian","floor":16,"turns":12},{"damage":0,"enemies":"3 Byrds","floor":18,"turns":7},{"damage":0,"enemies":"Spheric Guardian","floor":19,"turns":4},{"damage":0,"enemies":"Slaver and Parasite","floor":21,"turns":8},{"damage":0,"enemies":"Snake Plant","floor":22,"turns":6},{"damage":3,"enemies":"Snecko","floor":24,"turns":6},{"damage":0,"enemies":"Chosen and Byrds","floor":25,"turns":8},{"damage":0,"enemies":"Centurion and Healer","floor":27,"turns":7},{"damage":0,"enemies":"Slavers","floor":31,"turns":6},{"damage":0,"enemies":"Collector","floor":33,"turns":13},{"damage":16,"enemies":"3 Darklings","floor":35,"turns":8},{"damage":4,"floor":37,"turns":12},{"damage":1,"enemies":"Flame Bruiser 1 Orb","floor":38,"turns":8},{"damage":8,"enemies":"Spire Growth","floor":39,"turns":3},{"damage":15,"enemies":"3 Darklings","floor":40,"turns":2}],"relics_obtained":[{"floor":9,"key":"Vajra"},{"floor":11,"key":"Dream Catcher"},{"floor":26,"key":"Centennial Puzzle"},{"floor":30,"key":"Strawberry"},{"floor":31,"key":"Ninja Scroll"},{"floor":34,"key":"Regal Pillow"},{"floor":34,"key":"Matryoshka"},{"floor":34,"key":"Peace Pipe"},{"floor":37,"key":"Sundial"}],"event_choices":[{"event_name":"Purifier","player_choice":"One Purge","floor":4,"damage_taken":0},{"event_name":"World of Goop","player_choice":"Gather Gold","floor":6,"damage_taken":0},{"event_name":"Nest","player_choice":"Stole From Cult","floor":20,"damage_taken":0},{"event_name":"Upgrade Shrine","player_choice":"Upgraded","floor":36,"damage_taken":0},{"event_name":"MindBloom","player_choice":"Fight","floor":37,"damage_taken":0}],"boss_relics":[{"not_picked":["Runic Dome","Velvet Choker"],"picked":"Sozu"},{"not_picked":["Pandora\u0027s Box","Orrery"],"picked":"Calling Bell"}],"items_purged_floors":[10,28],"is_endless":false,"potions_floor_spawned":[1,2,5,12,24,25,31,33,35,37,38],"seed_played":"3469978400639881341","killed_by":"3 Darklings","ascension_level":0,"potions_obtained":[{"floor":1,"key":"Block Potion"},{"floor":2,"key":"Energy Potion"},{"floor":5,"key":"Explosive Potion"},{"floor":12,"key":"GamblersBrew"}],"is_trial":false}