{"gold_per_floor":[218,236,186,115,115,144,162,162],"floor_reached":8,"playtime":756,"items_purged":[],"score":76,"play_id":"45b0744a-3c0b-4c38-b717-02edcb637e44","local_time":"20190826155323","is_ascension_mode":true,"campfire_choices":[],"neow_cost":"NONE","seed_source_timestamp":14217817415000,"circlet_count":0,"master_deck":["Strike_R","Strike_R","Strike_R","Strike_R","Defend_R","Defend_R","Defend_R","Bash","Twin Strike","True Grit","Dropkick","Disarm","Iron Wave"],"relics":["Burning Blood","Ancient Tea Set"],"potions_floor_usage":[6,8,8],"damage_taken":[{"damage":3,"enemies":"Jaw Worm","floor":1,"turns":5},{"damage":20,"enemies":"Small Slimes","floor":2,"turns":3},{"damage":41,"enemies":"3 Sentries","floor":6,"turns":12},{"damage":1,"enemies":"Cultist","floor":7,"turns":4},{"damage":39,"enemies":"Lagavulin","floor":8,"turns":7}],"seed_played":"2861756753969945335","potions_obtained":[{"floor":2,"key":"AttackPotion"},{"floor":6,"key":"SpeedPotion"},{"floor":7,"key":"Weak Potion"}],"is_trial":false,"path_per_floor":["M","M","?","$","?","E","M","E"],"character_chosen":"IRONCLAD","items_purchased":["Dropkick"],"campfire_rested":0,"item_purchase_floors":[4],"current_hp_per_floor":[75,61,61,61,61,26,31,0],"gold":162,"neow_bonus":"HUNDRED_GOLD","is_prod":false,"is_daily":false,"chose_seed":false,"campfire_upgraded":0,"win_rate":0,"timestamp":1566827603,"path_taken":["M","M","?","$","?","E","?","E"],"build_version":"2019-07-17","purchased_purges":0,"victory":false,"max_hp_per_floor":[80,80,80,80,80,80,80,80],"card_choices":[{"not_picked":["Havoc","Searing Blow"],"picked":"Twin Strike","floor":1},{"not_picked":["Dual Wield","Entrench"],"picked":"True Grit","floor":2},{"not_picked":["Twin Strike","Feel No Pain"],"picked":"Iron Wave","floor":6},{"not_picked":["Combust","Flex","Twin Strike"],"picked":"SKIP","floor":7}],"player_experience":337832,"relics_obtained":[{"floor":6,"key":"Ancient Tea Set"}],"event_choices":[{"cards_removed":["Defend_R"],"damage_healed":0,"gold_gain":0,"player_choice":"Card Removal","damage_taken":0,"max_hp_gain":0,"max_hp_loss":0,"event_name":"The Cleric","floor":3,"gold_loss":50},{"damage_healed":0,"gold_gain":0,"cards_transformed":["Strike_R"],"player_choice":"Transformed","damage_taken":0,"max_hp_gain":0,"max_hp_loss":0,"event_name":"Transmorgrifier","floor":5,"gold_loss":0,"cards_obtained":["Disarm"]}],"is_beta":false,"boss_relics":[],"items_purged_floors":[],"is_endless":false,"potions_floor_spawned":[2,6,7],"killed_by":"Lagavulin","ascension_level":7}