{"path_per_floor":["M","M","$","M","M","R","E","R","T","?","?","M","M","?","R","B",null,"M","?","M","$","M","R","E","?","T","M","R","M","M","?","R","B",null,"M","?","M","M","?","R","M","?","T","M","R","E","$","M","R","B"],"character_chosen":"DEFECT","items_purchased":["Rip and Tear","Storm+1","DataDisk","Runic Capacitor","Weak Potion"],"gold_per_floor":[114,129,52,67,82,82,112,112,112,112,112,127,142,142,142,242,242,257,257,272,128,143,143,173,98,98,113,113,128,143,143,143,243,243,258,258,273,288,288,288,333,362,362,377,377,407,7,22,22,22],"floor_reached":51,"campfire_rested":0,"playtime":2849,"item_purchase_floors":[3,21,47,47,47],"current_hp_per_floor":[75,75,75,73,73,73,53,53,53,53,58,66,66,50,50,76,80,80,80,80,80,74,74,78,78,78,80,80,80,76,76,76,87,87,87,87,83,87,87,87,87,89,89,103,103,91,91,105,105,105],"items_purged":["Secret Technique"],"gold":22,"score":876,"play_id":"f273c0f2-bb00-4e11-801d-a37a5b3d1c0c","local_time":"20180527025423","daily_mods":["Allstar","Uncertain Future","Vintage"],"is_prod":false,"is_daily":true,"chose_seed":false,"is_ascension_mode":false,"campfire_upgraded":9,"win_rate":0.0,"timestamp":1527364463,"campfire_choices":[{"data":"Zap","floor":6,"key":"SMITH"},{"data":"Rip and Tear","floor":8,"key":"SMITH"},{"data":"Transmutation","floor":15,"key":"SMITH"},{"data":"Self Repair","floor":23,"key":"SMITH"},{"data":"Defend_B","floor":28,"key":"SMITH"},{"data":"Rebound","floor":32,"key":"SMITH"},{"data":"Strike_B","floor":40,"key":"SMITH"},{"data":"Defend_B","floor":45,"key":"SMITH"},{"data":"Defend_B","floor":49,"key":"SMITH"}],"path_taken":["M","M","$","M","M","R","E","R","T","?","?","M","M","?","R","BOSS","M","?","M","$","M","R","E","?","T","M","R","M","M","?","R","BOSS","M","?","M","M","?","R","M","?","T","M","R","E","$","M","R","BOSS"],"build_version":"2018-05-25","seed_source_timestamp":0,"purchased_purges":1,"victory":true,"master_deck":["Strike_B+1","Strike_B+1","Strike_B+1","Strike_B+1","Defend_B+1","Defend_B+1","Defend_B+1","Zap+1","Dualcast","Transmutation+1","Purity","Blind+1","Rip and Tear+1","Self Repair+1","Creative AI","Storm+1","Auto Shields+1","Regret","Rebound+1","Amplify+1","Pain"],"max_hp_per_floor":[75,75,75,75,75,75,75,75,75,75,80,80,80,80,80,80,80,80,80,80,80,80,80,80,80,80,80,80,80,80,80,80,87,87,87,87,87,87,87,87,87,89,89,103,103,105,105,105,105,105],"relics":["Cracked Core","Kunai","Thread and Needle","Bird Faced Urn","Bag of Preparation","Gambling Chip","Pantograph","Juzu Bracelet","Toolbox","Cables","Snecko Eye","Frozen Egg 2","Oddly Smooth Stone","Boot","Ancient Tea Set","Blue Candle","Torii","Shuriken","Singing Bowl","Strawberry","Cursed Key","Whetstone","Vajra","Centennial Puzzle","Tiny Chest","Emotion Chip","Bag of Marbles","Mango","Anchor","DataDisk","Runic Capacitor","Mummified Hand"],"card_choices":[{"not_picked":["Static Discharge","Fusion"],"picked":"Self Repair","floor":7},{"not_picked":["Amplify","Thunder Strike"],"picked":"Creative AI","floor":16},{"not_picked":["Seek","Chaos"],"picked":"Auto Shields+1","floor":24},{"not_picked":["All For One","Core Surge"],"picked":"Amplify","floor":33},{"not_picked":["Chill+1","Hologram","Compile Driver+1"],"picked":"Singing Bowl","floor":42},{"not_picked":["Double Energy+1","Beam Cell","Seek"],"picked":"Singing Bowl","floor":46}],"player_experience":10403,"potions_floor_usage":[7,16,24,33,33,33,50,50,50],"damage_taken":[{"damage":0,"enemies":"2 Louse","floor":1,"turns":4},{"damage":0,"enemies":"Cultist","floor":2,"turns":4},{"damage":2,"enemies":"Small Slimes","floor":4,"turns":3},{"damage":0,"enemies":"3 Louse","floor":5,"turns":4},{"damage":22,"enemies":"Gremlin Nob","floor":7,"turns":5},{"damage":1,"enemies":"Large Slime","floor":12,"turns":6},{"damage":0,"enemies":"Lots of Slimes","floor":13,"turns":4},{"damage":10,"enemies":"Hexaghost","floor":16,"turns":8},{"damage":11,"enemies":"Shell Parasite","floor":18,"turns":5},{"damage":0,"enemies":"3 Byrds","floor":20,"turns":6},{"damage":15,"enemies":"Centurion and Healer","floor":22,"turns":5},{"damage":16,"enemies":"Book of Stabbing","floor":24,"turns":4},{"damage":0,"enemies":"Snake Plant","floor":27,"turns":3},{"damage":0,"enemies":"Chosen and Byrds","floor":29,"turns":4},{"damage":18,"enemies":"Sentry and Sphere","floor":30,"turns":5},{"damage":3,"enemies":"Automaton","floor":33,"turns":8},{"damage":1,"enemies":"Orb Walker","floor":35,"turns":3},{"damage":18,"enemies":"Flame Bruiser 1 Orb","floor":37,"turns":4},{"damage":0,"enemies":"Sphere and 2 Shapes","floor":38,"turns":3},{"damage":1,"enemies":"3 Darklings","floor":41,"turns":3},{"damage":10,"enemies":"Mysterious Sphere","floor":42,"turns":4},{"damage":9,"enemies":"Flame Bruiser 2 Orb","floor":44,"turns":5},{"damage":26,"enemies":"2 Orb Walkers","floor":46,"turns":4},{"damage":1,"enemies":"Transient","floor":48,"turns":5},{"damage":16,"enemies":"Time Eater","floor":50,"turns":5}],"relics_obtained":[{"floor":1,"key":"Kunai"},{"floor":2,"key":"Thread and Needle"},{"floor":4,"key":"Bird Faced Urn"},{"floor":5,"key":"Bag of Preparation"},{"floor":7,"key":"Gambling Chip"},{"floor":9,"key":"Pantograph"},{"floor":12,"key":"Juzu Bracelet"},{"floor":13,"key":"Toolbox"},{"floor":16,"key":"Cables"},{"floor":18,"key":"Frozen Egg 2"},{"floor":20,"key":"Oddly Smooth Stone"},{"floor":22,"key":"Boot"},{"floor":24,"key":"Ancient Tea Set"},{"floor":26,"key":"Blue Candle"},{"floor":27,"key":"Torii"},{"floor":29,"key":"Shuriken"},{"floor":30,"key":"Singing Bowl"},{"floor":33,"key":"Strawberry"},{"floor":35,"key":"Whetstone"},{"floor":37,"key":"Vajra"},{"floor":38,"key":"Centennial Puzzle"},{"floor":41,"key":"Tiny Chest"},{"floor":42,"key":"Emotion Chip"},{"floor":43,"key":"Bag of Marbles"},{"floor":44,"key":"Mango"},{"floor":46,"key":"Anchor"},{"floor":48,"key":"Mummified Hand"}],"event_choices":[{"event_name":"Bonfire Elementals","player_choice":"BASIC","floor":10,"damage_taken":0},{"event_name":"Big Fish","player_choice":"Donut","floor":11,"damage_taken":0},{"event_name":"Shining Light","player_choice":"Entered Light","floor":14,"damage_taken":0},{"event_name":"Ghosts","player_choice":"Ignored","floor":19,"damage_taken":0},{"event_name":"Beggar","player_choice":"Gave Gold","floor":25,"damage_taken":0},{"event_name":"Match and Keep!","player_choice":"2 cards matched","floor":31,"damage_taken":0},{"event_name":"Tomb of Lord Red Mask","player_choice":"Ignored","floor":36,"damage_taken":0},{"event_name":"Upgrade Shrine","player_choice":"Upgraded","floor":39,"damage_taken":0},{"event_name":"Mysterious Sphere","player_choice":"Fight","floor":42,"damage_taken":0}],"boss_relics":[{"not_picked":["Calling Bell","Tiny House"],"picked":"Snecko Eye"},{"not_picked":["Pandora\u0027s Box","Philosopher\u0027s Stone"],"picked":"Cursed Key"}],"items_purged_floors":[21],"potions_floor_spawned":[4,7,12,13,20,24,29,30,38,42],"seed_played":"-369248960118146204","ascension_level":0,"potions_obtained":[{"floor":4,"key":"PowerPotion"},{"floor":7,"key":"Energy Potion"},{"floor":12,"key":"Regen Potion"},{"floor":13,"key":"Block Potion"},{"floor":20,"key":"SteroidPotion"},{"floor":24,"key":"Ancient Potion"},{"floor":29,"key":"FocusPotion"},{"floor":30,"key":"EssenceOfSteel"},{"floor":38,"key":"Strength Potion"},{"floor":42,"key":"SteroidPotion"}],"is_trial":false}