{"gold_per_floor":[111,111,124,135,145,171,181,181,234,259,246,211,8,38,38,139,139,156,256,10,21,21,21,53,53,80,99,99,99],"floor_reached":29,"playtime":1987,"items_purged":["Strike_B"],"score":316,"play_id":"f0e1195c-58df-4a93-b07e-6295ddfeaba9","local_time":"20190610110439","is_ascension_mode":true,"campfire_choices":[{"floor":8,"key":"REST"},{"data":"Defragment","floor":15,"key":"SMITH"},{"data":"Defragment","floor":23,"key":"SMITH"},{"data":"Coolheaded","floor":25,"key":"SMITH"}],"neow_cost":"NONE","seed_source_timestamp":88446730373874,"circlet_count":0,"master_deck":["Strike_B","Strike_B","Strike_B","Defend_B","Defend_B","Defend_B","Defend_B","Zap","Dualcast","Coolheaded+1","Cold Snap+1","Self Repair","Defragment+1","Turbo","Cold Snap+1","Hologram","Defragment+1","Leap","Amplify","Fission","Cold Snap+1","Reinforced Body","Darkness+1","Cold Snap"],"relics":["Black Star","Emotion Chip","Blue Candle","Strawberry","Happy Flower","Ancient Tea Set","Odd Mushroom","Sozu","Gremlin Horn","Mummified Hand","Ornamental Fan","Whetstone"],"potions_floor_usage":[6,21],"damage_taken":[{"damage":1,"enemies":"2 Louse","floor":1,"turns":3},{"damage":3,"enemies":"Cultist","floor":3,"turns":4},{"damage":6,"enemies":"Jaw Worm","floor":4,"turns":6},{"damage":14,"enemies":"Blue Slaver","floor":5,"turns":5},{"damage":43,"enemies":"3 Sentries","floor":6,"turns":11},{"damage":17,"enemies":"3 Louse","floor":7,"turns":6},{"damage":8,"enemies":"Lagavulin","floor":10,"turns":9},{"damage":15,"enemies":"Exordium Thugs","floor":11,"turns":4},{"damage":10,"enemies":"The Mushroom Lair","floor":14,"turns":5},{"damage":19,"enemies":"The Guardian","floor":16,"turns":17},{"damage":14,"enemies":"3 Byrds","floor":18,"turns":8},{"damage":13,"enemies":"2 Thieves","floor":21,"turns":5},{"damage":20,"enemies":"Slavers","floor":24,"turns":14},{"damage":14,"enemies":"Snake Plant","floor":27,"turns":9},{"damage":72,"enemies":"Gremlin Leader","floor":29,"turns":6}],"seed_played":"1869725966304524099","potions_obtained":[{"floor":6,"key":"Fruit Juice"},{"floor":7,"key":"Block Potion"},{"floor":10,"key":"Strength Potion"},{"floor":14,"key":"Strength Potion"}],"is_trial":false,"path_per_floor":["M","?","M","M","M","E","M","R","T","E","M","?","$","?","R","B",null,"M","?","$","M","$","R","E","R","T","M","T","E"],"character_chosen":"DEFECT","items_purchased":["Defragment","Leap","Gremlin Horn"],"campfire_rested":1,"item_purchase_floors":[13,13,20],"current_hp_per_floor":[74,74,71,65,51,20,3,27,34,33,25,46,46,43,43,31,87,80,80,80,81,81,81,68,68,68,68,68,0],"gold":99,"neow_bonus":"BOSS_RELIC","is_prod":false,"is_daily":false,"chose_seed":false,"campfire_upgraded":3,"win_rate":0,"timestamp":1560157479,"path_taken":["M","?","M","M","?","E","M","R","T","E","M","?","$","?","R","BOSS","M","?","?","M","?","R","E","R","T","M","?","E"],"build_version":"2019-01-23","purchased_purges":1,"victory":false,"max_hp_per_floor":[75,75,75,75,75,80,80,80,87,87,87,87,87,87,87,87,87,87,87,87,87,87,87,87,87,87,87,87,87],"card_choices":[{"not_picked":["Compile Driver","Ball Lightning"],"picked":"Coolheaded","floor":1},{"not_picked":["Ball Lightning","Fusion","Go for the Eyes"],"picked":"SKIP","floor":3},{"not_picked":["Leap","Chaos"],"picked":"Cold Snap","floor":4},{"not_picked":["Conserve Battery","Loop"],"picked":"Self Repair","floor":5},{"not_picked":["Ball Lightning","Undo"],"picked":"Defragment","floor":6},{"not_picked":["Hyperbeam","Sweeping Beam"],"picked":"Turbo","floor":7},{"not_picked":["Compile Driver","Genetic Algorithm"],"picked":"Cold Snap","floor":10},{"not_picked":["Go for the Eyes","Turbo"],"picked":"Hologram","floor":11},{"not_picked":["Force Field","Rebound"],"picked":"Amplify","floor":14},{"not_picked":["Hyperbeam","Amplify"],"picked":"Fission","floor":16},{"not_picked":["Turbo","Defragment"],"picked":"Cold Snap+1","floor":18},{"not_picked":["Cold Snap+1","Amplify"],"picked":"Reinforced Body","floor":21},{"not_picked":["Coolheaded+1","Conserve Battery"],"picked":"Darkness+1","floor":24},{"not_picked":["Gash","Barrage"],"picked":"Cold Snap","floor":27}],"player_experience":243055,"relics_obtained":[{"floor":6,"key":"Emotion Chip"},{"floor":6,"key":"Blue Candle"},{"floor":9,"key":"Strawberry"},{"floor":10,"key":"Happy Flower"},{"floor":10,"key":"Ancient Tea Set"},{"floor":14,"key":"Odd Mushroom"},{"floor":24,"key":"Mummified Hand"},{"floor":24,"key":"Ornamental Fan"},{"floor":26,"key":"Whetstone"}],"event_choices":[{"damage_healed":0,"gold_gain":0,"player_choice":"Bought 0 Potions","damage_taken":0,"max_hp_gain":0,"max_hp_loss":0,"event_name":"The Woman in Blue","floor":2,"gold_loss":0},{"damage_healed":21,"gold_gain":0,"player_choice":"Healed","damage_taken":0,"max_hp_gain":0,"max_hp_loss":0,"event_name":"The Cleric","floor":12,"gold_loss":35},{"damage_healed":0,"gold_gain":0,"player_choice":"Fought Mushrooms","damage_taken":0,"max_hp_gain":0,"max_hp_loss":0,"event_name":"Mushrooms","floor":14,"gold_loss":0},{"damage_healed":0,"gold_gain":100,"player_choice":"Pray","damage_taken":0,"max_hp_gain":0,"max_hp_loss":0,"event_name":"Golden Shrine","floor":19,"gold_loss":0}],"is_beta":false,"boss_relics":[{"not_picked":["Cursed Key","Nuclear Battery"],"picked":"Sozu"}],"items_purged_floors":[13],"is_endless":false,"potions_floor_spawned":[6,7,10,14,21,24],"killed_by":"Gremlin Leader","ascension_level":3}