{"gold_per_floor":[118,46,63,81,92,92,117,67,67,92,112,128,128,49,49,154,154,172,19,19,19,19,19,38,71,71,71,98,110,209,243,243,343,343,356,376,376,386,404,439,439,469,469,500,500],"floor_reached":45,"playtime":7459,"items_purged":["Bash"],"score":676,"play_id":"178a1f0c-b233-479a-9e6b-35cd3f5e1dcc","local_time":"20180825174638","is_ascension_mode":true,"campfire_choices":[{"data":"Flame Barrier","floor":6.0,"key":"SMITH"},{"data":"Spot Weakness","floor":13.0,"key":"SMITH"},{"data":"Anger","floor":15.0,"key":"SMITH"},{"data":"Anger","floor":23.0,"key":"SMITH"},{"data":"Whirlwind","floor":27.0,"key":"SMITH"},{"data":"Battle Trance","floor":32.0,"key":"SMITH"},{"data":"Double Tap","floor":41,"key":"SMITH"}],"neow_cost":"","seed_source_timestamp":908631053616177,"circlet_count":0,"master_deck":["Strike_R","Strike_R","Strike_R","Defend_R","Defend_R","Defend_R","Defend_R","Whirlwind+1","Spot Weakness+1","Anger+1","Flame Barrier+1","Shrug It Off","Anger+1","Double Tap+1","Feed","Impervious","Infernal Blade+1","Uppercut","Iron Wave+1","Clumsy","Battle Trance+1","Limit Break","Rampage","Anger","Feed","Anger","Shame"],"special_seed":0,"relics":["Burning Blood","Shuriken","Letter Opener","Odd Mushroom","Cursed Key","Nloth\u0027s Gift","Self Forming Clay","Pen Nib","Calipers","Meat on the Bone","Runic Cube","Regal Pillow","Mummified Hand","The Courier","Bag of Marbles"],"potions_floor_usage":[44,45],"damage_taken":[{"damage":6.0,"enemies":"Cultist","floor":1.0,"turns":4.0},{"damage":0.0,"enemies":"Small Slimes","floor":3.0,"turns":2.0},{"damage":0.0,"enemies":"2 Louse","floor":4.0,"turns":2.0},{"damage":2.0,"enemies":"Exordium Wildlife","floor":5.0,"turns":3.0},{"damage":2.0,"enemies":"3 Sentries","floor":7.0,"turns":7.0},{"damage":24.0,"enemies":"Gremlin Nob","floor":10.0,"turns":4.0},{"damage":13.0,"enemies":"The Mushroom Lair","floor":11.0,"turns":3.0},{"damage":7.0,"enemies":"2 Fungi Beasts","floor":12.0,"turns":3.0},{"damage":40.0,"enemies":"Hexaghost","floor":16.0,"turns":8.0},{"damage":0.0,"enemies":"Spheric Guardian","floor":18.0,"turns":5.0},{"damage":10.0,"enemies":"2 Thieves","floor":24.0,"turns":4.0},{"damage":11.0,"enemies":"Gremlin Leader","floor":25.0,"turns":6.0},{"damage":15.0,"enemies":"Book of Stabbing","floor":28.0,"turns":5.0},{"damage":30.0,"enemies":"Snake Plant","floor":29.0,"turns":5.0},{"damage":13.0,"enemies":"Gremlin Leader","floor":31.0,"turns":7.0},{"damage":36.0,"enemies":"Champ","floor":33.0,"turns":10.0},{"damage":27.0,"enemies":"3 Shapes","floor":35.0,"turns":11.0},{"damage":0.0,"enemies":"3 Darklings","floor":36.0,"turns":1.0},{"damage":16.0,"enemies":"Sphere and 2 Shapes","floor":38.0,"turns":4.0},{"damage":4.0,"enemies":"Spire Growth","floor":39.0,"turns":4.0},{"damage":28.0,"enemies":"2 Orb Walkers","floor":40.0,"turns":5.0},{"damage":8,"enemies":"Giant Head","floor":42,"turns":6},{"damage":52,"enemies":"2 Orb Walkers","floor":44,"turns":4},{"damage":44,"enemies":"Transient","floor":45,"turns":5}],"seed_played":"1349481790463347067","potions_obtained":[{"floor":1.0,"key":"EssenceOfSteel"},{"floor":3.0,"key":"AttackPotion"},{"floor":4.0,"key":"SteroidPotion"},{"floor":12.0,"key":"BloodPotion"},{"floor":16.0,"key":"LiquidBronze"},{"floor":18.0,"key":"SkillPotion"},{"floor":31.0,"key":"PowerPotion"},{"floor":33.0,"key":"AttackPotion"},{"floor":38.0,"key":"LiquidBronze"},{"floor":39.0,"key":"SkillPotion"},{"floor":44,"key":"SkillPotion"}],"is_trial":false,"path_per_floor":["M","$","M","M","M","R","E","?","T","E","?","M","R","$","R","B",null,"M","$","?","?","?","R","M","E","T","R","E","M","?","E","R","B",null,"M","M","?","M","M","E","R","E","T","E"],"character_chosen":"IRONCLAD","items_purchased":["Spot Weakness","Feed","Uppercut"],"campfire_rested":0,"item_purchase_floors":[2,14,19],"current_hp_per_floor":[80,80,80,80,80,80,80,80,80,62,55,54,54,54,54,45,80,83,83,83,83,83,83,79,74,74,74,65,44,44,40,40,22,89,71,77,77,67,69,62,62,60,60,35,0],"gold":500,"neow_bonus":"","is_prod":false,"is_daily":false,"chose_seed":false,"campfire_upgraded":7,"win_rate":0,"timestamp":1535237198,"path_taken":["M","$","?","M","M","R","E","?","T","E","?","M","R","$","R","BOSS","M","$","?","?","?","R","M","E","T","R","E","M","?","E","R","BOSS","M","M","?","M","?","E","R","E","T","E","M"],"build_version":"2018-08-23v2","purchased_purges":1,"victory":false,"max_hp_per_floor":[80,80,80,80,80,80,80,80,80,80,80,80,80,80,80,80,80,83,83,83,83,83,83,83,83,83,83,83,86,86,89,89,89,89,92,92,92,92,92,95,95,95,95,95,95],"card_choices":[{"not_picked":["Infernal Blade","Perfected Strike"],"picked":"Whirlwind","floor":1.0},{"not_picked":["Bloodletting","Warcry"],"picked":"Anger","floor":3.0},{"not_picked":["Heavy Blade","Thunderclap","Whirlwind"],"picked":"SKIP","floor":4.0},{"not_picked":["Sever Soul","Warcry"],"picked":"Flame Barrier","floor":5.0},{"not_picked":["Sword Boomerang","Pommel Strike"],"picked":"Shrug It Off","floor":7.0},{"not_picked":["Whirlwind","Armaments"],"picked":"Anger","floor":10.0},{"not_picked":["Blood for Blood","Sword Boomerang"],"picked":"Double Tap","floor":11.0},{"not_picked":["Headbutt","Armaments","Bloodletting"],"picked":"SKIP","floor":12.0},{"not_picked":["Juggernaut","Brutality"],"picked":"Impervious","floor":16.0},{"not_picked":["Heavy Blade","Armaments"],"picked":"Infernal Blade+1","floor":18.0},{"not_picked":["Sword Boomerang","Flex+1","Body Slam"],"picked":"SKIP","floor":24.0},{"not_picked":["Armaments","Headbutt"],"picked":"Iron Wave+1","floor":25.0},{"not_picked":["Pommel Strike+1","Berserk"],"picked":"Battle Trance","floor":28.0},{"not_picked":["Combust+1","Clothesline"],"picked":"True Grit","floor":29.0},{"not_picked":["Brutality","Clothesline","Thunderclap"],"picked":"SKIP","floor":31.0},{"not_picked":["Impervious","Immolate"],"picked":"Limit Break","floor":33.0},{"not_picked":["Heavy Blade","Wild Strike+1"],"picked":"Rampage","floor":35.0},{"not_picked":["Power Through+1","Heavy Blade+1"],"picked":"Anger","floor":36.0},{"not_picked":["Combust+1","Dropkick","Corruption+1"],"picked":"SKIP","floor":38.0},{"not_picked":["Headbutt+1","Warcry"],"picked":"Feed","floor":39.0},{"not_picked":["Sword Boomerang+1","Flex+1","Body Slam"],"picked":"SKIP","floor":40.0},{"not_picked":["Dark Embrace","Thunderclap+1"],"picked":"Anger","floor":42},{"not_picked":["Clothesline","Thunderclap","Cleave"],"picked":"SKIP","floor":44}],"player_experience":246939,"relics_obtained":[{"floor":7.0,"key":"Shuriken"},{"floor":9.0,"key":"Pantograph"},{"floor":10.0,"key":"Letter Opener"},{"floor":11.0,"key":"Odd Mushroom"},{"floor":25.0,"key":"Self Forming Clay"},{"floor":26.0,"key":"Pen Nib"},{"floor":28.0,"key":"Calipers"},{"floor":31.0,"key":"Meat on the Bone"},{"floor":40.0,"key":"Regal Pillow"},{"floor":42,"key":"Mummified Hand"},{"floor":43,"key":"The Courier"},{"floor":44,"key":"Bag of Marbles"}],"event_choices":[{"event_name":"The Cleric","player_choice":"Card Removal","floor":8.0,"damage_taken":0.0},{"event_name":"Mushrooms","player_choice":"Fought Mushrooms","floor":11.0,"damage_taken":0.0},{"event_name":"N\u0027loth","player_choice":"Traded a Pantograph","floor":20.0,"damage_taken":0.0},{"event_name":"Beggar","player_choice":"Ignored","floor":21.0,"damage_taken":0.0},{"event_name":"Purifier","player_choice":"One Purge","floor":22.0,"damage_taken":0.0},{"event_name":"Nest","player_choice":"Stole From Cult","floor":30.0,"damage_taken":0.0},{"event_name":"Falling","player_choice":"Removed Skill","floor":37.0,"damage_taken":0.0}],"is_beta":false,"boss_relics":[{"not_picked":["Fusion Hammer","Tiny House"],"picked":"Cursed Key"},{"not_picked":["Black Star","Snecko Eye"],"picked":"Runic Cube"}],"items_purged_floors":[19],"is_endless":false,"potions_floor_spawned":[1,3,4,12,16,18,25,28,31,33,38,39,44],"killed_by":"Transient","ascension_level":2}