{"gold_per_floor":[117,129,149,166,145,145,145,161,161,161],"floor_reached":10,"playtime":480,"items_purged":[],"score":149,"play_id":"5f963288-9f6e-49b0-bb61-72f13350478f","local_time":"20190706160900","is_ascension_mode":true,"campfire_choices":[{"data":"Bash","floor":6,"key":"SMITH"}],"neow_cost":"CURSE","seed_source_timestamp":1451558044705120,"circlet_count":0,"master_deck":["AscendersBane","Strike_R","Strike_R","Strike_R","Strike_R","Strike_R","Defend_R","Defend_R+1","Defend_R","Defend_R+1","Bash+1","Shame","True Grit","Sword Boomerang","Clothesline","Shrug It Off","True Grit","Shrug It Off"],"relics":["Burning Blood","Strawberry"],"potions_floor_usage":[8,8],"damage_taken":[{"damage":17,"enemies":"Cultist","floor":1,"turns":4},{"damage":0,"enemies":"2 Louse","floor":2,"turns":4},{"damage":0,"enemies":"Jaw Worm","floor":3,"turns":4},{"damage":24,"enemies":"Large Slime","floor":4,"turns":7},{"damage":37,"enemies":"Exordium Thugs","floor":5,"turns":4},{"damage":6,"enemies":"Gremlin Gang","floor":8,"turns":9},{"damage":10,"enemies":"Lagavulin","floor":10,"turns":6}],"seed_played":"-4382605964430976051","potions_obtained":[{"floor":3,"key":"Swift Potion"},{"floor":4,"key":"EssenceOfSteel"},{"floor":5,"key":"Weak Potion"}],"is_trial":false,"path_per_floor":["M","M","M","M","M","R","?","M","T","E"],"character_chosen":"IRONCLAD","items_purchased":[],"campfire_rested":0,"item_purchase_floors":[],"current_hp_per_floor":[71,77,83,65,34,34,7,7,14,4],"gold":161,"neow_bonus":"TWENTY_PERCENT_HP_BONUS","is_prod":false,"is_daily":false,"chose_seed":false,"campfire_upgraded":1,"win_rate":0,"timestamp":1562443740,"path_taken":["M","M","M","M","M","R","?","M","T","E"],"build_version":"2019-07-05","purchased_purges":0,"victory":false,"max_hp_per_floor":[89,89,89,89,89,89,89,89,96,96],"card_choices":[{"not_picked":["Dual Wield","Wild Strike"],"picked":"True Grit","floor":1},{"not_picked":["Rage","Havoc"],"picked":"Sword Boomerang","floor":2},{"not_picked":["Clash","Sword Boomerang"],"picked":"Clothesline","floor":3},{"not_picked":["Headbutt","Armaments"],"picked":"Shrug It Off","floor":4},{"not_picked":["Entrench","Corruption"],"picked":"True Grit","floor":5},{"not_picked":["Perfected Strike","Wild Strike"],"picked":"Shrug It Off","floor":8}],"player_experience":954919,"relics_obtained":[{"floor":9,"key":"Strawberry"}],"event_choices":[{"damage_healed":0,"gold_gain":0,"player_choice":"Entered Light","damage_taken":27,"max_hp_gain":0,"max_hp_loss":0,"event_name":"Shining Light","floor":7,"gold_loss":0,"cards_upgraded":["Defend_R","Defend_R"]}],"is_beta":false,"boss_relics":[],"items_purged_floors":[],"is_endless":false,"potions_floor_spawned":[3,4,5],"killed_by":"Lagavulin","ascension_level":20}