{"gold_per_floor":[114,114,129,129,129,161,178,178,178,0,0,0,19,31,31,106,106,124,124,124],"floor_reached":20,"playtime":626,"items_purged":["Strike_G"],"score":443,"play_id":"9a5b500e-4f72-43e3-a1c1-5d2e8f97646e","local_time":"20190828012040","is_ascension_mode":true,"campfire_choices":[{"data":"Glass Knife","floor":8,"key":"SMITH"},{"data":"Neutralize","floor":12,"key":"SMITH"},{"data":"Skewer","floor":15,"key":"SMITH"}],"neow_cost":"NONE","seed_source_timestamp":214625648102181,"circlet_count":0,"master_deck":["Strike_G+1","Strike_G","Strike_G+1","Strike_G","Defend_G","Defend_G","Defend_G","Defend_G","Survivor","Neutralize+1","AscMod:ascendersbane","Glass Knife+1","Well Laid Plans","Skewer+1","Grand Finale"],"relics":["Ring of the Serpent","NeowsBlessing","Golden Idol","Anchor","Letter Opener"],"potions_floor_usage":[16,16,18,18,18],"damage_taken":[{"damage":0,"enemies":"2 Louse","floor":1,"turns":1},{"damage":0,"enemies":"Jaw Worm","floor":3,"turns":1},{"damage":0,"enemies":"Lagavulin","floor":6,"turns":1},{"damage":2,"enemies":"Small Slimes","floor":7,"turns":3},{"damage":0,"enemies":"Exordium Thugs","floor":13,"turns":5},{"damage":0,"enemies":"Exordium Wildlife","floor":14,"turns":3},{"damage":16,"enemies":"The Guardian","floor":16,"turns":13},{"damage":24,"enemies":"Shell Parasite","floor":18,"turns":4},{"damage":1,"enemies":"Spheric Guardian","floor":20,"turns":3}],"seed_played":"8579988103810176623","potions_obtained":[{"floor":3,"key":"Energy Potion"},{"floor":7,"key":"SkillPotion"},{"floor":16,"key":"EntropicBrew"}],"is_trial":false,"path_per_floor":["M","?","M","?","?","E","M","R","T","$","?","R","M","M","R","B",null,"M","$","M"],"character_chosen":"THE_SILENT","items_purchased":["Well Laid Plans"],"campfire_rested":0,"item_purchase_floors":[10],"current_hp_per_floor":[59,63,63,63,44,44,42,42,42,42,42,42,42,42,42,26,30,10,10,9],"gold":124,"neow_bonus":"THREE_ENEMY_KILL","is_prod":false,"is_daily":false,"chose_seed":false,"campfire_upgraded":3,"win_rate":0,"timestamp":1566930040,"path_taken":["M","?","M","?","?","E","M","R","T","$","?","R","M","M","R","BOSS","M","$","M"],"build_version":"2019-07-17","purchased_purges":1,"victory":false,"max_hp_per_floor":[66,71,71,64,64,64,64,64,64,64,64,64,64,64,64,64,32,32,32,32],"card_choices":[{"not_picked":["Outmaneuver","Dodge and Roll","Poisoned Stab"],"picked":"SKIP","floor":1},{"not_picked":["Deadly Poison","Dagger Spray","Backflip"],"picked":"SKIP","floor":3},{"not_picked":["Bullet Time","Blur"],"picked":"Glass Knife","floor":6},{"not_picked":["Blade Dance","Quick Slash","Masterful Stab"],"picked":"SKIP","floor":7},{"not_picked":["Eviscerate","Escape Plan","Dagger Spray"],"picked":"SKIP","floor":13},{"not_picked":["Dodge and Roll","Accuracy"],"picked":"Skewer","floor":14},{"not_picked":["Storm of Steel","Adrenaline"],"picked":"Grand Finale","floor":16},{"not_picked":["Dagger Spray","Cloak And Dagger+1","Concentrate"],"picked":"SKIP","floor":18}],"player_experience":1100391,"relics_obtained":[{"floor":6,"key":"Anchor"},{"floor":9,"key":"Letter Opener"}],"event_choices":[{"damage_healed":0,"gold_gain":0,"player_choice":"Donut","damage_taken":0,"max_hp_gain":5,"max_hp_loss":0,"event_name":"Big Fish","floor":2,"gold_loss":0},{"damage_healed":0,"gold_gain":0,"player_choice":"Lose Max HP","damage_taken":0,"relics_obtained":["Golden Idol"],"max_hp_gain":0,"max_hp_loss":7,"event_name":"Golden Idol","floor":4,"gold_loss":0},{"damage_healed":0,"gold_gain":0,"player_choice":"Entered Light","damage_taken":19,"max_hp_gain":0,"max_hp_loss":0,"event_name":"Shining Light","floor":5,"gold_loss":0,"cards_upgraded":["Strike_G","Strike_G"]},{"cards_removed":["Defend_G"],"damage_healed":0,"gold_gain":0,"player_choice":"Purged","damage_taken":0,"max_hp_gain":0,"max_hp_loss":0,"event_name":"Purifier","floor":11,"gold_loss":0}],"is_beta":false,"boss_relics":[{"not_picked":["MetallicRebirth"],"picked":"BlightedDurian"},{"not_picked":["MetallicRebirth"],"picked":"BlightedDurian"},{"not_picked":["Busted Crown","White Beast Statue"],"picked":"Ring of the Serpent"}],"items_purged_floors":[10],"is_endless":false,"potions_floor_spawned":[3,7,16],"killed_by":"Spheric Guardian","ascension_level":25}