{"gold_per_floor":[209,219,21,81,6,37,49,49,49,69,69],"floor_reached":11,"playtime":753,"items_purged":["Strike_R"],"score":135,"play_id":"801bdd53-0803-47d8-9852-3ab7f9049ca0","local_time":"20190714000832","is_ascension_mode":true,"campfire_choices":[{"floor":8.0,"key":"REST"}],"neow_cost":"NONE","seed_source_timestamp":0,"circlet_count":0,"master_deck":["AscendersBane","Strike_R","Strike_R","Strike_R","Strike_R","Defend_R","Defend_R","Defend_R","Defend_R","Bash","Spot Weakness","Clothesline","Juggernaut","Spot Weakness","Entrench","Dual Wield","Twin Strike"],"special_seed":0,"relics":["Burning Blood","Mummified Hand","Anchor"],"potions_floor_usage":[11],"damage_taken":[{"damage":7.0,"enemies":"Small Slimes","floor":1.0,"turns":4.0},{"damage":14.0,"enemies":"2 Louse","floor":2.0,"turns":3.0},{"damage":48.0,"enemies":"Lagavulin","floor":6.0,"turns":7.0},{"damage":4.0,"enemies":"Cultist","floor":7.0,"turns":4.0},{"damage":26.0,"enemies":"Large Slime","floor":10.0,"turns":7.0},{"damage":40,"enemies":"3 Sentries","floor":11,"turns":4}],"seed_played":"3606212333162889169","potions_obtained":[{"floor":10.0,"key":"Regen Potion"}],"is_trial":false,"path_per_floor":["M","M","$","?","$","E","M","R","T","M","E"],"character_chosen":"IRONCLAD","items_purchased":["Juggernaut","Spot Weakness"],"campfire_rested":1,"item_purchase_floors":[3,3],"current_hp_per_floor":[67,59,59,59,59,17,19,41,41,21,0],"gold":69,"neow_bonus":"HUNDRED_GOLD","is_prod":false,"is_daily":false,"chose_seed":false,"campfire_upgraded":0,"win_rate":0,"timestamp":1563080912,"path_taken":["M","M","$","?","$","E","M","R","T","M","E"],"build_version":"2019-07-05","purchased_purges":1,"victory":false,"max_hp_per_floor":[75,75,75,75,75,75,75,75,75,75,75],"card_choices":[{"not_picked":["Iron Wave","Battle Trance"],"picked":"Spot Weakness","floor":1.0},{"not_picked":["True Grit","Sword Boomerang"],"picked":"Clothesline","floor":2.0},{"not_picked":["Feel No Pain","Thunderclap"],"picked":"Entrench","floor":6.0},{"not_picked":["Wild Strike","Sword Boomerang"],"picked":"Dual Wield","floor":7.0},{"not_picked":["Anger","Clothesline"],"picked":"Twin Strike","floor":10.0}],"player_experience":1561881,"relics_obtained":[{"floor":6.0,"key":"Mummified Hand"},{"floor":9.0,"key":"Anchor"}],"event_choices":[{"damage_healed":0.0,"max_hp_gain":0.0,"max_hp_loss":0.0,"gold_gain":60.0,"event_name":"Golden Wing","player_choice":"Gained Gold","floor":4.0,"gold_loss":0.0,"damage_taken":0.0}],"is_beta":false,"boss_relics":[],"items_purged_floors":[5],"is_endless":false,"potions_floor_spawned":[10],"killed_by":"3 Sentries","ascension_level":17}