{"gold_per_floor":[114,114,129,144,159,189,204,204,229,229,229,229,244,274,274,374,374,374,374,374,374,374,374,42,42,42,42,42,42,42,42,42,42,42,42,42,42,42,42,42,42,42,42,42,42,42,42,42,42,42],"floor_reached":51,"playtime":2069,"items_purged":[],"score":1363,"play_id":"752924b0-19d8-45c9-b3db-dc7d25258e05","local_time":"20180814141459","daily_mods":["Specialized","Lethality","Vintage"],"is_ascension_mode":false,"campfire_choices":[{"data":"Skewer","floor":11,"key":"SMITH"},{"data":"Adrenaline","floor":15,"key":"SMITH"},{"data":"After Image","floor":32,"key":"SMITH"},{"data":"Footwork","floor":42,"key":"SMITH"},{"data":"After Image","floor":49,"key":"SMITH"}],"neow_cost":"","seed_source_timestamp":0,"circlet_count":0,"master_deck":["Defend_G+1","Defend_G","Defend_G","Defend_G","Defend_G","Strike_G+1","Strike_G","Strike_G","Strike_G","Survivor","Neutralize+1","Adrenaline+1","Adrenaline","Adrenaline+1","Adrenaline","Adrenaline","Skewer+1","Parasite","Cloak And Dagger","After Image+1","Regret","Cloak And Dagger+1","Footwork+1","Prepared+1","Decay","Blade Dance+1","After Image+1","Dagger Spray+1","Skewer","Deflect+1","Backflip+1","Dagger Spray","Finesse+1","Jack Of All Trades+1","Thinking Ahead+1","Normality","Normality","Backflip+1","Skewer"],"special_seed":17757,"relics":["Ring of the Snake","Oddly Smooth Stone","Bag of Preparation","Question Card","Blue Candle","Bottled Flame","Darkstone Periapt","Pen Nib","Juzu Bracelet","Strawberry","Smiling Mask","Bird Faced Urn","Ectoplasm","Centennial Puzzle","Toxic Egg 2","Pantograph","Happy Flower","Singing Bowl","Kunai","The Specimen","Paper Crane","Mercury Hourglass","Bottled Tornado","Tiny Chest","Bag of Marbles","Orrery","Letter Opener","Meat on the Bone","Whetstone","Gremlin Horn","War Paint","Ninja Scroll","The Courier","Omamori","Snake Skull","Frozen Egg 2"],"potions_floor_usage":[16,33,50,50,50],"damage_taken":[{"damage":0,"enemies":"2 Louse","floor":1,"turns":1},{"damage":0,"enemies":"Small Slimes","floor":3,"turns":1},{"damage":0,"enemies":"Jaw Worm","floor":4,"turns":1},{"damage":0,"enemies":"Lots of Slimes","floor":5,"turns":2},{"damage":0,"enemies":"Lagavulin","floor":6,"turns":5},{"damage":0,"enemies":"Looter","floor":7,"turns":1},{"damage":0,"enemies":"3 Louse","floor":13,"turns":2},{"damage":0,"enemies":"Gremlin Nob","floor":14,"turns":2},{"damage":1,"enemies":"Slime Boss","floor":16,"turns":1},{"damage":0,"enemies":"Chosen","floor":18,"turns":2},{"damage":0,"enemies":"Spheric Guardian","floor":21,"turns":1},{"damage":1,"enemies":"3 Cultists","floor":22,"turns":3},{"damage":1,"enemies":"Book of Stabbing","floor":23,"turns":3},{"damage":0,"enemies":"Cultist and Chosen","floor":27,"turns":3},{"damage":1,"enemies":"Sentry and Sphere","floor":28,"turns":2},{"damage":1,"enemies":"Slavers","floor":30,"turns":4},{"damage":1,"enemies":"3 Cultists","floor":31,"turns":2},{"damage":1,"enemies":"Champ","floor":33,"turns":10},{"damage":0,"enemies":"Orb Walker","floor":35,"turns":2},{"damage":1,"enemies":"3 Shapes","floor":38,"turns":1},{"damage":5,"enemies":"Spire Growth","floor":39,"turns":5},{"damage":2,"enemies":"Nemesis","floor":40,"turns":3},{"damage":73,"enemies":"Snecko and Mystics","floor":41,"turns":9},{"damage":1,"enemies":"Maw","floor":44,"turns":4},{"damage":1,"enemies":"2 Orb Walkers","floor":45,"turns":2},{"damage":0,"enemies":"Flame Bruiser 2 Orb","floor":46,"turns":1},{"damage":0,"enemies":"Jaw Worm Horde","floor":48,"turns":1},{"damage":5,"enemies":"Awakened One","floor":50,"turns":11}],"seed_played":"7071705515201836070","potions_obtained":[{"floor":1,"key":"Explosive Potion"},{"floor":5,"key":"Energy Potion"},{"floor":14,"key":"Poison Potion"},{"floor":18,"key":"LiquidBronze"},{"floor":22,"key":"PowerPotion"},{"floor":30,"key":"FearPotion"},{"floor":33,"key":"PowerPotion"},{"floor":35,"key":"SteroidPotion"},{"floor":45,"key":"PowerPotion"},{"floor":46,"key":"GamblersBrew"}],"is_trial":false,"path_per_floor":["M","?","M","M","M","E","M","?","T","?","R","?","M","E","R","B",null,"M","?","?","M","M","E","$","?","T","M","M","?","E","M","R","B",null,"M","?","?","M","M","E","M","R","T","M","E","M","?","M","R","B"],"character_chosen":"THE_SILENT","items_purchased":["Footwork","Singing Bowl","Prepared+1"],"campfire_rested":0,"item_purchase_floors":[24,24,24],"current_hp_per_floor":[70,70,70,70,70,70,70,28,28,51,51,51,58,58,58,57,83,83,89,89,89,88,88,88,88,88,89,88,94,95,94,94,94,95,95,85,97,100,102,104,49,49,49,54,57,61,61,67,67,95],"gold":42,"neow_bonus":"","is_prod":false,"is_daily":true,"chose_seed":false,"campfire_upgraded":5,"win_rate":0,"timestamp":1534230899,"path_taken":["M","?","?","M","M","E","M","?","T","?","R","?","M","E","R","BOSS","M","?","?","M","M","E","$","?","T","M","M","?","E","M","R","BOSS","M","?","?","M","M","E","M","R","T","M","E","M","?","M","R","BOSS"],"build_version":"2018-08-08","purchased_purges":0,"victory":true,"max_hp_per_floor":[70,70,70,70,70,70,70,70,70,76,76,76,83,83,83,83,83,83,89,89,89,89,89,89,89,89,89,89,95,95,95,95,95,95,95,95,107,107,107,107,107,107,107,107,107,107,107,107,107,107],"card_choices":[{"not_picked":["Distraction","Quick Slash","PiercingWail"],"picked":"Skewer","floor":6},{"not_picked":["Setup","Underhanded Strike","PiercingWail"],"picked":"Cloak And Dagger","floor":14},{"not_picked":["Malaise","Die Die Die","Tools of the Trade"],"picked":"After Image","floor":16},{"not_picked":["Masterful Stab","Concentrate+1","Leg Sweep+1"],"picked":"Cloak And Dagger+1","floor":23},{"not_picked":["Quick Slash+1","Poisoned Stab","Predator"],"picked":"Blade Dance+1","floor":30},{"not_picked":["Doppelganger+1","Adrenaline+1","Grand Finale"],"picked":"After Image","floor":33},{"not_picked":["Deflect+1","Outmaneuver+1","Bane+1"],"picked":"Dagger Spray","floor":34},{"not_picked":["Underhanded Strike","Terror+1","Quick Slash"],"picked":"Skewer","floor":34},{"not_picked":["Infinite Blades","Flying Knee","Bullet Time+1"],"picked":"Deflect+1","floor":34},{"not_picked":["Dagger Throw","Flechettes","Riddle With Holes"],"picked":"Backflip+1","floor":34},{"not_picked":["Outmaneuver+1","Quick Slash+1","Dagger Throw"],"picked":"Dagger Spray","floor":34},{"not_picked":["Jack Of All Trades+1","Madness+1","Discovery+1"],"picked":"Finesse+1","floor":36},{"not_picked":["Magnetism","Secret Technique+1","Enlightenment+1"],"picked":"Jack Of All Trades+1","floor":36},{"not_picked":["Impatience+1","Panacea+1","Enlightenment+1"],"picked":"Thinking Ahead+1","floor":36},{"not_picked":["Poisoned Stab","Acrobatics+1","Distraction+1"],"picked":"Backflip+1","floor":40},{"not_picked":["Envenom","Outmaneuver+1","Dagger Spray"],"picked":"Skewer","floor":45}],"player_experience":311398,"relics_obtained":[{"floor":1,"key":"Oddly Smooth Stone"},{"floor":3,"key":"Bag of Preparation"},{"floor":4,"key":"Question Card"},{"floor":5,"key":"Blue Candle"},{"floor":6,"key":"Bottled Flame"},{"floor":7,"key":"Darkstone Periapt"},{"floor":9,"key":"Juzu Bracelet"},{"floor":13,"key":"Strawberry"},{"floor":14,"key":"Smiling Mask"},{"floor":16,"key":"Bird Faced Urn"},{"floor":18,"key":"Centennial Puzzle"},{"floor":21,"key":"Toxic Egg 2"},{"floor":22,"key":"Pantograph"},{"floor":23,"key":"Happy Flower"},{"floor":26,"key":"The Specimen"},{"floor":27,"key":"Paper Crane"},{"floor":28,"key":"Mercury Hourglass"},{"floor":30,"key":"Bottled Tornado"},{"floor":31,"key":"Tiny Chest"},{"floor":33,"key":"Bag of Marbles"},{"floor":35,"key":"Letter Opener"},{"floor":38,"key":"Meat on the Bone"},{"floor":39,"key":"Whetstone"},{"floor":40,"key":"Gremlin Horn"},{"floor":41,"key":"War Paint"},{"floor":43,"key":"Ninja Scroll"},{"floor":44,"key":"The Courier"},{"floor":45,"key":"Omamori"},{"floor":46,"key":"Snake Skull"},{"floor":48,"key":"Frozen Egg 2"}],"event_choices":[{"event_name":"Living Wall","player_choice":"Grow","floor":2,"damage_taken":0},{"event_name":"Scrap Ooze","player_choice":"success","floor":8,"damage_taken":42},{"event_name":"Mushrooms","player_choice":"Healed and dodged fight","floor":10,"damage_taken":0},{"event_name":"Fountain of Cleansing","player_choice":"Ignored","floor":12,"damage_taken":0},{"event_name":"Golden Shrine","player_choice":"Desecrate","floor":19,"damage_taken":0},{"event_name":"Ghosts","player_choice":"Ignored","floor":20,"damage_taken":0},{"event_name":"WeMeetAgain","player_choice":"Potion","floor":25,"damage_taken":0},{"event_name":"Forgotten Altar","player_choice":"Smashed Altar","floor":29,"damage_taken":0},{"event_name":"SensoryStone","player_choice":"Memory 3","floor":36,"damage_taken":0},{"event_name":"MindBloom","player_choice":"Gold","floor":37,"damage_taken":0},{"event_name":"Falling","player_choice":"Removed Attack","floor":47,"damage_taken":0}],"is_beta":true,"boss_relics":[{"not_picked":["Pandora\u0027s Box","WristBlade"],"picked":"Ectoplasm"},{"not_picked":["Ring of the Serpent","HoveringKite"],"picked":"Orrery"}],"items_purged_floors":[],"is_endless":false,"potions_floor_spawned":[1,5,14,18,22,30,33,35,38,45,46,48],"ascension_level":0}