{"gold_per_floor":[107,123,123,138,138,138,154,79,100,110,10,10,21,51,51,125,125,136,51,64,64,64,64,64],"floor_reached":24,"playtime":784,"items_purged":[],"score":549,"play_id":"7a716e0f-2d6f-4fbf-856c-abd87c5ddb40","local_time":"20190811185644","is_ascension_mode":true,"campfire_choices":[{"data":"Bash","floor":6,"key":"SMITH"},{"data":"Shockwave","floor":10,"key":"SMITH"},{"data":"Whirlwind","floor":15,"key":"SMITH"},{"data":"Disarm","floor":23,"key":"SMITH"}],"neow_cost":"NONE","seed_source_timestamp":106187198828246,"circlet_count":0,"master_deck":["Strike_R","Strike_R","Strike_R","Defend_R","Defend_R","Defend_R","Defend_R","Bash+1","AscMod:ascendersbane","Shockwave+1","Offering","Intimidate","Shrug It Off","Flex","Whirlwind+1","Double Tap","Disarm+1"],"relics":["Runic Pyramid","Vajra","MawBank","Golden Idol","Kunai","White Beast Statue","Pantograph"],"potions_floor_usage":[16,20,24],"damage_taken":[{"damage":5,"enemies":"2 Louse","floor":1,"turns":4},{"damage":1,"enemies":"Cultist","floor":2,"turns":3},{"damage":2,"enemies":"Jaw Worm","floor":4,"turns":6},{"damage":7,"enemies":"Blue Slaver","floor":7,"turns":6},{"damage":4,"enemies":"Large Slime","floor":13,"turns":8},{"damage":12,"enemies":"Lagavulin","floor":14,"turns":8},{"damage":6,"enemies":"Slime Boss","floor":16,"turns":4},{"damage":1,"enemies":"Chosen","floor":18,"turns":7},{"damage":12,"enemies":"Shell Parasite","floor":20,"turns":7},{"damage":13,"enemies":"Slavers","floor":24,"turns":1}],"seed_played":"-6241678328007888292","potions_obtained":[{"floor":7,"key":"PowerPotion"},{"floor":16,"key":"AttackPotion"},{"floor":18,"key":"Fire Potion"},{"floor":20,"key":"FearPotion"}],"is_trial":false,"path_per_floor":["M","M","?","M","?","R","M","?","T","R","$","?","M","E","R","B",null,"M","?","M","?","$","R","E"],"character_chosen":"IRONCLAD","items_purchased":["Shrug It Off","PowerPotion"],"campfire_rested":0,"item_purchase_floors":[11,11],"current_hp_per_floor":[63,62,62,60,34,34,27,27,27,27,27,27,23,11,11,5,23,22,22,10,10,10,10,0],"gold":64,"neow_bonus":"BOSS_RELIC","is_prod":false,"is_daily":false,"chose_seed":false,"campfire_upgraded":4,"win_rate":0,"timestamp":1565524604,"path_taken":["M","M","?","?","?","R","M","?","T","R","$","?","?","E","R","BOSS","M","?","M","?","?","R","E"],"build_version":"2019-07-18","purchased_purges":0,"victory":false,"max_hp_per_floor":[75,75,75,75,75,75,75,75,75,75,75,68,68,68,68,68,34,34,34,34,34,34,34,34],"card_choices":[{"not_picked":["Perfected Strike","Flex"],"picked":"Shockwave","floor":1},{"not_picked":["Clash","Burning Pact","Flex"],"picked":"SKIP","floor":2},{"not_picked":["Dual Wield","Perfected Strike"],"picked":"Intimidate","floor":4},{"not_picked":["Cleave","Havoc","Twin Strike"],"picked":"SKIP","floor":7},{"not_picked":["Body Slam","Iron Wave"],"picked":"Flex","floor":13},{"not_picked":["Dropkick","Hemokinesis"],"picked":"Whirlwind","floor":14},{"not_picked":["Juggernaut","Bludgeon"],"picked":"Double Tap","floor":16},{"not_picked":["Sever Soul","Thunderclap","Entrench"],"picked":"SKIP","floor":18},{"not_picked":["Clash+1","Uppercut"],"picked":"Disarm","floor":20}],"player_experience":1063476,"relics_obtained":[{"floor":9,"key":"MawBank"},{"floor":14,"key":"Kunai"}],"event_choices":[{"damage_healed":0,"gold_gain":0,"cards_transformed":["Strike_R"],"player_choice":"Transformed","damage_taken":0,"max_hp_gain":0,"max_hp_loss":0,"event_name":"Transmorgrifier","floor":3,"gold_loss":0,"cards_obtained":["Offering"]},{"damage_healed":0,"gold_gain":0,"player_choice":"Success","damage_taken":26,"relics_obtained":["Vajra"],"max_hp_gain":0,"max_hp_loss":0,"event_name":"Scrap Ooze","floor":5,"gold_loss":0},{"cards_removed":["Strike_R"],"damage_healed":0,"gold_gain":0,"player_choice":"Card Removal","damage_taken":0,"max_hp_gain":0,"max_hp_loss":0,"event_name":"The Cleric","floor":8,"gold_loss":75},{"damage_healed":0,"gold_gain":0,"player_choice":"Lose Max HP","damage_taken":0,"relics_obtained":["Golden Idol"],"max_hp_gain":0,"max_hp_loss":7,"event_name":"Golden Idol","floor":12,"gold_loss":0},{"damage_healed":0,"gold_gain":0,"player_choice":"Obtained Relic","damage_taken":0,"relics_obtained":["Pantograph"],"max_hp_gain":0,"max_hp_loss":0,"event_name":"Addict","floor":19,"gold_loss":85},{"damage_healed":0,"gold_gain":0,"player_choice":"Ignored","damage_taken":0,"max_hp_gain":0,"max_hp_loss":0,"event_name":"Vampires","floor":21,"gold_loss":0}],"is_beta":true,"boss_relics":[{"not_picked":["Accursed"],"picked":"BlightedDurian"},{"not_picked":["Accursed"],"picked":"BlightedDurian"},{"not_picked":["Black Star","Lizard Tail"],"picked":"White Beast Statue"}],"items_purged_floors":[],"is_endless":false,"potions_floor_spawned":[7,14,16,18,20],"killed_by":"Slavers","ascension_level":25}