{"gold_per_floor":[111,111,36,36,52,87,107,142,142,142,170,193,193,209,209,286,286,306,306,332,345,81,81,81,81,81,107,119,119,129,87,87,160,160,170,187,187,409,427,427,438,438,438,278,153,180,191,191,191,191,191],"floor_reached":51,"playtime":2075,"items_purged":["Strike_P","Defend_P"],"score":1739,"play_id":"ef489dba-f03c-4da3-9713-6d3b787c0cd7","local_time":"20190924171259","is_ascension_mode":true,"campfire_choices":[{"data":"Eruption","floor":13.0,"key":"SMITH"},{"data":"Vigilance","floor":15.0,"key":"SMITH"},{"data":"Halt","floor":23.0,"key":"SMITH"},{"data":"Wallop","floor":25.0,"key":"SMITH"},{"data":"SandsOfTime","floor":32.0,"key":"SMITH"},{"data":"Wallop","floor":40.0,"key":"SMITH"},{"data":"Halt","floor":42.0,"key":"SMITH"},{"data":"Madness","floor":49.0,"key":"SMITH"}],"neow_cost":"NONE","seed_source_timestamp":131772468559500,"circlet_count":0,"master_deck":["AscendersBane","Strike_P","Defend_P+1","Eruption+1","Vigilance+1","Halt+1","Wallop+1","SandsOfTime+1","DeusExMachina+1","Halt+1","Wallop+1","Vault","Madness+1","Madness"],"special_seed":0,"relics":["PureWater","NeowsBlessing","Regal Pillow","Bottled Lightning","PreservedInsect","HornCleat","Odd Mushroom","Runic Pyramid","Red Mask","Pen Nib","Bottled Flame","War Paint","Busted Crown","Pocketwatch","Anchor","Dream Catcher"],"potions_floor_usage":[50,51],"damage_taken":[{"damage":0.0,"enemies":"Small Slimes","floor":1.0,"turns":1.0},{"damage":0.0,"enemies":"Jaw Worm","floor":5.0,"turns":1.0},{"damage":0.0,"enemies":"3 Sentries","floor":6.0,"turns":2.0},{"damage":0.0,"enemies":"2 Louse","floor":7.0,"turns":2.0},{"damage":15.0,"enemies":"Lagavulin","floor":8.0,"turns":6.0},{"damage":0.0,"enemies":"3 Sentries","floor":11.0,"turns":3.0},{"damage":4.0,"enemies":"The Mushroom Lair","floor":12.0,"turns":4.0},{"damage":0.0,"enemies":"2 Fungi Beasts","floor":14.0,"turns":3.0},{"damage":28.0,"enemies":"The Guardian","floor":16.0,"turns":11.0},{"damage":0.0,"enemies":"Shell Parasite","floor":18.0,"turns":3.0},{"damage":0.0,"enemies":"Masked Bandits","floor":20.0,"turns":3.0},{"damage":0.0,"enemies":"Chosen","floor":21.0,"turns":3.0},{"damage":0.0,"enemies":"Gremlin Leader","floor":27.0,"turns":6.0},{"damage":0.0,"enemies":"Centurion and Healer","floor":28.0,"turns":3.0},{"damage":0.0,"enemies":"Snecko","floor":30.0,"turns":4.0},{"damage":0.0,"enemies":"Automaton","floor":33.0,"turns":10.0},{"damage":11.0,"enemies":"3 Shapes","floor":35.0,"turns":5.0},{"damage":0.0,"enemies":"3 Darklings","floor":36.0,"turns":6.0},{"damage":2.0,"enemies":"Sphere and 2 Shapes","floor":39.0,"turns":4.0},{"damage":0.0,"enemies":"Jaw Worm Horde","floor":41.0,"turns":4.0},{"damage":0.0,"enemies":"Nemesis","floor":46.0,"turns":3.0},{"damage":0.0,"enemies":"Writhing Mass","floor":47.0,"turns":5.0},{"damage":25,"enemies":"Time Eater","floor":50,"turns":15},{"damage":20,"enemies":"Donu and Deca","floor":51,"turns":5}],"seed_played":"361260998964788323","potions_obtained":[{"floor":8.0,"key":"AttackPotion"},{"floor":11.0,"key":"Strength Potion"},{"floor":12.0,"key":"DuplicationPotion"},{"floor":16.0,"key":"BottledMiracle"},{"floor":20.0,"key":"StancePotion"},{"floor":21.0,"key":"DuplicationPotion"},{"floor":30.0,"key":"Block Potion"},{"floor":36.0,"key":"Ambrosia"}],"is_trial":false,"path_per_floor":["M","?","?","?","M","E","M","E","T","?","E","?","R","M","R","B",null,"M","?","?","M","$","R","?","R","T","E","M","?","M","$","R","B",null,"M","M","?","?","M","R","M","R","T","$","$","E","M","?","R","B","B"],"character_chosen":"WATCHER","items_purchased":["Pen Nib","Wallop","Anchor"],"campfire_rested":0,"item_purchase_floors":[22,31,44],"current_hp_per_floor":[55,48,48,48,48,48,48,33,33,38,38,34,34,34,34,6,51,51,51,51,51,51,51,64,64,64,64,64,64,64,64,64,64,66,55,55,55,55,53,53,53,53,53,53,53,53,53,41,41,16,0],"gold":191,"neow_bonus":"THREE_ENEMY_KILL","is_prod":false,"is_daily":false,"chose_seed":false,"campfire_upgraded":8,"win_rate":0,"timestamp":1569319979,"path_taken":["M","?","?","?","M","E","M","E","T","?","E","?","R","M","R","BOSS","M","?","?","M","$","R","?","R","T","E","?","?","M","?","R","BOSS","M","M","?","?","?","R","M","R","T","?","$","E","M","?","R","BOSS","BOSS"],"build_version":"2019-09-23","purchased_purges":2,"victory":false,"max_hp_per_floor":[61,61,61,61,61,61,61,61,61,66,66,66,66,66,66,66,66,66,66,66,66,66,66,66,66,66,66,66,66,66,66,66,66,66,66,66,66,66,66,66,66,66,66,66,66,66,66,66,66,66,66],"card_choices":[{"not_picked":["SashWhip","SpiritShield"],"picked":"Halt","floor":1.0},{"not_picked":["ForeignInfluence","Weave","EmptyBody"],"picked":"SKIP","floor":5.0},{"not_picked":["Swivel","Protect"],"picked":"Wallop","floor":6.0},{"not_picked":["TalkToTheHand","Weave","ClearTheMind"],"picked":"SKIP","floor":7.0},{"not_picked":["Prostrate","Collect"],"picked":"SandsOfTime","floor":8.0},{"not_picked":["Weave","Vengeance","FearNoEvil"],"picked":"SKIP","floor":11.0},{"not_picked":["Prostrate","EmptyMind","JustLucky"],"picked":"SKIP","floor":14.0},{"not_picked":["MasterReality","Nirvana"],"picked":"DeusExMachina","floor":16.0},{"not_picked":["EmptyBody","Crescendo","Scrawl"],"picked":"SKIP","floor":18.0},{"not_picked":["BowlingBash+1","FlyingSleeves","EmptyBody"],"picked":"SKIP","floor":21.0},{"not_picked":["WaveOfTheHand","Vengeance","Prostrate"],"picked":"SKIP","floor":27.0},{"not_picked":["EmptyBody","ThirdEye","BowlingBash"],"picked":"SKIP","floor":28.0},{"not_picked":["BowlingBash","FlyingSleeves"],"picked":"Halt","floor":30.0},{"not_picked":["Adaptation","Pray"],"picked":"Vault","floor":33.0},{"not_picked":["JustLucky"],"picked":"SKIP","floor":35.0},{"not_picked":["Protect"],"picked":"SKIP","floor":36.0},{"not_picked":["CutThroughFate"],"picked":"SKIP","floor":39.0},{"not_picked":["CarveReality"],"picked":"SKIP","floor":41.0},{"not_picked":["Consecrate"],"picked":"SKIP","floor":46.0},{"not_picked":["Wallop"],"picked":"SKIP","floor":47.0}],"player_experience":1140943,"relics_obtained":[{"floor":6.0,"key":"Regal Pillow"},{"floor":8.0,"key":"Bottled Lightning"},{"floor":9.0,"key":"PreservedInsect"},{"floor":11.0,"key":"HornCleat"},{"floor":12.0,"key":"Odd Mushroom"},{"floor":20.0,"key":"Red Mask"},{"floor":26.0,"key":"Bottled Flame"},{"floor":27.0,"key":"War Paint"},{"floor":43.0,"key":"Pocketwatch"},{"floor":46.0,"key":"Dream Catcher"}],"event_choices":[{"cards_removed":["Defend_P"],"damage_healed":0.0,"max_hp_gain":0.0,"max_hp_loss":0.0,"gold_gain":0.0,"event_name":"Golden Wing","player_choice":"Card Removal","floor":2.0,"gold_loss":0.0,"damage_taken":7.0},{"cards_removed":["Defend_P"],"damage_healed":0.0,"max_hp_gain":0.0,"max_hp_loss":0.0,"gold_gain":0.0,"event_name":"The Cleric","player_choice":"Card Removal","floor":3.0,"gold_loss":75.0,"damage_taken":0.0},{"damage_healed":0.0,"max_hp_gain":0.0,"max_hp_loss":0.0,"gold_gain":0.0,"event_name":"Liars Game","player_choice":"Ignored","floor":4.0,"gold_loss":0.0,"damage_taken":0.0},{"damage_healed":0.0,"max_hp_gain":5.0,"max_hp_loss":0.0,"gold_gain":0.0,"event_name":"Big Fish","player_choice":"Donut","floor":10.0,"gold_loss":0.0,"damage_taken":0.0},{"damage_healed":0.0,"max_hp_gain":0.0,"max_hp_loss":0.0,"gold_gain":0.0,"event_name":"Mushrooms","player_choice":"Fought Mushrooms","floor":12.0,"gold_loss":0.0,"damage_taken":0.0},{"cards_removed":["Strike_P"],"damage_healed":0.0,"max_hp_gain":0.0,"max_hp_loss":0.0,"gold_gain":0.0,"event_name":"Back to Basics","player_choice":"Elegance","floor":19.0,"gold_loss":0.0,"damage_taken":0.0},{"damage_healed":0.0,"max_hp_gain":0.0,"max_hp_loss":0.0,"gold_gain":0.0,"event_name":"Masked Bandits","player_choice":"Fought Bandits","floor":20.0,"gold_loss":0.0,"damage_taken":0.0},{"damage_healed":13.0,"max_hp_gain":0.0,"max_hp_loss":0.0,"gold_gain":0.0,"event_name":"The Library","player_choice":"Heal","floor":24.0,"gold_loss":0.0,"damage_taken":0.0},{"cards_removed":["Strike_P"],"damage_healed":0.0,"max_hp_gain":0.0,"max_hp_loss":0.0,"gold_gain":0.0,"event_name":"Bonfire Elementals","player_choice":"Offered Basic","floor":29.0,"gold_loss":0.0,"damage_taken":0.0},{"damage_healed":0.0,"max_hp_gain":0.0,"max_hp_loss":0.0,"gold_gain":0.0,"event_name":"SensoryStone","player_choice":"Memory 1","floor":37.0,"gold_loss":0.0,"damage_taken":0.0},{"damage_healed":0.0,"max_hp_gain":0.0,"max_hp_loss":0.0,"gold_gain":222.0,"event_name":"Tomb of Lord Red Mask","player_choice":"Wore Mask","floor":38.0,"gold_loss":0.0,"damage_taken":0.0},{"damage_healed":0.0,"max_hp_gain":0.0,"max_hp_loss":0.0,"gold_gain":0.0,"event_name":"Winding Halls","player_choice":"Embrace Madness","floor":48.0,"gold_loss":0.0,"damage_taken":12.0,"cards_obtained":["Madness","Madness"]}],"is_beta":true,"boss_relics":[{"not_picked":["Black Star","Sozu"],"picked":"Runic Pyramid"},{"not_picked":["VioletLotus","HolyWater"],"picked":"Busted Crown"}],"items_purged_floors":[22,45],"is_endless":false,"potions_floor_spawned":[8,11,12,14,16,20,21,30,36,46,47],"killed_by":"Donu and Deca","ascension_level":21}