{"gold_per_floor":[117,134,209,209,226,252,108,157,157,177,204,216,216,246,246,342,342,282,282,207,223,242,242,273,283,283,283],"floor_reached":27,"playtime":2561,"items_purged":["Strike_B"],"score":241,"play_id":"13aa9ca6-464d-4c30-a4de-7cd46cf86bda","local_time":"20190528231132","is_ascension_mode":false,"campfire_choices":[{"floor":13,"key":"RECALL"},{"floor":15,"key":"REST"},{"data":"Echo Form","floor":23,"key":"SMITH"}],"neow_cost":"NONE","seed_source_timestamp":134020091383587,"circlet_count":0,"master_deck":["Strike_B","Strike_B","Strike_B","Defend_B","Defend_B+1","Defend_B","Zap","Dualcast","BootSequence+1","Gash","Conserve Battery","White Noise","Reinforced Body","Creative AI","Conserve Battery","Defragment","Echo Form+1","Tempest+1"],"relics":["Cracked Core","Strawberry","Bag of Marbles","Molten Egg 2","Smiling Mask","War Paint","Odd Mushroom","Runic Pyramid","MutagenicStrength","Bottled Flame","Gremlin Horn"],"potions_floor_usage":[11,14,24,25,27,27],"damage_taken":[{"damage":1,"enemies":"Cultist","floor":1,"turns":3},{"damage":1,"enemies":"Jaw Worm","floor":2,"turns":2},{"damage":0,"enemies":"Small Slimes","floor":5,"turns":3},{"damage":34,"enemies":"Gremlin Nob","floor":6,"turns":5},{"damage":0,"enemies":"Looter","floor":10,"turns":4},{"damage":8,"enemies":"Lagavulin","floor":11,"turns":8},{"damage":0,"enemies":"Blue Slaver","floor":12,"turns":4},{"damage":0,"enemies":"The Mushroom Lair","floor":14,"turns":6},{"damage":16,"enemies":"Slime Boss","floor":16,"turns":11},{"damage":7,"enemies":"2 Thieves","floor":18,"turns":4},{"damage":14,"enemies":"Chosen","floor":21,"turns":6},{"damage":0,"enemies":"Snecko","floor":22,"turns":7},{"damage":33,"enemies":"Book of Stabbing","floor":24,"turns":6},{"damage":3,"enemies":"Snake Plant","floor":25,"turns":4},{"damage":28,"enemies":"Slavers","floor":27,"turns":6}],"seed_played":"6552790540214016857","potions_obtained":[{"floor":1,"key":"LiquidBronze"},{"floor":5,"key":"SpeedPotion"},{"floor":6,"key":"Energy Potion"},{"floor":16,"key":"AttackPotion"},{"floor":22,"key":"Block Potion"},{"floor":24,"key":"SkillPotion"},{"floor":25,"key":"Fire Potion"}],"is_trial":false,"path_per_floor":["M","M","?","?","M","E","$","T","T","M","E","M","R","?","R","B",null,"M","?","?","M","M","R","E","M","T","E"],"character_chosen":"DEFECT","items_purchased":["White Noise"],"campfire_rested":1,"item_purchase_floors":[7],"current_hp_per_floor":[81,80,69,69,69,35,35,35,35,35,27,27,27,27,51,35,82,75,75,75,61,61,61,28,25,25,0],"gold":283,"neow_bonus":"RANDOM_COMMON_RELIC","is_prod":false,"is_daily":false,"chose_seed":false,"campfire_upgraded":1,"win_rate":0,"timestamp":1559077892,"path_taken":["M","M","?","?","?","E","$","?","T","M","E","M","R","?","R","BOSS","M","?","?","M","M","R","E","M","T","E"],"build_version":"2019-01-23","purchased_purges":1,"victory":false,"max_hp_per_floor":[82,82,82,82,82,82,82,82,82,82,82,82,82,82,82,82,82,82,82,82,82,82,82,82,82,82,82],"card_choices":[{"not_picked":["Coolheaded","Hologram"],"picked":"BootSequence","floor":1},{"not_picked":["Static Discharge","Coolheaded"],"picked":"Gash","floor":2},{"not_picked":["Coolheaded","Beam Cell"],"picked":"Conserve Battery","floor":5},{"not_picked":["Undo","Compile Driver","Turbo"],"picked":"SKIP","floor":6},{"not_picked":["Turbo","Stack"],"picked":"Reinforced Body","floor":10},{"not_picked":["Barrage+1","Cold Snap+1"],"picked":"Creative AI","floor":11},{"not_picked":["Recycle","Auto Shields"],"picked":"Conserve Battery","floor":12},{"not_picked":["Rebound+1","Leap"],"picked":"Defragment","floor":14},{"not_picked":["Electrodynamics","Core Surge+1"],"picked":"Echo Form","floor":16},{"not_picked":["Sunder+1","Reinforced Body+1","Leap"],"picked":"SKIP","floor":18},{"not_picked":["Consume","Hello World+1"],"picked":"Tempest+1","floor":21},{"not_picked":["Go for the Eyes+1","Compile Driver+1","Coolheaded"],"picked":"SKIP","floor":22},{"not_picked":["Darkness+1","Sunder+1","Rebound+1"],"picked":"SKIP","floor":24},{"not_picked":["Stack+1","Ball Lightning+1","Sunder+1"],"picked":"SKIP","floor":25}],"player_experience":98197,"relics_obtained":[{"floor":6,"key":"Molten Egg 2"},{"floor":9,"key":"Smiling Mask"},{"floor":11,"key":"War Paint"},{"floor":14,"key":"Odd Mushroom"},{"floor":24,"key":"Bottled Flame"},{"floor":26,"key":"Gremlin Horn"}],"event_choices":[{"damage_healed":0,"gold_gain":75,"player_choice":"Gather Gold","damage_taken":11,"max_hp_gain":0,"max_hp_loss":0,"event_name":"World of Goop","floor":3,"gold_loss":0},{"damage_healed":0,"gold_gain":0,"player_choice":"Gave Potion","damage_taken":0,"relics_obtained":["Bag of Marbles"],"max_hp_gain":0,"max_hp_loss":0,"event_name":"WeMeetAgain","floor":4,"gold_loss":0},{"damage_healed":0,"gold_gain":0,"player_choice":"Fought Mushrooms","damage_taken":0,"max_hp_gain":0,"max_hp_loss":0,"event_name":"Mushrooms","floor":14,"gold_loss":0},{"damage_healed":0,"gold_gain":0,"player_choice":"Inject Mutagens","damage_taken":0,"relics_obtained":["MutagenicStrength"],"max_hp_gain":0,"max_hp_loss":0,"event_name":"Drug Dealer","floor":19,"gold_loss":0},{"cards_removed":["Defend_B"],"damage_healed":0,"gold_gain":0,"player_choice":"Gave Gold","damage_taken":0,"max_hp_gain":0,"max_hp_loss":0,"event_name":"Beggar","floor":20,"gold_loss":75}],"is_beta":false,"boss_relics":[{"not_picked":["Lizard Tail","Orrery"],"picked":"Runic Pyramid"}],"items_purged_floors":[7],"is_endless":false,"potions_floor_spawned":[1,5,6,16,22,24,25],"killed_by":"Slavers","ascension_level":0}