{"gold_per_floor":[117,133,151,170,120,120,120,120,120,133,167,180,180,210,210,312,312,328,118,129,148,158,185,197,197,197,197,197,197,211,211,211,306,306,323,86,103,30,47,78,94,122,148,148,148,182,182,202,202,202,202,202,10,43,43],"floor_reached":56,"playtime":18888,"items_purged":["Defend_G","Defend_G","Strike_G"],"score":1269,"play_id":"aa8492f3-899b-4ae9-a5b4-c63e1cebbb44","local_time":"20190917204309","is_ascension_mode":false,"campfire_choices":[{"data":"Well Laid Plans","floor":6.0,"key":"SMITH"},{"data":"Neutralize","floor":8.0,"key":"SMITH"},{"data":"Backflip","floor":13.0,"key":"SMITH"},{"data":"Skewer","floor":15.0,"key":"SMITH"},{"floor":29.0,"key":"RECALL"},{"floor":32.0,"key":"REST"},{"floor":45.0,"key":"REST"},{"floor":49.0,"key":"REST"},{"floor":52.0,"key":"REST"}],"neow_cost":"NONE","seed_source_timestamp":0,"circlet_count":0,"master_deck":["Strike_G","Defend_G","Defend_G","Defend_G","Survivor","Neutralize+1","Well Laid Plans+1","Outmaneuver","Backflip+1","Infinite Blades","Deflect+1","Skewer+1","Backflip","Flying Knee","A Thousand Cuts","Flechettes","Footwork","Calculated Gamble+1","Acrobatics+1","Acrobatics+1","Footwork","Dodge and Roll+1","Blur","Corpse Explosion","Tools of the Trade","Well Laid Plans","Blade Dance+1","Noxious Fumes+1","Acrobatics+1","Poisoned Stab+1","Footwork","After Image"],"special_seed":0,"relics":["Ring of the Snake","Matryoshka","Ginger","Meat on the Bone","Fusion Hammer","Pear","War Paint","Ninja Scroll","Anchor","HoveringKite","Mummified Hand","Bottled Lightning","Snake Skull","Pen Nib","Gremlin Horn"],"potions_floor_usage":[55],"damage_taken":[{"damage":0.0,"enemies":"2 Louse","floor":1.0,"turns":4.0},{"damage":0.0,"enemies":"Small Slimes","floor":2.0,"turns":5.0},{"damage":0.0,"enemies":"Cultist","floor":3.0,"turns":5.0},{"damage":2.0,"enemies":"Gremlin Gang","floor":4.0,"turns":9.0},{"damage":9.0,"enemies":"Exordium Thugs","floor":10.0,"turns":9.0},{"damage":13.0,"enemies":"3 Sentries","floor":11.0,"turns":14.0},{"damage":3.0,"enemies":"Exordium Wildlife","floor":12.0,"turns":7.0},{"damage":2.0,"enemies":"Lagavulin","floor":14.0,"turns":8.0},{"damage":3.0,"enemies":"Hexaghost","floor":16.0,"turns":11.0},{"damage":0.0,"enemies":"Chosen","floor":18.0,"turns":4.0},{"damage":10.0,"enemies":"3 Byrds","floor":20.0,"turns":5.0},{"damage":4.0,"enemies":"Cultist and Chosen","floor":21.0,"turns":8.0},{"damage":18.0,"enemies":"Shelled Parasite and Fungi","floor":22.0,"turns":10.0},{"damage":5.0,"enemies":"Book of Stabbing","floor":23.0,"turns":7.0},{"damage":9.0,"enemies":"3 Cultists","floor":24.0,"turns":7.0},{"damage":0.0,"enemies":"Snake Plant","floor":30.0,"turns":3.0},{"damage":9.0,"enemies":"Collector","floor":33.0,"turns":17.0},{"damage":8.0,"enemies":"3 Shapes","floor":35.0,"turns":1.0},{"damage":0.0,"enemies":"Orb Walker","floor":37.0,"turns":6.0},{"damage":0.0,"enemies":"3 Darklings","floor":39.0,"turns":4.0},{"damage":17.0,"enemies":"Giant Head","floor":40.0,"turns":14.0},{"damage":1.0,"enemies":"Spire Growth","floor":41.0,"turns":6.0},{"damage":17.0,"enemies":"Nemesis","floor":42.0,"turns":7.0},{"damage":0.0,"enemies":"Giant Head","floor":46.0,"turns":9.0},{"damage":0.0,"enemies":"Transient","floor":48.0,"turns":5.0},{"damage":49.0,"enemies":"Awakened One","floor":50.0,"turns":17.0},{"damage":3.0,"enemies":"Shield and Spear","floor":54.0,"turns":5.0},{"damage":20,"enemies":"The Heart","floor":55,"turns":17}],"seed_played":"-1499760554941344960","potions_obtained":[{"floor":1.0,"key":"Weak Potion"},{"floor":11.0,"key":"AttackPotion"},{"floor":12.0,"key":"Explosive Potion"},{"floor":18.0,"key":"Weak Potion"},{"floor":23.0,"key":"Energy Potion"},{"floor":24.0,"key":"GhostInAJar"},{"floor":33.0,"key":"GhostInAJar"},{"floor":37.0,"key":"Energy Potion"},{"floor":54,"key":"GamblersBrew"}],"is_trial":false,"path_per_floor":["M","M","M","M","?","R","?","R","T","M","E","M","R","E","R","B",null,"M","$","M","M","M","E","M","?","T","T","?","R","M","?","R","B",null,"M","$","M","$","M","E","M","E","T","?","R","E","?","M","R","B",null,"R","$","E","B",null],"character_chosen":"THE_SILENT","items_purchased":["Footwork","Calculated Gamble","Tools of the Trade","Well Laid Plans","Footwork"],"campfire_rested":4,"item_purchase_floors":[19,19,36,38,53],"current_hp_per_floor":[77,77,77,75,75,75,75,75,75,66,53,50,50,48,48,45,77,77,77,67,63,45,50,53,53,53,53,53,53,53,36,63,54,92,84,84,84,84,84,67,66,49,49,49,76,76,76,76,92,55,92,92,92,89,69],"gold":43,"neow_bonus":"TEN_PERCENT_HP_BONUS","is_prod":false,"is_daily":false,"chose_seed":false,"campfire_upgraded":4,"win_rate":0,"timestamp":1568767389,"path_taken":["M","M","M","M","?","R","?","R","T","?","E","M","R","E","R","BOSS","M","$","?","?","M","E","M","?","T","?","?","R","?","?","R","BOSS","M","$","M","$","M","E","M","E","T","?","R","E","?","M","R","BOSS","R","$","E","BOSS"],"build_version":"2019-07-17","purchased_purges":3,"victory":true,"max_hp_per_floor":[77,77,77,77,77,77,77,77,77,77,77,77,77,77,77,77,77,77,77,77,77,77,87,87,87,87,87,87,87,87,92,92,92,92,92,92,92,92,92,92,92,92,92,92,92,92,92,92,92,92,92,92,92,92,92],"card_choices":[{"not_picked":["Deadly Poison","Blur"],"picked":"Well Laid Plans","floor":1.0},{"not_picked":["Dagger Throw","Quick Slash"],"picked":"Outmaneuver","floor":2.0},{"not_picked":["Crippling Poison","Dash"],"picked":"Backflip","floor":3.0},{"not_picked":["Slice","Deflect"],"picked":"Infinite Blades","floor":4.0},{"not_picked":["Finisher","Underhanded Strike"],"picked":"Deflect","floor":10.0},{"not_picked":["Dash","All Out Attack"],"picked":"Skewer","floor":11.0},{"not_picked":["Choke","Glass Knife"],"picked":"Backflip","floor":12.0},{"not_picked":["All Out Attack","Bane"],"picked":"Flying Knee","floor":14.0},{"not_picked":["Night Terror","Glass Knife"],"picked":"A Thousand Cuts","floor":16.0},{"not_picked":["Slice","Choke+1"],"picked":"Flechettes","floor":18.0},{"not_picked":["Deflect","Tactician"],"picked":"PiercingWail+1","floor":20.0},{"not_picked":["Poisoned Stab","Die Die Die"],"picked":"Acrobatics+1","floor":21.0},{"not_picked":["Underhanded Strike","Flying Knee"],"picked":"Acrobatics+1","floor":22.0},{"not_picked":["Endless Agony","Quick Slash"],"picked":"Footwork","floor":23.0},{"not_picked":["Underhanded Strike","Deadly Poison"],"picked":"Dodge and Roll+1","floor":24.0},{"not_picked":["Dagger Throw","PiercingWail","Endless Agony+1"],"picked":"SKIP","floor":30.0},{"not_picked":["Venomology","Phantasmal Killer"],"picked":"Corpse Explosion","floor":33.0},{"not_picked":["Quick Slash","Prepared","Endless Agony"],"picked":"SKIP","floor":35.0},{"not_picked":["Poisoned Stab","Bane+1","Prepared"],"picked":"SKIP","floor":37.0},{"not_picked":["Endless Agony+1","Underhanded Strike+1","Dagger Spray+1"],"picked":"SKIP","floor":39.0},{"not_picked":["Distraction","Sucker Punch+1"],"picked":"Blade Dance+1","floor":40.0},{"not_picked":["Skewer","Well Laid Plans"],"picked":"Noxious Fumes+1","floor":41.0},{"not_picked":["Flying Knee","Slice"],"picked":"Acrobatics+1","floor":42.0},{"not_picked":["Prepared","Dodge and Roll"],"picked":"Poisoned Stab+1","floor":46.0},{"not_picked":["Dagger Throw","Backstab+1","Dagger Spray"],"picked":"SKIP","floor":48.0},{"not_picked":["A Thousand Cuts","Expertise+1"],"picked":"After Image","floor":54}],"player_experience":180795,"relics_obtained":[{"floor":9.0,"key":"Matryoshka"},{"floor":11.0,"key":"Ginger"},{"floor":14.0,"key":"Meat on the Bone"},{"floor":23.0,"key":"Pear"},{"floor":26.0,"key":"War Paint"},{"floor":27.0,"key":"Ninja Scroll"},{"floor":27.0,"key":"Anchor"},{"floor":40.0,"key":"Mummified Hand"},{"floor":42.0,"key":"Bottled Lightning"},{"floor":43.0,"key":"Snake Skull"},{"floor":46.0,"key":"Pen Nib"},{"floor":54,"key":"Gremlin Horn"}],"event_choices":[{"cards_removed":["Strike_G"],"damage_healed":0.0,"max_hp_gain":0.0,"max_hp_loss":0.0,"gold_gain":0.0,"event_name":"The Cleric","player_choice":"Card Removal","floor":5.0,"gold_loss":50.0,"damage_taken":0.0},{"cards_removed":["Strike_G"],"damage_healed":0.0,"max_hp_gain":0.0,"max_hp_loss":0.0,"gold_gain":0.0,"event_name":"Wheel of Change","player_choice":"Card Removal","floor":7.0,"gold_loss":0.0,"damage_taken":0.0},{"damage_healed":0.0,"max_hp_gain":0.0,"max_hp_loss":0.0,"gold_gain":0.0,"event_name":"The Mausoleum","player_choice":"Ignored","floor":25.0,"gold_loss":0.0,"damage_taken":0.0},{"damage_healed":0.0,"max_hp_gain":0.0,"max_hp_loss":0.0,"gold_gain":0.0,"cards_transformed":["Strike_G"],"event_name":"Transmorgrifier","player_choice":"Transformed","floor":28.0,"gold_loss":0.0,"damage_taken":0.0,"cards_obtained":["Blur"]},{"damage_healed":0.0,"max_hp_gain":5.0,"max_hp_loss":0.0,"gold_gain":0.0,"event_name":"Forgotten Altar","player_choice":"Shed Blood","floor":31.0,"gold_loss":0.0,"damage_taken":22.0},{"cards_removed":["PiercingWail"],"damage_healed":0.0,"max_hp_gain":0.0,"max_hp_loss":0.0,"gold_gain":0.0,"event_name":"Falling","player_choice":"Removed Skill","floor":44.0,"gold_loss":0.0,"damage_taken":0.0},{"damage_healed":0.0,"max_hp_gain":0.0,"max_hp_loss":0.0,"gold_gain":0.0,"event_name":"Tomb of Lord Red Mask","player_choice":"Ignored","floor":47.0,"gold_loss":0.0,"damage_taken":0.0}],"is_beta":false,"boss_relics":[{"not_picked":["Velvet Choker","Runic Pyramid"],"picked":"Fusion Hammer"},{"not_picked":["White Beast Statue","Orrery"],"picked":"HoveringKite"}],"items_purged_floors":[19,36,53],"is_endless":false,"potions_floor_spawned":[1,11,12,18,23,24,33,37,39,46,54],"ascension_level":0}