{"gold_per_floor":[110,110,110,121,95,120,132,132,132,132,143,172,172,184,184,289,289,300,310,310,53,72,107,107,107,156,156,182,200,200,219,219,320,320,331,41,56,56,68,101,101,132,158,169,8,20,20,49,49,49],"floor_reached":51,"playtime":6437,"items_purged":["Defend_B+1"],"score":810,"play_id":"7c58d3ec-1398-4ec9-8254-8604a467b889","local_time":"20190625000957","is_ascension_mode":false,"campfire_choices":[{"data":"Blind","floor":8.0,"key":"SMITH"},{"data":"White Noise","floor":10.0,"key":"SMITH"},{"data":"Go for the Eyes","floor":13.0,"key":"SMITH"},{"floor":15.0,"key":"REST"},{"floor":24,"key":"REST"},{"floor":27,"key":"REST"},{"floor":32,"key":"REST"},{"data":"Defragment","floor":41,"key":"SMITH"},{"floor":49,"key":"REST"}],"neow_cost":"NONE","seed_source_timestamp":0,"circlet_count":0,"master_deck":["Strike_B+1","Strike_B+1","Strike_B+1","Defend_B+1","Defend_B+1","Defend_B+1","Zap","Dualcast","Blind+1","Hello World","Gash","Go for the Eyes+1","White Noise+1","Leap","Defragment+1","Reprogram","Gash","Amplify+1","Gash","Storm+1","Stack+1","All For One","Hologram","Glacier+1","Redo+1","Echo Form","Hologram+1","Steam","Capacitor","Leap","Leap+1","FTL+1","Ball Lightning+1","Loop","Self Repair","Gash","Streamline+1"],"special_seed":0,"relics":["Cracked Core","Bottled Lightning","Kunai","Centennial Puzzle","Nuclear Battery","Shuriken","War Paint","Orichalcum","Meat on the Bone","Black Star","OrangePellets","Potion Belt","Blue Candle","Mango","Omamori","Regal Pillow","Cables","Anchor"],"potions_floor_usage":[28,28,40,42,48,50],"damage_taken":[{"damage":0.0,"enemies":"Small Slimes","floor":1.0,"turns":3.0},{"damage":4.0,"enemies":"2 Louse","floor":4.0,"turns":3.0},{"damage":14.0,"enemies":"Lagavulin","floor":6.0,"turns":6.0},{"damage":5.0,"enemies":"Cultist","floor":7.0,"turns":4.0},{"damage":4.0,"enemies":"Blue Slaver","floor":11.0,"turns":4.0},{"damage":6.0,"enemies":"3 Sentries","floor":12.0,"turns":4.0},{"damage":1.0,"enemies":"2 Fungi Beasts","floor":14.0,"turns":4.0},{"damage":21.0,"enemies":"Slime Boss","floor":16.0,"turns":9.0},{"damage":0.0,"enemies":"3 Byrds","floor":18.0,"turns":5.0},{"damage":6.0,"enemies":"Chosen","floor":19.0,"turns":4.0},{"damage":9.0,"enemies":"Shelled Parasite and Fungi","floor":22.0,"turns":5.0},{"damage":31.0,"enemies":"Gremlin Leader","floor":23.0,"turns":8.0},{"damage":27,"enemies":"Slavers","floor":28,"turns":4},{"damage":15,"enemies":"Centurion and Healer","floor":29,"turns":4},{"damage":1,"enemies":"Sentry and Sphere","floor":31,"turns":4},{"damage":9,"enemies":"Champ","floor":33,"turns":8},{"damage":0,"enemies":"Orb Walker","floor":35,"turns":3},{"damage":7,"enemies":"3 Darklings","floor":37,"turns":5},{"damage":7,"enemies":"Jaw Worm Horde","floor":39,"turns":4},{"damage":16,"enemies":"Reptomancer","floor":40,"turns":6},{"damage":22,"enemies":"Giant Head","floor":42,"turns":12},{"damage":0,"enemies":"Maw","floor":44,"turns":9},{"damage":11,"enemies":"4 Shapes","floor":46,"turns":3},{"damage":29,"enemies":"Nemesis","floor":48,"turns":7},{"damage":61,"enemies":"Donu and Deca","floor":50,"turns":10}],"seed_played":"-2232894947269802018","potions_obtained":[{"floor":4.0,"key":"AttackPotion"},{"floor":7.0,"key":"EntropicBrew"},{"floor":12.0,"key":"Fire Potion"},{"floor":16.0,"key":"Regen Potion"},{"floor":22.0,"key":"Dexterity Potion"},{"floor":23.0,"key":"Energy Potion"},{"floor":25,"key":"FairyPotion"},{"floor":25,"key":"PowerPotion"},{"floor":29,"key":"Energy Potion"},{"floor":35,"key":"SteroidPotion"},{"floor":40,"key":"Energy Potion"},{"floor":46,"key":"Fire Potion"}],"is_trial":false,"path_per_floor":["M","?","?","M","$","E","M","R","T","R","M","E","R","M","R","B",null,"M","M","?","$","M","E","R","?","T","R","E","M","?","M","R","B",null,"M","$","M","?","M","E","R","E","T","M","$","M","?","E","R","B",null],"character_chosen":"DEFECT","items_purchased":["Go for the Eyes","Shuriken","OrangePellets","Steam","Capacitor","Self Repair","Energy Potion"],"campfire_rested":5,"item_purchase_floors":[5,21,36,36,36,45,45],"current_hp_per_floor":[75,68,68,64,64,50,45,45,45,45,41,35,35,34,56,35,75,75,69,55,55,46,15,39,39,39,63,48,45,45,44,68,59,80,80,80,73,73,66,50,50,54,54,54,54,55,55,45,88,39],"gold":49,"neow_bonus":"RANDOM_COLORLESS","is_prod":false,"is_daily":false,"chose_seed":false,"campfire_upgraded":4,"win_rate":0.0,"timestamp":1561439397,"path_taken":["M","?","?","?","$","E","M","R","T","R","M","E","R","M","R","BOSS","M","M","?","$","M","E","R","?","T","R","E","?","?","M","R","BOSS","M","$","M","?","M","E","R","E","T","?","$","M","?","E","R","BOSS"],"build_version":"2019-01-23","purchased_purges":1,"victory":true,"max_hp_per_floor":[75,75,75,75,75,75,75,75,75,75,75,75,75,75,75,75,75,75,75,80,80,80,80,80,80,80,80,80,80,80,80,80,80,80,80,80,80,80,80,80,80,94,94,94,94,94,94,94,94,94],"card_choices":[{"not_picked":["Compile Driver","Hologram"],"picked":"Hello World","floor":1.0},{"not_picked":["Undo","Lockon"],"picked":"Gash","floor":4.0},{"not_picked":["Recycle","Double Energy"],"picked":"White Noise","floor":6.0},{"not_picked":["Hologram","Stack"],"picked":"Leap","floor":7.0},{"not_picked":["Redo","Stack"],"picked":"Defragment","floor":11.0},{"not_picked":["Biased Cognition","Cold Snap"],"picked":"Reprogram","floor":12.0},{"not_picked":["Redo","Barrage"],"picked":"Gash","floor":14.0},{"not_picked":["Machine Learning","Meteor Strike"],"picked":"Amplify","floor":16.0},{"not_picked":["Genetic Algorithm+1","Hologram+1"],"picked":"Gash","floor":18.0},{"not_picked":["Conserve Battery+1","Beam Cell"],"picked":"Storm+1","floor":19.0},{"not_picked":["Cold Snap","Compile Driver"],"picked":"Stack","floor":22.0},{"not_picked":["Sweeping Beam+1","Redo"],"picked":"All For One","floor":23.0},{"not_picked":["Redo","Static Discharge"],"picked":"Hologram","floor":28},{"not_picked":["Redo","Lockon"],"picked":"Glacier+1","floor":29},{"not_picked":["Barrage+1","Coolheaded"],"picked":"Redo+1","floor":31},{"not_picked":["Thunder Strike","Rainbow"],"picked":"Echo Form","floor":33},{"not_picked":["Chill+1","Rebound+1"],"picked":"Hologram+1","floor":35},{"not_picked":["Ball Lightning+1","Electrodynamics"],"picked":"Leap","floor":37},{"not_picked":["Gash+1","Hologram+1"],"picked":"Leap+1","floor":39},{"not_picked":["Coolheaded+1","Undo"],"picked":"FTL+1","floor":40},{"not_picked":["Rebound","FTL"],"picked":"Ball Lightning+1","floor":42},{"not_picked":["Sweeping Beam","Leap+1"],"picked":"Loop","floor":44},{"not_picked":["Doom and Gloom+1","Cold Snap"],"picked":"Gash","floor":46},{"not_picked":["FTL","Conserve Battery"],"picked":"Streamline+1","floor":48}],"player_experience":74968,"relics_obtained":[{"floor":6.0,"key":"Bottled Lightning"},{"floor":9.0,"key":"Kunai"},{"floor":12.0,"key":"Centennial Puzzle"},{"floor":23.0,"key":"War Paint"},{"floor":26,"key":"Orichalcum"},{"floor":28,"key":"Meat on the Bone"},{"floor":40,"key":"Potion Belt"},{"floor":40,"key":"Blue Candle"},{"floor":42,"key":"Mango"},{"floor":42,"key":"Omamori"},{"floor":43,"key":"Regal Pillow"},{"floor":48,"key":"Cables"},{"floor":48,"key":"Anchor"}],"event_choices":[{"cards_removed":["Strike_B"],"damage_healed":0.0,"max_hp_gain":0.0,"max_hp_loss":0.0,"gold_gain":0.0,"event_name":"Golden Wing","player_choice":"Card Removal","floor":2.0,"gold_loss":0.0,"damage_taken":7.0},{"damage_healed":0.0,"max_hp_gain":0.0,"max_hp_loss":0.0,"gold_gain":0.0,"event_name":"The Woman in Blue","player_choice":"Bought 0 Potions","floor":3.0,"gold_loss":0.0,"damage_taken":0.0},{"damage_healed":0.0,"max_hp_gain":5.0,"max_hp_loss":0.0,"gold_gain":0.0,"event_name":"Forgotten Altar","player_choice":"Shed Blood","floor":20.0,"gold_loss":0.0,"damage_taken":19.0},{"damage_healed":0,"gold_gain":0,"player_choice":"Got Potions","damage_taken":0,"max_hp_gain":0,"max_hp_loss":0,"event_name":"Lab","floor":25,"gold_loss":0},{"damage_healed":0,"gold_gain":0,"player_choice":"Simplicity","damage_taken":0,"max_hp_gain":0,"max_hp_loss":0,"event_name":"Back to Basics","floor":30,"gold_loss":0,"cards_upgraded":["Strike_B","Strike_B","Strike_B","Defend_B","Defend_B","Defend_B","Defend_B"]},{"damage_healed":0,"gold_gain":0,"player_choice":"Ignored","damage_taken":0,"max_hp_gain":0,"max_hp_loss":0,"event_name":"NoteForYourself","floor":38,"gold_loss":0},{"damage_healed":0,"gold_gain":0,"player_choice":"Ignored","damage_taken":0,"max_hp_gain":0,"max_hp_loss":0,"event_name":"Mysterious Sphere","floor":47,"gold_loss":0}],"is_beta":false,"boss_relics":[{"not_picked":["Snecko Eye","Eternal Feather"],"picked":"Nuclear Battery"},{"not_picked":["Astrolabe","Coffee Dripper"],"picked":"Black Star"}],"items_purged_floors":[45],"is_endless":false,"potions_floor_spawned":[4,7,12,16,22,23,29,35,37,40,46],"ascension_level":0}