{"gold_per_floor":[119,129,129,14,14,14,44,44,95,121,121,135,152,15,15,119,119,139,66,66,79,178,209,16,27,27,27,44,55,4,17,17,112,112,126,0,19,36,36,36,36,48,48,58,58,58,58,58,58,58],"floor_reached":50,"playtime":2133,"items_purged":[],"score":594,"play_id":"78b86282-b316-4a4d-8fbc-8ff6d1072413","local_time":"20190610103114","is_ascension_mode":true,"campfire_choices":[{"data":"Hologram","floor":6,"key":"SMITH"},{"data":"Streamline","floor":11,"key":"SMITH"},{"floor":15,"key":"REST"},{"floor":32,"key":"REST"},{"floor":40,"key":"REST"},{"floor":47,"key":"RECALL"},{"floor":49,"key":"REST"}],"neow_cost":"NONE","seed_source_timestamp":86294661791937,"circlet_count":0,"master_deck":["Defend_B","Defend_B","Zap+1","Dualcast","Coolheaded+1","Hologram+1","Doom and Gloom+1","Turbo","Streamline+1","Cold Snap","Turbo","Electrodynamics","Conserve Battery+1","Glacier","Static Discharge","Glacier","Loop","Defragment+1","Bite","Bite","Bite","Bite","Bite","Self Repair","Gash","Conserve Battery","Multi-Cast","Gash+1","Redo","Conserve Battery","Defragment"],"relics":["Cracked Core","NeowsBlessing","Kunai","Bag of Marbles","Pen Nib","Philosopher\u0027s Stone","Ancient Tea Set","Blood Vial","Orichalcum","Symbiotic Virus","Empty Cage","Red Mask"],"potions_floor_usage":[10,10,23,23,42],"damage_taken":[{"damage":0,"enemies":"Cultist","floor":1,"turns":1},{"damage":0,"enemies":"Jaw Worm","floor":2,"turns":1},{"damage":0,"enemies":"Gremlin Nob","floor":7,"turns":1},{"damage":22,"enemies":"Lagavulin","floor":10,"turns":7},{"damage":0,"enemies":"2 Louse","floor":12,"turns":2},{"damage":14,"enemies":"Exordium Wildlife","floor":13,"turns":4},{"damage":37,"enemies":"The Guardian","floor":16,"turns":10},{"damage":0,"enemies":"Shell Parasite","floor":18,"turns":1},{"damage":4,"enemies":"Chosen","floor":21,"turns":3},{"damage":31,"enemies":"Book of Stabbing","floor":23,"turns":4},{"damage":12,"enemies":"Centurion and Healer","floor":25,"turns":6},{"damage":16,"enemies":"Chosen and Byrds","floor":28,"turns":4},{"damage":33,"enemies":"Cultist and Chosen","floor":29,"turns":6},{"damage":16,"enemies":"Sentry and Sphere","floor":31,"turns":4},{"damage":22,"enemies":"Collector","floor":33,"turns":14},{"damage":20,"enemies":"Orb Walker","floor":35,"turns":5},{"damage":16,"enemies":"3 Darklings","floor":37,"turns":6},{"damage":41,"enemies":"Spire Growth","floor":38,"turns":6},{"damage":23,"enemies":"Sphere and 2 Shapes","floor":42,"turns":7},{"damage":24,"enemies":"3 Darklings","floor":44,"turns":6},{"damage":84,"enemies":"Time Eater","floor":50,"turns":6}],"seed_played":"-6862635148901831941","potions_obtained":[{"floor":1,"key":"PowerPotion"},{"floor":10,"key":"Fruit Juice"},{"floor":16,"key":"SpeedPotion"},{"floor":18,"key":"Block Potion"},{"floor":21,"key":"LiquidBronze"},{"floor":23,"key":"Ancient Potion"},{"floor":37,"key":"Swift Potion"},{"floor":38,"key":"FairyPotion"}],"is_trial":false,"path_per_floor":["M","M","?","$","?","R","E","?","T","E","R","M","M","$","R","B",null,"M","$","?","M","?","E","$","M","T","?","M","M","$","M","R","B",null,"M","?","M","M","?","R","?","M","T","M","?","$","R","?","R","B"],"character_chosen":"DEFECT","items_purchased":["Doom and Gloom","Turbo","Electrodynamics","Glacier","Loop","Orichalcum","Conserve Battery"],"campfire_rested":4,"item_purchase_floors":[4,4,14,19,24,24,30],"current_hp_per_floor":[75,75,60,60,53,53,53,53,53,36,36,36,22,22,46,9,80,80,80,80,76,76,45,45,35,35,35,29,15,15,11,27,38,56,40,40,32,3,17,33,33,31,31,26,26,26,26,26,42,0],"gold":58,"neow_bonus":"THREE_ENEMY_KILL","is_prod":false,"is_daily":false,"chose_seed":false,"campfire_upgraded":2,"win_rate":0,"timestamp":1560155474,"path_taken":["M","M","?","$","?","R","E","?","T","E","R","M","?","$","R","BOSS","M","$","?","M","?","E","?","M","T","?","?","M","$","M","R","BOSS","M","?","M","M","?","R","?","M","T","M","?","$","R","?","R","BOSS"],"build_version":"2019-01-23","purchased_purges":0,"victory":false,"max_hp_per_floor":[75,75,75,75,75,75,75,75,75,80,80,80,80,80,80,80,80,80,80,80,80,80,80,80,80,80,56,56,56,56,56,56,56,56,56,56,56,56,56,56,56,56,56,56,56,56,56,56,56,56],"card_choices":[{"not_picked":["Tempest","Sunder"],"picked":"Coolheaded","floor":1},{"not_picked":["Sweeping Beam","Stack"],"picked":"Hologram","floor":2},{"not_picked":["Chaos","Rebound","Ball Lightning"],"picked":"SKIP","floor":7},{"not_picked":["Hello World","Ball Lightning"],"picked":"Streamline","floor":10},{"not_picked":["Hello World","Aggregate"],"picked":"Cold Snap","floor":12},{"not_picked":["Rebound","Tempest"],"picked":"Turbo","floor":13},{"not_picked":["Steam","Ball Lightning"],"picked":"Conserve Battery+1","floor":18},{"not_picked":["Barrage","Compile Driver"],"picked":"Static Discharge","floor":21},{"not_picked":["Compile Driver","Reprogram"],"picked":"Glacier","floor":23},{"not_picked":["Barrage","Beam Cell"],"picked":"Defragment+1","floor":25},{"not_picked":["Coolheaded","Hello World"],"picked":"Self Repair","floor":28},{"not_picked":["Beam Cell","Reprogram+1"],"picked":"Gash","floor":29},{"not_picked":["Compile Driver","Skim","Beam Cell"],"picked":"SKIP","floor":31},{"not_picked":["Biased Cognition","Rainbow"],"picked":"Multi-Cast","floor":33},{"not_picked":["Melter+1","Undo+1","Turbo"],"picked":"SKIP","floor":35},{"not_picked":["Recycle","Ball Lightning+1"],"picked":"Gash+1","floor":37},{"not_picked":["Hologram+1","Stack"],"picked":"Redo","floor":38},{"not_picked":["Heatsinks","Go for the Eyes"],"picked":"Conserve Battery","floor":42},{"not_picked":["Reprogram","Barrage"],"picked":"Defragment","floor":44}],"player_experience":240922,"relics_obtained":[{"floor":7,"key":"Kunai"},{"floor":9,"key":"Bag of Marbles"},{"floor":10,"key":"Pen Nib"},{"floor":23,"key":"Blood Vial"},{"floor":26,"key":"Symbiotic Virus"}],"event_choices":[{"damage_healed":0,"gold_gain":0,"player_choice":"Entered Light","damage_taken":15,"max_hp_gain":0,"max_hp_loss":0,"event_name":"Shining Light","floor":3,"gold_loss":0,"cards_upgraded":["Zap","Coolheaded"]},{"cards_removed":["Strike_B"],"damage_healed":0,"gold_gain":0,"player_choice":"Card Removal","damage_taken":7,"max_hp_gain":0,"max_hp_loss":0,"event_name":"Golden Wing","floor":5,"gold_loss":0},{"damage_healed":0,"gold_gain":0,"player_choice":"Forge","damage_taken":0,"max_hp_gain":0,"max_hp_loss":0,"event_name":"Accursed Blacksmith","floor":8,"gold_loss":0,"cards_upgraded":["Doom and Gloom"]},{"damage_healed":0,"gold_gain":0,"player_choice":"Opened","damage_taken":0,"relics_obtained":["Ancient Tea Set"],"max_hp_gain":0,"max_hp_loss":0,"event_name":"The Mausoleum","floor":20,"gold_loss":0,"cards_obtained":["Writhe"]},{"damage_healed":0,"gold_gain":99,"player_choice":"Stole From Cult","damage_taken":0,"max_hp_gain":0,"max_hp_loss":0,"event_name":"Nest","floor":22,"gold_loss":0},{"damage_healed":0,"gold_gain":0,"player_choice":"Became a vampire","damage_taken":0,"max_hp_gain":0,"max_hp_loss":24,"event_name":"Vampires","floor":27,"gold_loss":0,"cards_obtained":["Bite","Bite","Bite","Bite","Bite"]},{"damage_healed":0,"gold_gain":0,"player_choice":"Paid","damage_taken":0,"relics_obtained":["Red Mask"],"max_hp_gain":0,"max_hp_loss":0,"event_name":"Tomb of Lord Red Mask","floor":36,"gold_loss":126},{"damage_healed":14,"gold_gain":0,"player_choice":"Writhe","damage_taken":0,"max_hp_gain":0,"max_hp_loss":0,"event_name":"Winding Halls","floor":39,"gold_loss":0,"cards_obtained":["Writhe"]},{"cards_removed":["Defend_B"],"damage_healed":0,"gold_gain":0,"player_choice":"Removed Skill","damage_taken":0,"max_hp_gain":0,"max_hp_loss":0,"event_name":"Falling","floor":41,"gold_loss":0},{"damage_healed":0,"gold_gain":0,"player_choice":"Ignored","damage_taken":0,"max_hp_gain":0,"max_hp_loss":0,"event_name":"Mysterious Sphere","floor":45,"gold_loss":0},{"cards_removed":["Writhe"],"damage_healed":0,"gold_gain":0,"player_choice":"Removed Curses","damage_taken":0,"max_hp_gain":0,"max_hp_loss":0,"event_name":"Fountain of Cleansing","floor":48,"gold_loss":0}],"is_beta":false,"boss_relics":[{"not_picked":["Runic Dome","FrozenCore"],"picked":"Philosopher\u0027s Stone"},{"not_picked":["Runic Pyramid","Velvet Choker"],"picked":"Empty Cage"}],"items_purged_floors":[],"is_endless":false,"potions_floor_spawned":[1,10,16,18,21,23,37,38],"killed_by":"Time Eater","ascension_level":3}