{"gold_per_floor":[115,115,128,53,69,97,68,88,88,88,106,106,121,121,121,180,180,192,232,247,247],"floor_reached":21,"playtime":643,"items_purged":[],"score":421,"play_id":"33ca331c-2814-4453-ad76-a603ac42a0e1","local_time":"20190811182710","is_ascension_mode":true,"campfire_choices":[{"data":"Bash","floor":10.0,"key":"SMITH"},{"data":"True Grit","floor":12.0,"key":"SMITH"},{"data":"Demon Form","floor":15.0,"key":"SMITH"}],"neow_cost":"NONE","seed_source_timestamp":104543411888197,"circlet_count":0,"master_deck":["Bash+1","AscMod:ascendersbane","Battle Trance","Cleave","Shrug It Off","True Grit+1","Demon Form+1","Iron Wave","Second Wind","Warcry","Reckless Charge","Pummel","Searing Blow","Power Through","Whirlwind"],"special_seed":0,"relics":["Velvet Choker","Oddly Smooth Stone","Mummified Hand","Singing Bowl","Bottled Flame","Odd Mushroom","Pandora\u0027s Box"],"potions_floor_usage":[],"damage_taken":[{"damage":1.0,"enemies":"Cultist","floor":1.0,"turns":4.0},{"damage":3.0,"enemies":"2 Louse","floor":3.0,"turns":3.0},{"damage":0.0,"enemies":"Jaw Worm","floor":5.0,"turns":5.0},{"damage":11.0,"enemies":"Gremlin Nob","floor":6.0,"turns":3.0},{"damage":25.0,"enemies":"3 Sentries","floor":8.0,"turns":10.0},{"damage":3.0,"enemies":"The Mushroom Lair","floor":11.0,"turns":3.0},{"damage":3.0,"enemies":"Large Slime","floor":13.0,"turns":4.0},{"damage":2.0,"enemies":"The Guardian","floor":16.0,"turns":10.0},{"damage":2.0,"enemies":"Chosen","floor":18.0,"turns":4.0},{"damage":1,"enemies":"Spheric Guardian","floor":20,"turns":6},{"damage":27,"enemies":"Shelled Parasite and Fungi","floor":21,"turns":3}],"seed_played":"5864216619562526188","potions_obtained":[{"floor":3.0,"key":"FairyPotion"},{"floor":6.0,"key":"GamblersBrew"},{"floor":11.0,"key":"Ancient Potion"},{"floor":20,"key":"Energy Potion"}],"is_trial":false,"path_per_floor":["M","?","M","?","M","E","$","E","T","R","?","R","M","?","R","B",null,"M","?","M","M"],"character_chosen":"IRONCLAD","items_purchased":["True Grit"],"campfire_rested":0,"item_purchase_floors":[7],"current_hp_per_floor":[67,62,59,59,59,48,48,25,25,25,24,24,21,14,14,14,30,30,26,25,0],"gold":247,"neow_bonus":"BOSS_RELIC","is_prod":false,"is_daily":false,"chose_seed":false,"campfire_upgraded":3,"win_rate":0,"timestamp":1565522830,"path_taken":["M","?","M","?","M","E","?","E","T","R","?","R","M","?","R","BOSS","M","?","?","M"],"build_version":"2019-07-18","purchased_purges":0,"victory":false,"max_hp_per_floor":[75,75,75,75,75,75,75,77,77,77,79,79,79,79,79,81,41,43,43,43,43],"card_choices":[{"not_picked":["Iron Wave","Thunderclap","Headbutt"],"picked":"SKIP","floor":1.0},{"not_picked":["Burning Pact","Flex"],"picked":"Battle Trance","floor":3.0},{"not_picked":["Armaments","Pommel Strike"],"picked":"Cleave","floor":5.0},{"not_picked":["Blood for Blood","Evolve"],"picked":"Shrug It Off","floor":6.0},{"not_picked":["Blood for Blood","Flame Barrier","Bloodletting"],"picked":"Singing Bowl","floor":8.0},{"not_picked":["Searing Blow","Cleave","Iron Wave"],"picked":"Singing Bowl","floor":11.0},{"not_picked":["Flex","Armaments"],"picked":"Demon Form","floor":13.0},{"not_picked":["Fiend Fire","Barricade","Berserk"],"picked":"Singing Bowl","floor":16.0},{"not_picked":["Power Through","Havoc","Flex"],"picked":"Singing Bowl","floor":18.0},{"not_picked":["Pommel Strike","Armaments"],"picked":"Whirlwind","floor":20}],"player_experience":1062021,"relics_obtained":[{"floor":6.0,"key":"Mummified Hand"},{"floor":8.0,"key":"Singing Bowl"},{"floor":9.0,"key":"Bottled Flame"},{"floor":11.0,"key":"Odd Mushroom"}],"event_choices":[{"damage_healed":0.0,"max_hp_gain":0.0,"max_hp_loss":0.0,"gold_gain":0.0,"event_name":"Scrap Ooze","player_choice":"Success","floor":2.0,"gold_loss":0.0,"damage_taken":5.0,"relics_obtained":["Oddly Smooth Stone"]},{"cards_removed":["Strike_R"],"damage_healed":0.0,"max_hp_gain":0.0,"max_hp_loss":0.0,"gold_gain":0.0,"event_name":"The Cleric","player_choice":"Card Removal","floor":4.0,"gold_loss":75.0,"damage_taken":0.0},{"damage_healed":0.0,"max_hp_gain":0.0,"max_hp_loss":0.0,"gold_gain":0.0,"event_name":"Mushrooms","player_choice":"Fought Mushrooms","floor":11.0,"gold_loss":0.0,"damage_taken":0.0},{"cards_removed":["Strike_R"],"damage_healed":0.0,"max_hp_gain":0.0,"max_hp_loss":0.0,"gold_gain":0.0,"event_name":"Golden Wing","player_choice":"Card Removal","floor":14.0,"gold_loss":0.0,"damage_taken":7.0},{"damage_healed":0,"gold_gain":50,"player_choice":"Touch","damage_taken":4,"max_hp_gain":0,"max_hp_loss":0,"event_name":"FaceTrader","floor":19,"gold_loss":0}],"is_beta":true,"boss_relics":[{"not_picked":["VoidEssence"],"picked":"BlightedDurian"},{"not_picked":["VoidEssence"],"picked":"BlightedDurian"},{"not_picked":["Calling Bell","Runic Cube"],"picked":"Pandora\u0027s Box"}],"items_purged_floors":[],"is_endless":false,"potions_floor_spawned":[3,6,11,20],"killed_by":"Shelled Parasite and Fungi","ascension_level":25}