{"gold_per_floor":[110,121,196,214,214,242,259,279,326,326,326,344,28,38,38,141,141,155,166,91,91,101,127,127,146,146,160,194,12,31,31],"floor_reached":31,"playtime":1497,"items_purged":["Parasite"],"score":346,"play_id":"d0367b82-b87f-4499-847b-8abf018d9120","local_time":"20190928221319","is_ascension_mode":true,"campfire_choices":[{"data":"ForeignInfluence","floor":15,"key":"SMITH"},{"floor":24,"key":"REST"}],"neow_cost":"NONE","seed_source_timestamp":1408036256849200,"circlet_count":0,"master_deck":["Strike_P","Strike_P","Defend_P","Defend_P","Defend_P","Defend_P","Eruption","Vigilance","Scrawl","FollowUp","Conclude","DevaForm","BowlingBash","TalkToTheHand","ForeignInfluence+1","Protect","Devotion","Meditate","ConjureBlade","Devotion","Conclude","Ghostly","Ghostly","Ghostly","Ghostly","Ghostly","Worship","Ragnarok","FlyingSleeves","Alpha","BattleHymn","Wallop"],"relics":["PureWater","Lizard Tail","Bronze Scales","Bottled Lightning","Lee\u0027s Waffle","Fusion Hammer","Shuriken","Thread and Needle","Bag of Marbles","Sling"],"potions_floor_usage":[6,8,16],"damage_taken":[{"damage":0,"enemies":"2 Louse","floor":1,"turns":3},{"damage":0,"enemies":"Small Slimes","floor":2,"turns":2},{"damage":0,"enemies":"Cultist","floor":4,"turns":2},{"damage":62,"enemies":"Lagavulin","floor":6,"turns":4},{"damage":0,"enemies":"Large Slime","floor":7,"turns":4},{"damage":5,"enemies":"Blue Slaver","floor":8,"turns":3},{"damage":0,"enemies":"2 Fungi Beasts","floor":12,"turns":3},{"damage":0,"enemies":"3 Louse","floor":14,"turns":2},{"damage":17,"enemies":"Slime Boss","floor":16,"turns":4},{"damage":22,"enemies":"Spheric Guardian","floor":18,"turns":4},{"damage":23,"enemies":"2 Thieves","floor":19,"turns":4},{"damage":19,"enemies":"Shelled Parasite and Fungi","floor":22,"turns":5},{"damage":7,"enemies":"Book of Stabbing","floor":23,"turns":3},{"damage":26,"enemies":"Snake Plant","floor":25,"turns":4},{"damage":0,"enemies":"Chosen and Byrds","floor":27,"turns":4},{"damage":0,"enemies":"Gremlin Leader","floor":28,"turns":6},{"damage":4,"enemies":"Centurion and Healer","floor":30,"turns":7},{"damage":22,"enemies":"Book of Stabbing","floor":31,"turns":5}],"seed_played":"-2135509182999326838","potions_obtained":[{"floor":1,"key":"DuplicationPotion"},{"floor":4,"key":"Weak Potion"},{"floor":12,"key":"Strength Potion"},{"floor":23,"key":"Strength Potion"},{"floor":25,"key":"Strength Potion"},{"floor":27,"key":"Dexterity Potion"}],"is_trial":false,"path_per_floor":["M","M","?","M","?","E","M","M","T","?","T","M","$","M","R","B",null,"M","M","?","?","M","E","R","M","T","M","E","$","M","E"],"character_chosen":"WATCHER","items_purchased":["Lee\u0027s Waffle","Protect","Devotion","Sling","BattleHymn"],"campfire_rested":1,"item_purchase_floors":[13,13,13,29,29],"current_hp_per_floor":[79,79,68,68,68,6,6,1,1,20,20,20,83,83,83,66,83,61,38,38,38,19,12,24,20,20,20,20,20,16,0],"gold":31,"neow_bonus":"TEN_PERCENT_HP_BONUS","is_prod":false,"is_daily":false,"chose_seed":false,"campfire_upgraded":1,"win_rate":0,"timestamp":1569723199,"path_taken":["M","M","?","M","?","E","?","M","T","?","?","M","$","M","R","BOSS","M","M","?","?","M","E","R","M","T","M","E","$","M","E"],"build_version":"2019-09-27","purchased_purges":1,"victory":false,"max_hp_per_floor":[79,79,79,79,79,79,79,79,79,79,79,79,83,83,83,83,83,83,83,83,41,41,41,41,41,41,41,41,41,41,41],"card_choices":[{"not_picked":["ClearTheMind","WreathOfFlame"],"picked":"Scrawl","floor":1},{"not_picked":["Sanctity","FlyingSleeves"],"picked":"FollowUp","floor":2},{"not_picked":["FollowUp","CrushJoints"],"picked":"Conclude","floor":4},{"not_picked":["ForeignInfluence","JustLucky"],"picked":"DevaForm","floor":6},{"not_picked":["Protect","EmptyBody"],"picked":"BowlingBash","floor":7},{"not_picked":["Protect","Swivel"],"picked":"TalkToTheHand","floor":8},{"not_picked":["FlurryOfBlows","Scrawl"],"picked":"ForeignInfluence","floor":12},{"not_picked":["Weave","SandsOfTime"],"picked":"Meditate","floor":14},{"not_picked":["Vault","ReachHeaven"],"picked":"ConjureBlade","floor":16},{"not_picked":["Weave","Sanctity"],"picked":"Devotion","floor":18},{"not_picked":["Sanctity","BowlingBash"],"picked":"Conclude","floor":19},{"not_picked":["EmptyMind+1","Sanctity"],"picked":"Worship","floor":22},{"not_picked":["TalkToTheHand","CutThroughFate+1"],"picked":"Ragnarok","floor":23},{"not_picked":["BowlingBash","DeceiveReality"],"picked":"FlyingSleeves","floor":25},{"not_picked":["BowlingBash+1","EmptyBody","PathToVictory"],"picked":"SKIP","floor":27},{"not_picked":["CutThroughFate","Swivel"],"picked":"Alpha","floor":28},{"not_picked":["Weave+1","Meditate"],"picked":"Wallop","floor":30}],"player_experience":189082,"relics_obtained":[{"floor":6,"key":"Lizard Tail"},{"floor":9,"key":"Bronze Scales"},{"floor":11,"key":"Bottled Lightning"},{"floor":23,"key":"Shuriken"},{"floor":26,"key":"Thread and Needle"},{"floor":28,"key":"Bag of Marbles"}],"event_choices":[{"damage_healed":0,"gold_gain":75,"player_choice":"Gather Gold","damage_taken":11,"max_hp_gain":0,"max_hp_loss":0,"event_name":"World of Goop","floor":3,"gold_loss":0},{"cards_removed":["Strike_P"],"damage_healed":0,"gold_gain":0,"player_choice":"Purged","damage_taken":0,"max_hp_gain":0,"max_hp_loss":0,"event_name":"Purifier","floor":5,"gold_loss":0},{"damage_healed":19,"gold_gain":0,"player_choice":"Healed and dodged fight","damage_taken":0,"max_hp_gain":0,"max_hp_loss":0,"event_name":"Mushrooms","floor":10,"gold_loss":0,"cards_obtained":["Parasite"]},{"cards_removed":["Strike_P"],"damage_healed":0,"gold_gain":0,"player_choice":"Gave Gold","damage_taken":0,"max_hp_gain":0,"max_hp_loss":0,"event_name":"Beggar","floor":20,"gold_loss":75},{"damage_healed":0,"gold_gain":0,"player_choice":"Became a Ghost","damage_taken":0,"max_hp_gain":0,"max_hp_loss":42,"event_name":"Ghosts","floor":21,"gold_loss":0,"cards_obtained":["Ghostly","Ghostly","Ghostly","Ghostly","Ghostly"]}],"is_beta":true,"boss_relics":[{"not_picked":["Runic Pyramid","Pandora\u0027s Box"],"picked":"Fusion Hammer"}],"items_purged_floors":[13],"is_endless":false,"potions_floor_spawned":[1,4,12,23,25,27,28],"killed_by":"Book of Stabbing","ascension_level":1}