{"gold_per_floor":[110,60,235,246,246,280,291,91,91,103,146,178,41,52,52,154,154,172,186,186,198,198,229,229],"floor_reached":24,"playtime":1424,"items_purged":["Doubt"],"score":314,"play_id":"b396f901-a218-4bac-864d-8fc04c489e74","local_time":"20190811120759","is_ascension_mode":true,"campfire_choices":[{"data":"Perfected Strike","floor":10,"key":"SMITH"},{"data":"Twin Strike","floor":15,"key":"SMITH"}],"neow_cost":"NONE","seed_source_timestamp":8314243594454,"circlet_count":0,"master_deck":["Strike_R+1","Strike_R","Strike_R","Strike_R+1","Defend_R","Defend_R","Defend_R","Defend_R","Bash","Twin Strike","Flame Barrier","Impervious+1","Dropkick","Perfected Strike+1","Twin Strike+1","Flex+1","Thunderclap","Thunderclap","Trip+1","Rage+1","Exhume+1","Twin Strike","Perfected Strike+1","Pommel Strike"],"relics":["Black Blood","NeowsBlessing","Toxic Egg 2","MawBank","Unceasing Top","Blue Candle"],"potions_floor_usage":[21,23,23,24],"damage_taken":[{"damage":0,"enemies":"2 Louse","floor":1,"turns":1},{"damage":0,"enemies":"Jaw Worm","floor":4,"turns":1},{"damage":0,"enemies":"3 Sentries","floor":6,"turns":2},{"damage":0,"enemies":"Small Slimes","floor":7,"turns":3},{"damage":40,"enemies":"Lagavulin","floor":11,"turns":4},{"damage":4,"enemies":"Blue Slaver","floor":12,"turns":3},{"damage":1,"enemies":"Exordium Thugs","floor":14,"turns":2},{"damage":32,"enemies":"The Guardian","floor":16,"turns":10},{"damage":2,"enemies":"3 Byrds","floor":18,"turns":4},{"damage":13,"enemies":"Shell Parasite","floor":19,"turns":5},{"damage":7,"enemies":"3 Cultists","floor":21,"turns":4},{"damage":41,"enemies":"Slavers","floor":23,"turns":7},{"damage":25,"enemies":"Snake Plant","floor":24,"turns":3}],"seed_played":"6670315248422027064","potions_obtained":[{"floor":1,"key":"Fire Potion"},{"floor":11,"key":"FearPotion"},{"floor":14,"key":"Fire Potion"},{"floor":16,"key":"PowerPotion"},{"floor":21,"key":"Explosive Potion"}],"is_trial":false,"path_per_floor":["M","?","?","M","?","E","M","$","T","R","E","M","$","M","R","B",null,"M","M","?","M","?","E","M"],"character_chosen":"IRONCLAD","items_purchased":["Perfected Strike","Twin Strike","Flex+1","Trip+1","Rage+1"],"campfire_rested":0,"item_purchase_floors":[8,8,8,13,13],"current_hp_per_floor":[80,80,80,80,64,70,76,76,76,76,42,44,44,49,49,23,66,74,71,56,59,51,20,0],"gold":229,"neow_bonus":"THREE_ENEMY_KILL","is_prod":false,"is_daily":false,"chose_seed":false,"campfire_upgraded":2,"win_rate":0,"timestamp":1565518079,"path_taken":["M","?","?","M","?","E","M","?","T","R","E","?","$","M","R","BOSS","M","M","?","M","?","E","?"],"build_version":"2019-07-17","purchased_purges":1,"victory":false,"max_hp_per_floor":[80,80,80,80,80,80,80,80,80,80,80,80,80,80,80,80,80,80,80,85,85,85,85,85],"card_choices":[{"not_picked":["Wild Strike","Armaments"],"picked":"Twin Strike","floor":1},{"not_picked":["Hemokinesis","Cleave"],"picked":"Flame Barrier","floor":4},{"not_picked":["Rage","Infernal Blade"],"picked":"Impervious","floor":6},{"not_picked":["Clash","Thunderclap"],"picked":"Dropkick","floor":7},{"not_picked":["Spot Weakness+1","Anger"],"picked":"Thunderclap","floor":11},{"not_picked":["Second Wind+1","Cleave"],"picked":"Thunderclap","floor":12},{"not_picked":["Power Through+1","Thunderclap","Clash"],"picked":"SKIP","floor":14},{"not_picked":["Brutality","Fiend Fire"],"picked":"Exhume+1","floor":16},{"not_picked":["Power Through+1","Flex+1","Heavy Blade+1"],"picked":"SKIP","floor":18},{"not_picked":["Dual Wield+1","Heavy Blade"],"picked":"Twin Strike","floor":19},{"not_picked":["Thunderclap","Anger+1"],"picked":"Perfected Strike+1","floor":21},{"not_picked":["Exhume+1","Evolve"],"picked":"Pommel Strike","floor":23}],"player_experience":286679,"relics_obtained":[{"floor":6,"key":"Toxic Egg 2"},{"floor":9,"key":"MawBank"},{"floor":11,"key":"Unceasing Top"},{"floor":23,"key":"Blue Candle"}],"event_choices":[{"cards_removed":["Strike_R"],"damage_healed":0,"gold_gain":0,"player_choice":"Card Removal","damage_taken":0,"max_hp_gain":0,"max_hp_loss":0,"event_name":"The Cleric","floor":2,"gold_loss":50},{"damage_healed":0,"gold_gain":175,"player_choice":"AGREE","damage_taken":0,"max_hp_gain":0,"max_hp_loss":0,"event_name":"Liars Game","floor":3,"gold_loss":0,"cards_obtained":["Doubt"]},{"damage_healed":0,"gold_gain":0,"player_choice":"Entered Light","damage_taken":16,"max_hp_gain":0,"max_hp_loss":0,"event_name":"Shining Light","floor":5,"gold_loss":0,"cards_upgraded":["Strike_R","Strike_R"]},{"damage_healed":0,"gold_gain":0,"player_choice":"Shed Blood","damage_taken":20,"max_hp_gain":5,"max_hp_loss":0,"event_name":"Forgotten Altar","floor":20,"gold_loss":0},{"damage_healed":0,"gold_gain":0,"player_choice":"","damage_taken":8,"max_hp_gain":0,"max_hp_loss":0,"event_name":"Knowing Skull","floor":22,"potions_obtained":[],"gold_loss":0,"cards_obtained":[]}],"is_beta":false,"boss_relics":[{"not_picked":["Runic Cube","Tiny House"],"picked":"Black Blood"}],"items_purged_floors":[8],"is_endless":false,"potions_floor_spawned":[1,11,14,16,21],"killed_by":"Snake Plant","ascension_level":5}