{"gold_per_floor":[110,70,88,163,128,153,153,172,172,172,197,209,236,161,161,260,260,272,259,259,79,93,93,93,121,121,140,239,239,239,114,114,114],"floor_reached":33,"playtime":3458,"items_purged":["Strike_B","Strike_B","Strike_B"],"score":364,"play_id":"20921d9d-a3dc-4cd5-8b24-7c3eb33f6ce4","local_time":"20180927171642","is_ascension_mode":true,"campfire_choices":[{"data":"Dualcast","floor":7,"key":"SMITH"},{"floor":10,"key":"REST"},{"floor":15,"key":"REST"},{"floor":23,"key":"REST"},{"floor":30,"key":"REST"},{"floor":32,"key":"REST"}],"neow_cost":"NONE","seed_source_timestamp":194894379816283,"circlet_count":0,"master_deck":["Strike_B","Defend_B","Defend_B","Defend_B","Defend_B","Zap+1","Dualcast+1","Conserve Battery","Defragment","Darkness","Steam","Undo","Coolheaded","Conserve Battery","Rainbow","Echo Form","Cold Snap+1","Redo","Echo Form","FTL","Cold Snap+1"],"relics":["Cracked Core","Omamori","Blue Candle","Mercury Hourglass","Odd Mushroom","Nuclear Battery","MutagenicStrength","Red Mask","Molten Egg 2"],"potions_floor_usage":[12,16,18,22],"damage_taken":[{"damage":2,"enemies":"Jaw Worm","floor":1,"turns":3},{"damage":3,"enemies":"Small Slimes","floor":3,"turns":3},{"damage":31,"enemies":"3 Sentries","floor":6,"turns":7},{"damage":0,"enemies":"Cultist","floor":8,"turns":3},{"damage":36,"enemies":"Gremlin Nob","floor":11,"turns":6},{"damage":0,"enemies":"3 Louse","floor":12,"turns":2},{"damage":5,"enemies":"The Mushroom Lair","floor":13,"turns":3},{"damage":20,"enemies":"Hexaghost","floor":16,"turns":10},{"damage":3,"enemies":"3 Byrds","floor":18,"turns":5},{"damage":8,"enemies":"2 Thieves","floor":19,"turns":5},{"damage":16,"enemies":"Snake Plant","floor":22,"turns":4},{"damage":39,"enemies":"Masked Bandits","floor":25,"turns":4},{"damage":2,"enemies":"Snecko","floor":27,"turns":7},{"damage":73,"enemies":"Champ","floor":33,"turns":14}],"seed_played":"1844129366244472521","potions_obtained":[{"floor":6,"key":"LiquidBronze"},{"floor":11,"key":"Explosive Potion"},{"floor":13,"key":"Energy Potion"},{"floor":16,"key":"FocusPotion"},{"floor":22,"key":"Ancient Potion"},{"floor":27,"key":"Strength Potion"}],"is_trial":false,"path_per_floor":["M","$","M","?","?","E","R","M","T","R","E","M","?","$","R","B",null,"M","M","?","$","M","R","?","?","T","M","?","?","R","$","R"],"character_chosen":"DEFECT","items_purchased":["Defragment","Echo Form"],"campfire_rested":5,"item_purchase_floors":[2,21],"current_hp_per_floor":[66,66,63,52,70,39,39,39,39,61,25,25,20,20,42,22,62,59,51,51,51,35,57,57,18,18,16,16,16,38,38,60,0],"gold":114,"neow_bonus":"UPGRADE_CARD","is_prod":false,"is_daily":false,"chose_seed":false,"campfire_upgraded":1,"win_rate":0,"timestamp":1538086602,"path_taken":["M","$","M","?","?","E","R","M","T","R","E","M","?","$","R","BOSS","M","M","?","$","M","R","?","?","T","?","?","?","R","$","R","BOSS"],"build_version":"2018-09-20","purchased_purges":3,"victory":false,"max_hp_per_floor":[75,75,75,75,75,75,75,75,75,75,75,75,75,75,75,75,75,75,75,75,75,75,75,75,75,75,75,75,75,75,75,75,75],"card_choices":[{"not_picked":["Steam","Leap"],"picked":"Conserve Battery","floor":1},{"not_picked":["Beam Cell","Aggregate"],"picked":"Darkness","floor":3},{"not_picked":["Streamline","Barrage"],"picked":"Steam","floor":6},{"not_picked":["Gash","Leap"],"picked":"Undo","floor":8},{"not_picked":["Beam Cell","Scrape"],"picked":"Coolheaded","floor":11},{"not_picked":["Leap","Static Discharge"],"picked":"Conserve Battery","floor":12},{"not_picked":["Lockon","Steam"],"picked":"Rainbow","floor":13},{"not_picked":["Rainbow","Thunder Strike"],"picked":"Echo Form","floor":16},{"not_picked":["Conserve Battery","Reprogram"],"picked":"Cold Snap+1","floor":18},{"not_picked":["Conserve Battery","Leap"],"picked":"Redo","floor":19},{"not_picked":["Barrage","Beam Cell","Ball Lightning"],"picked":"SKIP","floor":22},{"not_picked":["Cold Snap","Seek"],"picked":"FTL","floor":25},{"not_picked":["Rebound+1","Chaos"],"picked":"Cold Snap+1","floor":27}],"player_experience":655687,"relics_obtained":[{"floor":6,"key":"Omamori"},{"floor":9,"key":"Blue Candle"},{"floor":11,"key":"Mercury Hourglass"},{"floor":13,"key":"Odd Mushroom"},{"floor":25,"key":"Red Mask"},{"floor":26,"key":"Molten Egg 2"}],"event_choices":[{"event_name":"World of Goop","player_choice":"Gather Gold","floor":4,"damage_taken":0},{"event_name":"The Cleric","player_choice":"Healed","floor":5,"damage_taken":0},{"event_name":"Mushrooms","player_choice":"Fought Mushrooms","floor":13,"damage_taken":0},{"event_name":"Drug Dealer","player_choice":"Inject Mutagens","floor":20,"damage_taken":0},{"event_name":"Vampires","player_choice":"Ignored","floor":24,"damage_taken":0},{"event_name":"Masked Bandits","player_choice":"Fought Bandits","floor":25,"damage_taken":0},{"event_name":"Nest","player_choice":"Stole From Cult","floor":28,"damage_taken":0},{"event_name":"Forgotten Altar","player_choice":"Smashed Altar","floor":29,"damage_taken":0}],"is_beta":false,"boss_relics":[{"not_picked":["White Beast Statue","Runic Pyramid"],"picked":"Nuclear Battery"}],"items_purged_floors":[14,21,31],"is_endless":false,"potions_floor_spawned":[6,11,13,16,22,27],"killed_by":"Champ","ascension_level":9}