{"gold_per_floor":[111,111,36,103,53,103,137,153,153,182,192,217,234,267,267,340,340,354,365,415,261,321,321,339,349,349,361,423,504,580,145,145,145],"floor_reached":33,"playtime":1289,"items_purged":["Strike_R","Strike_R","Strike_R","Strike_R"],"score":608,"play_id":"15807ba2-d7c2-4360-958a-3b4008f06093","local_time":"20190907172410","is_ascension_mode":true,"campfire_choices":[{"data":"Disarm","floor":15.0,"key":"SMITH"},{"data":"Offering","floor":23.0,"key":"SMITH"},{"data":"Metallicize","floor":27,"key":"SMITH"},{"data":"Flame Barrier","floor":32,"key":"SMITH"}],"neow_cost":"NONE","seed_source_timestamp":104402544686007,"circlet_count":0,"master_deck":["AscendersBane","Strike_R","Defend_R+1","Defend_R","Defend_R","Defend_R","Bash+1","Clothesline+1","Inflame","Offering+1","Flame Barrier+1","Disarm+1","Spot Weakness","Shrug It Off+1","Metallicize+1","Exhume","Inflame"],"special_seed":0,"relics":["Sozu","SsserpentHead","Mango","Paper Frog","Bird Faced Urn","Bottled Flame","Ancient Tea Set","Coffee Dripper","MawBank","OrangePellets"],"potions_floor_usage":[],"damage_taken":[{"damage":5.0,"enemies":"Small Slimes","floor":1.0,"turns":2.0},{"damage":0.0,"enemies":"Cultist","floor":4.0,"turns":3.0},{"damage":17.0,"enemies":"Lagavulin","floor":7.0,"turns":7.0},{"damage":0.0,"enemies":"Jaw Worm","floor":8.0,"turns":3.0},{"damage":6.0,"enemies":"Gremlin Nob","floor":10.0,"turns":3.0},{"damage":0.0,"enemies":"2 Fungi Beasts","floor":11.0,"turns":3.0},{"damage":16.0,"enemies":"Lagavulin","floor":12.0,"turns":5.0},{"damage":0.0,"enemies":"Lots of Slimes","floor":13.0,"turns":5.0},{"damage":6.0,"enemies":"Gremlin Nob","floor":14.0,"turns":3.0},{"damage":14.0,"enemies":"Hexaghost","floor":16.0,"turns":8.0},{"damage":9.0,"enemies":"Shell Parasite","floor":18.0,"turns":4.0},{"damage":17.0,"enemies":"2 Thieves","floor":19.0,"turns":4.0},{"damage":0.0,"enemies":"Centurion and Healer","floor":22.0,"turns":6.0},{"damage":22,"enemies":"Sentry and Sphere","floor":24,"turns":9},{"damage":21,"enemies":"Chosen and Byrds","floor":25,"turns":6},{"damage":2,"enemies":"Snecko","floor":29,"turns":11},{"damage":2,"enemies":"Centurion and Healer","floor":30,"turns":8},{"damage":26,"enemies":"Automaton","floor":33,"turns":6}],"seed_played":"8225659842562547535","potions_obtained":[],"is_trial":false,"path_per_floor":["M","?","$","M","$","?","E","M","T","E","M","E","M","E","R","B",null,"M","M","?","$","M","R","M","M","T","R","?","M","M","$","R","B"],"character_chosen":"IRONCLAD","items_purchased":["Shrug It Off","OrangePellets","Inflame"],"campfire_rested":0,"item_purchase_floors":[21,31,31],"current_hp_per_floor":[63,63,63,63,63,40,37,37,37,31,33,19,21,17,17,5,68,61,46,46,46,48,48,30,13,13,13,13,15,17,17,17,0],"gold":145,"neow_bonus":"BOSS_RELIC","is_prod":false,"is_daily":false,"chose_seed":false,"campfire_upgraded":4,"win_rate":0,"timestamp":1567851850,"path_taken":["M","?","$","?","?","?","E","M","T","E","M","E","M","E","R","BOSS","M","M","?","$","?","R","M","M","T","R","?","?","?","$","R","BOSS"],"build_version":"2019-07-17","purchased_purges":4,"victory":false,"max_hp_per_floor":[75,75,75,75,75,75,89,89,89,89,89,89,89,89,89,89,89,89,89,89,89,89,89,89,89,89,89,89,89,89,89,89,89],"card_choices":[{"not_picked":["Bloodletting","Armaments","Evolve"],"picked":"SKIP","floor":1.0},{"not_picked":["Flex","Power Through"],"picked":"Clothesline","floor":4.0},{"not_picked":["Havoc","Ghostly Armor"],"picked":"Inflame","floor":7.0},{"not_picked":["Sever Soul","Body Slam","Thunderclap"],"picked":"SKIP","floor":8.0},{"not_picked":["Ghostly Armor","Cleave"],"picked":"Offering","floor":10.0},{"not_picked":["Dropkick","Iron Wave"],"picked":"Flame Barrier","floor":11.0},{"not_picked":["Infernal Blade","Shrug It Off"],"picked":"Disarm","floor":12.0},{"not_picked":["Flex","Headbutt"],"picked":"Spot Weakness","floor":13.0},{"not_picked":["Corruption","Warcry","Heavy Blade"],"picked":"SKIP","floor":14.0},{"not_picked":["Fire Breathing","Wild Strike+1","Power Through"],"picked":"SKIP","floor":18.0},{"not_picked":["Searing Blow","Evolve","Heavy Blade"],"picked":"SKIP","floor":19.0},{"not_picked":["Havoc","Wild Strike","Metallicize"],"picked":"SKIP","floor":22.0},{"not_picked":["Havoc","Wild Strike"],"picked":"Metallicize","floor":22.0},{"not_picked":["Power Through","Disarm"],"picked":"Exhume","floor":24},{"not_picked":["Dual Wield","Sword Boomerang","Infernal Blade"],"picked":"SKIP","floor":25},{"not_picked":["Warcry","Thunderclap","Wild Strike"],"picked":"SKIP","floor":29},{"not_picked":["Flex","Heavy Blade+1","Iron Wave"],"picked":"SKIP","floor":30}],"player_experience":1153575,"relics_obtained":[{"floor":7.0,"key":"Mango"},{"floor":9.0,"key":"Paper Frog"},{"floor":10.0,"key":"Bird Faced Urn"},{"floor":12.0,"key":"Bottled Flame"},{"floor":14.0,"key":"Ancient Tea Set"},{"floor":26,"key":"MawBank"}],"event_choices":[{"damage_healed":0.0,"max_hp_gain":0.0,"max_hp_loss":0.0,"gold_gain":0.0,"event_name":"FaceTrader","player_choice":"Trade","floor":2.0,"gold_loss":0.0,"damage_taken":0.0,"relics_obtained":["SsserpentHead"]},{"damage_healed":0.0,"max_hp_gain":0.0,"max_hp_loss":0.0,"gold_gain":0.0,"event_name":"Shining Light","player_choice":"Entered Light","floor":6.0,"gold_loss":0.0,"damage_taken":23.0,"cards_upgraded":["Clothesline","Defend_R"]},{"damage_healed":0.0,"max_hp_gain":0.0,"max_hp_loss":0.0,"gold_gain":0.0,"event_name":"Upgrade Shrine","player_choice":"Upgraded","floor":20.0,"gold_loss":0.0,"damage_taken":0.0,"cards_upgraded":["Bash"]},{"damage_healed":0,"gold_gain":0,"player_choice":"Upgraded","damage_taken":0,"max_hp_gain":0,"max_hp_loss":0,"event_name":"Upgrade Shrine","floor":28,"gold_loss":0,"cards_upgraded":["Shrug It Off"]}],"is_beta":false,"boss_relics":[{"not_picked":["White Beast Statue","Black Star"],"picked":"Coffee Dripper"}],"items_purged_floors":[3,5,21,31],"is_endless":false,"potions_floor_spawned":[1,7,8,14,19,22,24,29],"killed_by":"Automaton","ascension_level":20}