{"gold_per_floor":[110,121,53,73,89,89,121,136,136,156,156,187,197,213,213,286,286,298,348,54,67,77,104,122,122,145,155,181,181,81,92,92,163,163,181,194,194,37,56,56,69,69,92,0,31,56,68,94,106,118],"floor_reached":50,"playtime":2269,"items_purged":["Strike_R","Strike_R"],"score":1110,"play_id":"3e1b7229-803b-44d5-a6d3-da071fa84b5a","local_time":"20190927124944","is_ascension_mode":true,"campfire_choices":[{"data":"Rage","floor":6.0,"key":"SMITH"},{"data":"Spot Weakness","floor":11.0,"key":"SMITH"},{"data":"Disarm","floor":15.0,"key":"SMITH"},{"floor":25.0,"key":"REST"},{"data":"Spot Weakness","floor":29.0,"key":"SMITH"},{"data":"Bash","floor":32.0,"key":"SMITH"},{"floor":40,"key":"REST"},{"data":"Discovery","floor":42,"key":"SMITH"},{"floor":49,"key":"REST"}],"neow_cost":"NONE","seed_source_timestamp":907505884161400,"circlet_count":0,"master_deck":["AscendersBane","Strike_R","Strike_R","Strike_R","Defend_R+1","Defend_R","Defend_R","Defend_R","Bash+1","Rage+1","Disarm+1","Spot Weakness+1","Clothesline","Spot Weakness+1","Headbutt","Disarm+1","Feed","Clothesline+1","Immolate","Battle Trance","Good Instincts","Discovery+1","Shrug It Off","Parasite","Battle Trance","Discovery+1","Power Through"],"special_seed":0,"relics":["Burning Blood","NeowsBlessing","Oddly Smooth Stone","War Paint","MealTicket","HornCleat","Busted Crown","Vajra","Anchor","Bronze Scales","Singing Bowl","Sozu","Juzu Bracelet","Red Mask","MawBank"],"potions_floor_usage":[],"damage_taken":[{"damage":0.0,"enemies":"Jaw Worm","floor":1.0,"turns":1.0},{"damage":0.0,"enemies":"Cultist","floor":2.0,"turns":1.0},{"damage":0.0,"enemies":"Small Slimes","floor":4.0,"turns":1.0},{"damage":4.0,"enemies":"Exordium Thugs","floor":5.0,"turns":4.0},{"damage":38.0,"enemies":"3 Sentries","floor":7.0,"turns":12.0},{"damage":0.0,"enemies":"2 Fungi Beasts","floor":8.0,"turns":4.0},{"damage":12.0,"enemies":"Lots of Slimes","floor":10.0,"turns":6.0},{"damage":28.0,"enemies":"Lagavulin","floor":12.0,"turns":8.0},{"damage":3.0,"enemies":"Blue Slaver","floor":13.0,"turns":5.0},{"damage":0.0,"enemies":"2 Fungi Beasts","floor":14.0,"turns":5.0},{"damage":5.0,"enemies":"The Guardian","floor":16.0,"turns":12.0},{"damage":20.0,"enemies":"Shell Parasite","floor":18.0,"turns":8.0},{"damage":9.0,"enemies":"Chosen","floor":21.0,"turns":5.0},{"damage":10.0,"enemies":"3 Cultists","floor":22.0,"turns":6.0},{"damage":21.0,"enemies":"Gremlin Leader","floor":23.0,"turns":8.0},{"damage":21.0,"enemies":"Shelled Parasite and Fungi","floor":24.0,"turns":6.0},{"damage":0.0,"enemies":"Snake Plant","floor":27.0,"turns":5.0},{"damage":33.0,"enemies":"Slavers","floor":28.0,"turns":6.0},{"damage":4.0,"enemies":"Centurion and Healer","floor":31.0,"turns":7.0},{"damage":55.0,"enemies":"Collector","floor":33.0,"turns":11.0},{"damage":11.0,"enemies":"3 Shapes","floor":35.0,"turns":9.0},{"damage":36.0,"enemies":"3 Darklings","floor":36.0,"turns":5.0},{"damage":10,"enemies":"Writhing Mass","floor":39,"turns":8},{"damage":0,"enemies":"4 Shapes","floor":41,"turns":6},{"damage":66,"enemies":"Reptomancer","floor":45,"turns":7},{"damage":1,"enemies":"Transient","floor":46,"turns":6},{"damage":7,"enemies":"Jaw Worm Horde","floor":48,"turns":4},{"damage":87,"enemies":"Donu and Deca","floor":50,"turns":7}],"seed_played":"-6469560879981062506","potions_obtained":[{"floor":5.0,"key":"Dexterity Potion"},{"floor":7.0,"key":"LiquidBronze"},{"floor":8.0,"key":"Dexterity Potion"},{"floor":13.0,"key":"Regen Potion"},{"floor":14.0,"key":"Swift Potion"},{"floor":28.0,"key":"Ancient Potion"},{"floor":31.0,"key":"Strength Potion"}],"is_trial":false,"path_per_floor":["M","M","?","M","M","R","E","M","T","M","R","E","M","M","R","B",null,"M","?","$","M","M","E","M","R","T","M","E","R","$","M","R","B",null,"M","M","?","$","M","R","M","R","T","?","E","M","?","M","R","B"],"character_chosen":"IRONCLAD","items_purchased":["Vajra","Fire Potion","Discovery","Shrug It Off"],"campfire_rested":3,"item_purchase_floors":[20,20,38,38],"current_hp_per_floor":[74,75,75,75,75,75,43,49,49,43,43,21,24,44,44,45,68,57,57,72,69,68,53,41,66,66,75,51,51,66,73,73,24,77,72,44,38,53,54,85,96,96,96,96,41,46,46,48,83,0],"gold":118,"neow_bonus":"THREE_ENEMY_KILL","is_prod":false,"is_daily":false,"chose_seed":false,"campfire_upgraded":6,"win_rate":0,"timestamp":1569613784,"path_taken":["M","M","?","?","?","R","E","M","T","M","R","E","M","M","R","BOSS","M","?","$","M","M","E","M","R","T","M","E","R","$","M","R","BOSS","M","M","?","$","M","R","M","R","T","?","E","M","?","M","R","BOSS"],"build_version":"2019-09-26","purchased_purges":2,"victory":false,"max_hp_per_floor":[75,75,75,75,75,75,75,75,75,75,75,75,75,75,75,75,75,78,78,78,78,81,81,84,84,84,87,90,90,90,95,95,95,95,95,97,101,101,106,106,111,111,111,111,116,116,116,119,119,119],"card_choices":[{"not_picked":["Clothesline","Heavy Blade"],"picked":"Rage","floor":1.0},{"not_picked":["Thunderclap","Iron Wave"],"picked":"Disarm","floor":2.0},{"not_picked":["Battle Trance","Havoc"],"picked":"Spot Weakness","floor":4.0},{"not_picked":["Rupture","Bloodletting","Clash"],"picked":"SKIP","floor":5.0},{"not_picked":["Perfected Strike","Cleave"],"picked":"Clothesline","floor":7.0},{"not_picked":["Juggernaut","Pommel Strike"],"picked":"Spot Weakness","floor":8.0},{"not_picked":["Pommel Strike","Thunderclap"],"picked":"Headbutt","floor":10.0},{"not_picked":["True Grit","Twin Strike"],"picked":"Disarm","floor":12.0},{"not_picked":["Sword Boomerang","Infernal Blade","Havoc"],"picked":"SKIP","floor":13.0},{"not_picked":["Thunderclap","Intimidate","Wild Strike"],"picked":"SKIP","floor":14.0},{"not_picked":["Demon Form","Brutality"],"picked":"Feed","floor":16.0},{"not_picked":["Blood for Blood"],"picked":"SKIP","floor":18.0},{"not_picked":["Perfected Strike"],"picked":"SKIP","floor":21.0},{"not_picked":["Wild Strike"],"picked":"SKIP","floor":22.0},{"not_picked":["Anger"],"picked":"SKIP","floor":23.0},{"not_picked":["Iron Wave"],"picked":"SKIP","floor":24.0},{"not_picked":["Cleave"],"picked":"SKIP","floor":27.0},{"not_picked":[],"picked":"Clothesline+1","floor":28.0},{"not_picked":["Carnage"],"picked":"Singing Bowl","floor":31.0},{"not_picked":[],"picked":"Immolate","floor":33.0},{"not_picked":[],"picked":"Battle Trance","floor":35.0},{"not_picked":["Thunderclap"],"picked":"Singing Bowl","floor":36},{"not_picked":["PanicButton"],"picked":"Singing Bowl","floor":37},{"not_picked":["Mind Blast"],"picked":"Singing Bowl","floor":37},{"not_picked":[],"picked":"Good Instincts","floor":37},{"not_picked":["True Grit"],"picked":"Singing Bowl","floor":39},{"not_picked":["Cleave"],"picked":"Singing Bowl","floor":41},{"not_picked":["Ghostly Armor"],"picked":"Singing Bowl","floor":45},{"not_picked":[],"picked":"Battle Trance","floor":46},{"not_picked":[],"picked":"Power Through","floor":48}],"player_experience":1060378,"relics_obtained":[{"floor":7.0,"key":"War Paint"},{"floor":9.0,"key":"MealTicket"},{"floor":12.0,"key":"HornCleat"},{"floor":23.0,"key":"Anchor"},{"floor":26.0,"key":"Bronze Scales"},{"floor":28.0,"key":"Singing Bowl"},{"floor":43,"key":"Juzu Bracelet"},{"floor":45,"key":"MawBank"}],"event_choices":[{"damage_healed":0.0,"max_hp_gain":0.0,"max_hp_loss":0.0,"gold_gain":0.0,"event_name":"WeMeetAgain","player_choice":"Paid Gold","floor":3.0,"gold_loss":68.0,"damage_taken":0.0,"relics_obtained":["Oddly Smooth Stone"]},{"damage_healed":0.0,"max_hp_gain":0.0,"max_hp_loss":0.0,"gold_gain":100.0,"event_name":"The Joust","player_choice":"Bet on Murderer","floor":19.0,"gold_loss":50.0,"damage_taken":0.0},{"damage_healed":0,"gold_gain":0,"player_choice":"Memory 3","damage_taken":10,"max_hp_gain":0,"max_hp_loss":0,"event_name":"SensoryStone","floor":37,"gold_loss":0},{"damage_healed":0,"gold_gain":0,"player_choice":"Paid","damage_taken":0,"relics_obtained":["Red Mask"],"max_hp_gain":0,"max_hp_loss":0,"event_name":"Tomb of Lord Red Mask","floor":44,"gold_loss":92},{"damage_healed":0,"gold_gain":0,"player_choice":"Copied","damage_taken":0,"max_hp_gain":0,"max_hp_loss":0,"event_name":"Duplicator","floor":47,"gold_loss":0,"cards_obtained":["Discovery"]}],"is_beta":true,"boss_relics":[{"not_picked":["Runic Cube","Coffee Dripper"],"picked":"Busted Crown"},{"not_picked":["Tiny House","Mark of Pain"],"picked":"Sozu"}],"items_purged_floors":[20,30],"is_endless":false,"potions_floor_spawned":[5,7,8,10,13,14,21,23,27,28,31,39,45,48],"killed_by":"Donu and Deca","ascension_level":20}