{"gold_per_floor":[212,232,252,13,13,13,48,48,48,48,72,87,126,151,151,244,244,267,288,288,64,64,102,102,137,164,178,24,64,82,96,96,187,187,202,102,102,118,186,226,244,244,244,269,310,330,346,24,24,24,24,24,24,24,65,65],"floor_reached":57,"playtime":3938,"items_purged":["Strike_G","Strike_G"],"score":2968,"play_id":"2d9fea8e-ea7e-4a29-8204-06ca63eb3a9b","local_time":"20190917202758","is_ascension_mode":true,"campfire_choices":[{"data":"Apotheosis","floor":6.0,"key":"SMITH"},{"floor":8.0,"key":"REST"},{"data":"Well Laid Plans","floor":15.0,"key":"SMITH"},{"data":"Ghostly","floor":24.0,"key":"SMITH"},{"data":"Noxious Fumes","floor":32.0,"key":"SMITH"},{"floor":42.0,"key":"REST"},{"floor":49.0,"key":"RECALL"},{"floor":53,"key":"REST"}],"neow_cost":"NONE","seed_source_timestamp":523605536013900,"circlet_count":0,"master_deck":["AscendersBane","Defend_G","Defend_G","Defend_G","Defend_G","Defend_G","Survivor","Cloak And Dagger","Poisoned Stab","Apotheosis+1","Well Laid Plans+1","Caltrops","Footwork","Corpse Explosion","Sucker Punch+1","Ghostly+1","Ghostly","Ghostly","Ghostly","Deadly Poison","PiercingWail","Escape Plan+1","Catalyst","Leg Sweep","Noxious Fumes+1","Night Terror","Acrobatics","Acrobatics","Catalyst"],"special_seed":0,"relics":["Ring of the Snake","Molten Egg 2","Ninja Scroll","Golden Idol","Omamori","Empty Cage","TwistedFunnel","Sundial","Letter Opener","Potion Belt","Anchor","Busted Crown","Du-Vu Doll","Bottled Lightning","Peace Pipe","Art of War","Centennial Puzzle"],"potions_floor_usage":[56,56,56],"damage_taken":[{"damage":0.0,"enemies":"Jaw Worm","floor":1.0,"turns":6.0},{"damage":1.0,"enemies":"Small Slimes","floor":2.0,"turns":5.0},{"damage":0.0,"enemies":"2 Louse","floor":3.0,"turns":2.0},{"damage":21.0,"enemies":"3 Sentries","floor":7.0,"turns":7.0},{"damage":0.0,"enemies":"2 Fungi Beasts","floor":11.0,"turns":3.0},{"damage":4.0,"enemies":"Exordium Thugs","floor":12.0,"turns":5.0},{"damage":1.0,"enemies":"Lagavulin","floor":13.0,"turns":6.0},{"damage":1.0,"enemies":"Red Slaver","floor":14.0,"turns":4.0},{"damage":31.0,"enemies":"The Guardian","floor":16.0,"turns":12.0},{"damage":2.0,"enemies":"3 Byrds","floor":18.0,"turns":2.0},{"damage":13.0,"enemies":"Chosen","floor":19.0,"turns":6.0},{"damage":2.0,"enemies":"Gremlin Leader","floor":23.0,"turns":7.0},{"damage":3.0,"enemies":"Slavers","floor":25.0,"turns":3.0},{"damage":0.0,"enemies":"Snecko","floor":27.0,"turns":4.0},{"damage":1.0,"enemies":"Book of Stabbing","floor":29.0,"turns":5.0},{"damage":0.0,"enemies":"Chosen and Byrds","floor":30.0,"turns":3.0},{"damage":0.0,"enemies":"Snake Plant","floor":31.0,"turns":4.0},{"damage":3.0,"enemies":"Automaton","floor":33.0,"turns":10.0},{"damage":0.0,"enemies":"3 Shapes","floor":35.0,"turns":4.0},{"damage":1.0,"enemies":"Orb Walker","floor":38.0,"turns":3.0},{"damage":0.0,"enemies":"2 Orb Walkers","floor":39.0,"turns":3.0},{"damage":3.0,"enemies":"Nemesis","floor":40.0,"turns":5.0},{"damage":18.0,"enemies":"Writhing Mass","floor":41.0,"turns":5.0},{"damage":11.0,"enemies":"Spire Growth","floor":44.0,"turns":5.0},{"damage":3.0,"enemies":"Giant Head","floor":45.0,"turns":9.0},{"damage":0.0,"enemies":"Transient","floor":46.0,"turns":6.0},{"damage":0.0,"enemies":"Jaw Worm Horde","floor":47.0,"turns":2.0},{"damage":0.0,"enemies":"Donu and Deca","floor":50.0,"turns":9.0},{"damage":0,"enemies":"Time Eater","floor":51,"turns":3},{"damage":11,"enemies":"Shield and Spear","floor":55,"turns":9},{"damage":5,"enemies":"The Heart","floor":56,"turns":7}],"seed_played":"-3421297404885667926","potions_obtained":[{"floor":1.0,"key":"PowerPotion"},{"floor":11.0,"key":"Fire Potion"},{"floor":23.0,"key":"Dexterity Potion"},{"floor":25.0,"key":"SkillPotion"},{"floor":27.0,"key":"Explosive Potion"},{"floor":31.0,"key":"Swift Potion"},{"floor":41.0,"key":"Ancient Potion"},{"floor":44.0,"key":"LiquidBronze"},{"floor":46.0,"key":"EssenceOfSteel"},{"floor":55,"key":"Swift Potion"}],"is_trial":false,"path_per_floor":["M","M","M","$","?","R","E","R","T","?","M","M","E","M","R","B",null,"M","M","?","$","?","E","R","E","T","M","$","E","M","M","R","B",null,"M","$","?","M","?","E","M","R","T","M","E","M","M","$","R","B","B",null,"R","$","E","B",null],"character_chosen":"THE_SILENT","items_purchased":["Apotheosis","Fire Potion","TwistedFunnel","Catalyst","Art of War","Poison Potion","Poison Potion","Acrobatics"],"campfire_rested":3,"item_purchase_floors":[4,4,21,28,48,48,48,48],"current_hp_per_floor":[59,58,58,58,58,58,37,56,56,56,56,52,51,50,50,19,50,48,35,30,30,30,28,28,25,25,25,25,24,24,24,24,21,28,28,28,28,27,27,24,6,15,15,4,1,1,1,1,1,1,1,23,30,30,19,14],"gold":65,"neow_bonus":"HUNDRED_GOLD","is_prod":false,"is_daily":false,"chose_seed":false,"campfire_upgraded":4,"win_rate":0,"timestamp":1568766478,"path_taken":["M","M","M","$","?","R","E","R","T","?","M","M","E","M","R","BOSS","M","M","?","$","?","E","R","E","T","?","?","E","M","?","R","BOSS","M","$","?","M","?","E","M","R","T","M","E","M","M","$","R","BOSS","BOSS","R","$","E","BOSS"],"build_version":"2019-07-17","purchased_purges":2,"victory":true,"max_hp_per_floor":[66,66,66,66,66,66,66,66,66,60,60,60,60,60,60,60,60,60,60,30,30,30,30,30,30,30,30,30,30,30,30,30,30,30,30,30,30,30,30,30,30,30,30,30,30,30,30,30,30,30,30,30,30,30,30,30],"card_choices":[{"not_picked":["Riddle With Holes","Prepared"],"picked":"Cloak And Dagger","floor":1.0},{"not_picked":["Sucker Punch","Deflect","Dodge and Roll"],"picked":"SKIP","floor":2.0},{"not_picked":["Sucker Punch","Prepared"],"picked":"Poisoned Stab","floor":3.0},{"not_picked":["Masterful Stab","Terror","Choke"],"picked":"SKIP","floor":7.0},{"not_picked":["Backflip","Sucker Punch+1"],"picked":"Well Laid Plans","floor":11.0},{"not_picked":["Flying Knee+1","Riddle With Holes+1"],"picked":"Caltrops","floor":12.0},{"not_picked":["Dodge and Roll","Finisher+1"],"picked":"Footwork","floor":13.0},{"not_picked":["Bane+1","Reflex","Flying Knee+1"],"picked":"SKIP","floor":14.0},{"not_picked":["Burst","Tools of the Trade"],"picked":"Corpse Explosion","floor":16.0},{"not_picked":["Riddle With Holes+1","Slice+1","Heel Hook+1"],"picked":"SKIP","floor":18.0},{"not_picked":["Blade Dance","Bane+1"],"picked":"Sucker Punch+1","floor":19.0},{"not_picked":["Well Laid Plans","Dagger Spray+1"],"picked":"Deadly Poison","floor":23.0},{"not_picked":["Setup","Flying Knee+1"],"picked":"PiercingWail","floor":25.0},{"not_picked":["Flying Knee+1","Bullet Time"],"picked":"Escape Plan+1","floor":27.0},{"not_picked":["Prepared","Slice+1"],"picked":"Leg Sweep","floor":29.0},{"not_picked":["Cloak And Dagger","Riddle With Holes+1","Dash+1"],"picked":"SKIP","floor":30.0},{"not_picked":["Dagger Throw+1","Acrobatics"],"picked":"Noxious Fumes","floor":31.0},{"not_picked":["Envenom","Glass Knife+1"],"picked":"Night Terror","floor":33.0},{"not_picked":[],"picked":"Acrobatics","floor":35.0},{"not_picked":["Concentrate"],"picked":"SKIP","floor":38.0},{"not_picked":["Concentrate"],"picked":"SKIP","floor":40.0},{"not_picked":["Bane+1"],"picked":"SKIP","floor":41.0},{"not_picked":["Sucker Punch+1"],"picked":"SKIP","floor":44.0},{"not_picked":["Endless Agony+1"],"picked":"SKIP","floor":45.0},{"not_picked":["Infinite Blades+1"],"picked":"SKIP","floor":46.0},{"not_picked":["Dagger Throw+1"],"picked":"SKIP","floor":47.0},{"not_picked":[],"picked":"Catalyst","floor":55}],"player_experience":1020289,"relics_obtained":[{"floor":7.0,"key":"Molten Egg 2"},{"floor":9.0,"key":"Ninja Scroll"},{"floor":13.0,"key":"Omamori"},{"floor":23.0,"key":"Sundial"},{"floor":25.0,"key":"Letter Opener"},{"floor":26.0,"key":"Potion Belt"},{"floor":29.0,"key":"Anchor"},{"floor":39.0,"key":"Du-Vu Doll"},{"floor":40.0,"key":"Bottled Lightning"},{"floor":45.0,"key":"Peace Pipe"},{"floor":55,"key":"Centennial Puzzle"}],"event_choices":[{"cards_removed":["Strike_G"],"damage_healed":0.0,"max_hp_gain":0.0,"max_hp_loss":0.0,"gold_gain":0.0,"event_name":"Living Wall","player_choice":"Forget","floor":5.0,"gold_loss":0.0,"damage_taken":0.0},{"damage_healed":0.0,"max_hp_gain":0.0,"max_hp_loss":6.0,"gold_gain":0.0,"event_name":"Golden Idol","player_choice":"Lose Max HP","floor":10.0,"gold_loss":0.0,"damage_taken":0.0,"relics_obtained":["Golden Idol"]},{"damage_healed":0.0,"max_hp_gain":0.0,"max_hp_loss":30.0,"gold_gain":0.0,"event_name":"Ghosts","player_choice":"Became a Ghost","floor":20.0,"gold_loss":0.0,"damage_taken":0.0,"cards_obtained":["Ghostly","Ghostly","Ghostly"]},{"damage_healed":0.0,"max_hp_gain":0.0,"max_hp_loss":0.0,"gold_gain":0.0,"event_name":"Duplicator","player_choice":"Copied","floor":22.0,"gold_loss":0.0,"damage_taken":0.0,"cards_obtained":["Ghostly"]},{"cards_removed":["Neutralize"],"damage_healed":0.0,"max_hp_gain":0.0,"max_hp_loss":0.0,"gold_gain":0.0,"event_name":"Falling","player_choice":"Removed Attack","floor":37.0,"gold_loss":0.0,"damage_taken":0.0},{"damage_healed":0.0,"max_hp_gain":0.0,"max_hp_loss":0.0,"gold_gain":0.0,"event_name":"Mysterious Sphere","player_choice":"Fight","floor":39.0,"gold_loss":0.0,"damage_taken":0.0}],"is_beta":false,"boss_relics":[{"not_picked":["Tiny House","Calling Bell"],"picked":"Empty Cage"},{"not_picked":["Eternal Feather","Snecko Eye"],"picked":"Busted Crown"}],"items_purged_floors":[28,36],"is_endless":false,"potions_floor_spawned":[1,11,16,23,25,27,31,41,44,46,47,55],"ascension_level":20}