{"gold_per_floor":[169,94,112,124,143,172,172,172,172,204,223,223,248,248,248,248],"floor_reached":16,"playtime":650,"items_purged":["Strike_R"],"score":156,"play_id":"bf774b5c-7fab-48f2-830b-b03b9ea5fc92","local_time":"20190927122006","is_ascension_mode":true,"campfire_choices":[{"floor":7,"key":"REST"},{"floor":12,"key":"REST"},{"floor":15,"key":"RECALL"}],"neow_cost":"NONE","seed_source_timestamp":1286887784782000,"circlet_count":0,"master_deck":["Strike_R","Strike_R","Strike_R","Strike_R","Defend_R","Defend_R","Defend_R","Defend_R+1","Bash","Carnage+1","Shrug It Off","Wild Strike","Shockwave","Cleave","Spot Weakness","Iron Wave","Heavy Blade"],"relics":["Tiny House","Bag of Preparation","Question Card","Centennial Puzzle"],"potions_floor_usage":[13,16,16],"damage_taken":[{"damage":1,"enemies":"Small Slimes","floor":1,"turns":3},{"damage":5,"enemies":"Cultist","floor":3,"turns":4},{"damage":4,"enemies":"Jaw Worm","floor":4,"turns":3},{"damage":0,"enemies":"Exordium Thugs","floor":5,"turns":3},{"damage":17,"enemies":"Gremlin Nob","floor":6,"turns":4},{"damage":45,"enemies":"3 Sentries","floor":10,"turns":6},{"damage":2,"enemies":"Red Slaver","floor":11,"turns":3},{"damage":20,"enemies":"Lagavulin","floor":13,"turns":5},{"damage":55,"enemies":"Slime Boss","floor":16,"turns":12}],"seed_played":"-1247068607966833732","potions_obtained":[{"floor":0,"key":"Swift Potion"},{"floor":3,"key":"SpeedPotion"},{"floor":4,"key":"Ancient Potion"},{"floor":6,"key":"Swift Potion"},{"floor":8,"key":"BloodPotion"},{"floor":8,"key":"Strength Potion"}],"is_trial":false,"path_per_floor":["M","$","M","M","M","E","R","?","T","E","M","R","E","?","R","B"],"character_chosen":"IRONCLAD","items_purchased":[],"campfire_rested":2,"item_purchase_floors":[],"current_hp_per_floor":[76,76,71,67,67,50,75,75,75,30,28,53,33,33,33,0],"gold":248,"neow_bonus":"BOSS_RELIC","is_prod":false,"is_daily":false,"chose_seed":false,"campfire_upgraded":0,"win_rate":0,"timestamp":1569601206,"path_taken":["M","$","M","M","M","E","R","?","T","E","?","R","E","?","R","BOSS"],"build_version":"2019-07-17","purchased_purges":1,"victory":false,"max_hp_per_floor":[85,85,85,85,85,85,85,85,85,85,85,85,85,85,85,85],"card_choices":[{"not_picked":["Headbutt","Sentinel"],"picked":"Carnage","floor":0},{"not_picked":["Intimidate","Burning Pact"],"picked":"Shrug It Off","floor":1},{"not_picked":["Perfected Strike","Headbutt"],"picked":"Wild Strike","floor":3},{"not_picked":["True Grit","Infernal Blade"],"picked":"Shockwave","floor":4},{"not_picked":["Corruption","Metallicize"],"picked":"Cleave","floor":5},{"not_picked":["Cleave","Havoc","Warcry"],"picked":"SKIP","floor":6},{"not_picked":["Cleave","Sentinel"],"picked":"Spot Weakness","floor":10},{"not_picked":["Wild Strike","Anger","Twin Strike"],"picked":"Iron Wave","floor":11},{"not_picked":["Ghostly Armor","Thunderclap","Metallicize"],"picked":"Heavy Blade","floor":13}],"player_experience":131356,"relics_obtained":[{"floor":6,"key":"Bag of Preparation"},{"floor":10,"key":"Question Card"},{"floor":13,"key":"Centennial Puzzle"}],"event_choices":[{"damage_healed":0,"gold_gain":0,"player_choice":"Got Potions","damage_taken":0,"max_hp_gain":0,"max_hp_loss":0,"event_name":"Lab","floor":8,"gold_loss":0},{"damage_healed":0,"gold_gain":0,"player_choice":"Upgraded","damage_taken":0,"max_hp_gain":0,"max_hp_loss":0,"event_name":"Upgrade Shrine","floor":14,"gold_loss":0,"cards_upgraded":["Carnage"]}],"is_beta":false,"boss_relics":[],"items_purged_floors":[2],"is_endless":false,"potions_floor_spawned":[3,4,6],"killed_by":"Slime Boss","ascension_level":6}