{"gold_per_floor":[117,133,151,163,163,190,190,190,261,277,287,3,15,27,27,124,124,142,160,70,70,82,82,96,121,121,151,166,194,221,13,13,112,112,124,20,20,120,120,147,147,167,167,202,219,246,246,18,18,18],"floor_reached":50,"playtime":30857,"items_purged":["Strike_R","Strike_R","Strike_R","Strike_R"],"score":923,"play_id":"0af8393e-bc62-479e-bd5d-ce7d0ca9cbec","local_time":"20180930003714","is_ascension_mode":true,"campfire_choices":[{"floor":7,"key":"REST"},{"data":"True Grit","floor":15,"key":"SMITH"},{"data":"Inflame","floor":23,"key":"SMITH"},{"data":"Immolate","floor":32,"key":"SMITH"},{"data":"Immolate","floor":41,"key":"SMITH"},{"data":"Uppercut","floor":49,"key":"SMITH"}],"neow_cost":"NONE","seed_source_timestamp":367062719126551,"circlet_count":0,"master_deck":["Strike_R","Defend_R","Defend_R","Defend_R","Defend_R+1","Bash","Double Tap+1","Reckless Charge","Uppercut+1","Uppercut","Shrug It Off","Battle Trance","True Grit+1","Immolate+1","Inflame+1","Reaper+1","Disarm","Shrug It Off","Disarm+1","Combust+1","Dual Wield+1","Sentinel+1","Immolate+1","Limit Break+1","Shrug It Off+1","Apotheosis","Immolate+1","Injury","Blood for Blood+1","Spot Weakness","Limit Break+1","Shrug It Off"],"relics":["Burning Blood","Champion Belt","Anchor","Mercury Hourglass","Membership Card","Snecko Eye","Whetstone","Incense Burner","Vajra","MawBank","StoneCalendar","Cursed Key","Bag of Preparation","Gremlin Horn","Smiling Mask","Pear","Bronze Scales","War Paint"],"potions_floor_usage":[3,4,16,25,30,44,46,50,50],"damage_taken":[{"damage":1,"enemies":"Cultist","floor":1,"turns":3},{"damage":12,"enemies":"Jaw Worm","floor":2,"turns":2},{"damage":12,"enemies":"Small Slimes","floor":3,"turns":4},{"damage":23,"enemies":"Exordium Thugs","floor":4,"turns":4},{"damage":43,"enemies":"Gremlin Nob","floor":6,"turns":5},{"damage":0,"enemies":"Red Slaver","floor":10,"turns":2},{"damage":6,"enemies":"3 Louse","floor":11,"turns":3},{"damage":0,"enemies":"2 Fungi Beasts","floor":13,"turns":2},{"damage":0,"enemies":"Large Slime","floor":14,"turns":2},{"damage":37,"enemies":"Hexaghost","floor":16,"turns":13},{"damage":0,"enemies":"Spheric Guardian","floor":18,"turns":2},{"damage":0,"enemies":"Chosen","floor":19,"turns":3},{"damage":2,"enemies":"Shelled Parasite and Fungi","floor":22,"turns":2},{"damage":9,"enemies":"Cultist and Chosen","floor":24,"turns":6},{"damage":23,"enemies":"Slavers","floor":25,"turns":4},{"damage":0,"enemies":"Gremlin Leader","floor":27,"turns":3},{"damage":1,"enemies":"Centurion and Healer","floor":28,"turns":3},{"damage":7,"enemies":"Book of Stabbing","floor":29,"turns":5},{"damage":0,"enemies":"Snecko","floor":30,"turns":3},{"damage":62,"enemies":"Collector","floor":33,"turns":7},{"damage":2,"enemies":"Orb Walker","floor":35,"turns":4},{"damage":22,"enemies":"Giant Head","floor":40,"turns":7},{"damage":0,"enemies":"3 Darklings","floor":42,"turns":2},{"damage":17,"enemies":"Nemesis","floor":44,"turns":7},{"damage":0,"enemies":"Sphere and 2 Shapes","floor":45,"turns":1},{"damage":10,"enemies":"Giant Head","floor":46,"turns":7},{"damage":106,"enemies":"Time Eater","floor":50,"turns":10}],"seed_played":"3953134604207912582","potions_obtained":[{"floor":1,"key":"Block Potion"},{"floor":3,"key":"LiquidBronze"},{"floor":6,"key":"SkillPotion"},{"floor":14,"key":"Dexterity Potion"},{"floor":16,"key":"SmokeBomb"},{"floor":24,"key":"Swift Potion"},{"floor":25,"key":"Swift Potion"},{"floor":28,"key":"Strength Potion"},{"floor":35,"key":"Weak Potion"},{"floor":44,"key":"PowerPotion"},{"floor":45,"key":"Explosive Potion"}],"is_trial":false,"path_per_floor":["M","M","M","M","?","E","R","?","T","M","M","$","M","M","R","B",null,"M","M","$","?","M","R","M","E","T","E","M","E","M","$","R","B",null,"M","$","?","?","?","E","R","M","T","E","M","E","?","$","R"],"character_chosen":"IRONCLAD","items_purchased":["Membership Card","Inflame","StoneCalendar","Apotheosis","Shrug It Off","Bronze Scales","War Paint"],"campfire_rested":1,"item_purchase_floors":[12,20,31,36,48,48,48],"current_hp_per_floor":[77,71,65,48,48,11,35,35,35,41,41,41,47,53,53,22,66,72,78,78,78,80,80,80,66,66,80,80,79,80,80,80,46,72,76,76,76,76,76,60,60,66,66,74,76,83,83,83,83,0],"gold":18,"neow_bonus":"ONE_RANDOM_RARE_CARD","is_prod":false,"is_daily":false,"chose_seed":false,"campfire_upgraded":5,"win_rate":0,"timestamp":1538285834,"path_taken":["M","?","M","M","?","E","R","?","T","M","M","$","?","M","R","BOSS","M","M","$","?","M","R","M","E","T","E","M","E","M","$","R","BOSS","M","$","?","?","?","E","R","M","T","E","M","E","?","$","R","BOSS"],"build_version":"2018-09-27","purchased_purges":4,"victory":false,"max_hp_per_floor":[80,80,80,80,80,80,80,80,80,80,80,80,80,80,80,80,80,80,80,80,80,80,80,80,80,80,80,80,80,80,80,80,80,80,80,80,76,76,76,76,76,76,76,76,76,86,86,86,86,86],"card_choices":[{"not_picked":["Rampage","Anger","Evolve"],"picked":"SKIP","floor":1},{"not_picked":["Rupture","Headbutt","Havoc"],"picked":"SKIP","floor":2},{"not_picked":["Perfected Strike","Power Through","Heavy Blade"],"picked":"SKIP","floor":3},{"not_picked":["Warcry","Thunderclap"],"picked":"Reckless Charge","floor":4},{"not_picked":["Thunderclap","Burning Pact"],"picked":"Uppercut","floor":6},{"not_picked":["Heavy Blade","Dual Wield"],"picked":"Uppercut","floor":10},{"not_picked":["True Grit","Searing Blow"],"picked":"Shrug It Off","floor":11},{"not_picked":["Flex","Perfected Strike"],"picked":"Battle Trance","floor":13},{"not_picked":["Twin Strike","Pommel Strike"],"picked":"True Grit","floor":14},{"not_picked":["Impervious","Bludgeon"],"picked":"Immolate","floor":16},{"not_picked":["Dropkick","Warcry","Heavy Blade"],"picked":"SKIP","floor":18},{"not_picked":["Combust","Entrench","Thunderclap"],"picked":"SKIP","floor":19},{"not_picked":["Searing Blow","Havoc"],"picked":"Disarm","floor":22},{"not_picked":["Twin Strike+1","Clash"],"picked":"Shrug It Off","floor":24},{"not_picked":["Fire Breathing","Dual Wield"],"picked":"Disarm","floor":25},{"not_picked":["Cleave","Combust+1","Power Through"],"picked":"SKIP","floor":27},{"not_picked":["Cleave","Power Through"],"picked":"Combust+1","floor":27},{"not_picked":["Pommel Strike","Clash"],"picked":"Dual Wield+1","floor":28},{"not_picked":["Headbutt","Clash"],"picked":"Sentinel+1","floor":29},{"not_picked":["Reckless Charge","Armaments"],"picked":"Immolate","floor":30},{"not_picked":["Immolate","Offering"],"picked":"Limit Break","floor":33},{"not_picked":["Flex","Rampage"],"picked":"Shrug It Off+1","floor":35},{"not_picked":["Rupture+1","Ghostly Armor"],"picked":"Immolate","floor":40},{"not_picked":["Heavy Blade","Fire Breathing+1","Warcry+1"],"picked":"SKIP","floor":42},{"not_picked":["Rampage+1","Wild Strike+1"],"picked":"Blood for Blood+1","floor":44},{"not_picked":["Warcry+1","Second Wind+1"],"picked":"Spot Weakness","floor":45},{"not_picked":["Wild Strike","Twin Strike","Second Wind"],"picked":"SKIP","floor":46}],"player_experience":676245,"relics_obtained":[{"floor":6,"key":"Champion Belt"},{"floor":9,"key":"Mercury Hourglass"},{"floor":25,"key":"Whetstone"},{"floor":26,"key":"Incense Burner"},{"floor":27,"key":"Vajra"},{"floor":29,"key":"MawBank"},{"floor":40,"key":"Bag of Preparation"},{"floor":43,"key":"Gremlin Horn"},{"floor":44,"key":"Smiling Mask"},{"floor":46,"key":"Pear"}],"event_choices":[{"event_name":"Upgrade Shrine","player_choice":"Upgraded","floor":5,"damage_taken":0},{"event_name":"WeMeetAgain","player_choice":"Potion","floor":8,"damage_taken":0},{"event_name":"The Library","player_choice":"Read","floor":21,"damage_taken":0},{"event_name":"Winding Halls","player_choice":"Max HP","floor":37,"damage_taken":0},{"event_name":"Golden Shrine","player_choice":"Pray","floor":38,"damage_taken":0},{"event_name":"Accursed Blacksmith","player_choice":"Forge","floor":39,"damage_taken":0},{"event_name":"Duplicator","player_choice":"One dupe","floor":47,"damage_taken":0}],"is_beta":false,"boss_relics":[{"not_picked":["Coffee Dripper","Runic Pyramid"],"picked":"Snecko Eye"},{"not_picked":["Philosopher\u0027s Stone","White Beast Statue"],"picked":"Cursed Key"}],"items_purged_floors":[12,20,31,48],"is_endless":false,"potions_floor_spawned":[1,3,6,14,16,24,25,28,35,44,45],"killed_by":"Time Eater","ascension_level":9}