{"gold_per_floor":[361,374,374,12,28,58,58],"floor_reached":7,"playtime":248,"items_purged":[],"score":102,"play_id":"901c4508-528f-4e15-9fc5-1648db7c43c4","local_time":"20190929130454","is_ascension_mode":true,"campfire_choices":[],"neow_cost":"TEN_PERCENT_HP_LOSS","seed_source_timestamp":66225270787700,"circlet_count":0,"master_deck":["AscendersBane","Strike_B","Strike_B+1","Strike_B+1","Strike_B+1","Defend_B","Defend_B","Defend_B+1","Defend_B","Zap","Dualcast","Compile Driver","Steam","Ball Lightning","Capacitor","Coolheaded"],"special_seed":0,"relics":["Cracked Core","Cables","Whetstone"],"potions_floor_usage":[6,7],"damage_taken":[{"damage":6.0,"enemies":"Small Slimes","floor":1.0,"turns":4.0},{"damage":0.0,"enemies":"2 Louse","floor":2.0,"turns":3.0},{"damage":0.0,"enemies":"Cultist","floor":5.0,"turns":3.0},{"damage":34,"enemies":"Gremlin Nob","floor":6,"turns":4},{"damage":6,"enemies":"The Mushroom Lair","floor":7,"turns":2}],"seed_played":"-2192535962010840878","potions_obtained":[{"floor":2.0,"key":"Poison Potion"}],"is_trial":false,"path_per_floor":["M","M","?","$","M","E","?"],"character_chosen":"DEFECT","items_purchased":["Cables","Ball Lightning","PowerPotion"],"campfire_rested":0,"item_purchase_floors":[4,4,4],"current_hp_per_floor":[58,58,39,39,39,5,0],"gold":58,"neow_bonus":"TWO_FIFTY_GOLD","is_prod":false,"is_daily":false,"chose_seed":false,"campfire_upgraded":0,"win_rate":0,"timestamp":1569776694,"path_taken":["M","M","?","$","M","E","?"],"build_version":"2019-07-17","purchased_purges":0,"victory":false,"max_hp_per_floor":[64,64,64,64,64,64,64],"card_choices":[{"not_picked":["Turbo","Go for the Eyes"],"picked":"Compile Driver","floor":1.0},{"not_picked":["Rebound","Turbo"],"picked":"Steam","floor":2.0},{"not_picked":["Turbo","Sweeping Beam"],"picked":"Capacitor","floor":5.0},{"not_picked":["Compile Driver","BootSequence"],"picked":"Coolheaded","floor":6}],"player_experience":1045062,"relics_obtained":[{"floor":6,"key":"Whetstone"}],"event_choices":[{"damage_healed":0.0,"max_hp_gain":0.0,"max_hp_loss":0.0,"gold_gain":0.0,"event_name":"Shining Light","player_choice":"Entered Light","floor":3.0,"gold_loss":0.0,"damage_taken":19.0,"cards_upgraded":["Strike_B","Defend_B"]},{"damage_healed":0,"gold_gain":0,"player_choice":"Fought Mushrooms","damage_taken":0,"max_hp_gain":0,"max_hp_loss":0,"event_name":"Mushrooms","floor":7,"gold_loss":0}],"is_beta":false,"boss_relics":[],"items_purged_floors":[],"is_endless":false,"potions_floor_spawned":[2,5],"killed_by":"The Mushroom Lair","ascension_level":20}