{"gold_per_floor":[114,264,264,189,206,233,233,243,243,253,267,267,167,167,167,258,258,258],"floor_reached":18,"playtime":236,"items_purged":["Doubt","Defend_R"],"score":370,"play_id":"98851c96-b666-4088-9276-beb3d33df33e","local_time":"20190819203643","is_ascension_mode":true,"campfire_choices":[{"data":"Bash","floor":7,"key":"SMITH"},{"data":"Clothesline","floor":12,"key":"SMITH"},{"data":"Spot Weakness","floor":15,"key":"SMITH"}],"neow_cost":"NONE","seed_source_timestamp":141595588650504,"circlet_count":0,"master_deck":["AscendersBane","Bash+1","Spot Weakness+1","Clothesline+1","Limit Break","Blood for Blood","Seeing Red","Corruption","Infernal Blade","Corruption","Brutality","True Grit","Iron Wave"],"relics":["Burning Blood","NeowsBlessing","Bag of Marbles","Shuriken","Golden Idol","Pandora\u0027s Box"],"potions_floor_usage":[16],"damage_taken":[{"damage":0,"enemies":"Jaw Worm","floor":1,"turns":1},{"damage":0,"enemies":"Small Slimes","floor":5,"turns":2},{"damage":0,"enemies":"Lagavulin","floor":6,"turns":1},{"damage":6,"enemies":"Cultist","floor":8,"turns":3},{"damage":14,"enemies":"Red Slaver","floor":10,"turns":3},{"damage":16,"enemies":"3 Louse","floor":11,"turns":4},{"damage":41,"enemies":"Hexaghost","floor":16,"turns":8},{"damage":13,"enemies":"3 Byrds","floor":18,"turns":2}],"seed_played":"7597828123449962631","potions_obtained":[{"floor":6,"key":"FairyPotion"},{"floor":8,"key":"Energy Potion"}],"is_trial":false,"path_per_floor":["M","?","?","$","M","E","R","M","T","M","M","R","$","?","R","B",null,"M"],"character_chosen":"IRONCLAD","items_purchased":[],"campfire_rested":0,"item_purchase_floors":[],"current_hp_per_floor":[74,74,79,79,80,80,80,80,80,72,62,62,62,34,34,8,62,49],"gold":258,"neow_bonus":"THREE_ENEMY_KILL","is_prod":false,"is_daily":false,"chose_seed":false,"campfire_upgraded":3,"win_rate":0,"timestamp":1566221803,"path_taken":["M","?","?","$","M","E","R","M","T","?","?","R","?","?","R","BOSS","M"],"build_version":"2019-08-15","purchased_purges":2,"victory":false,"max_hp_per_floor":[75,75,80,80,80,80,80,80,80,80,80,80,80,80,80,80,80,80],"card_choices":[{"not_picked":["Armaments","Anger","Flex"],"picked":"SKIP","floor":1},{"not_picked":["Burning Pact","Anger"],"picked":"Spot Weakness","floor":5},{"not_picked":["Perfected Strike","Havoc","Thunderclap"],"picked":"SKIP","floor":6},{"not_picked":["Metallicize","Pummel","Burning Pact"],"picked":"SKIP","floor":8},{"not_picked":["True Grit","Sentinel"],"picked":"Clothesline","floor":10},{"not_picked":["Pommel Strike","Ghostly Armor","Headbutt"],"picked":"SKIP","floor":11},{"not_picked":["Berserk","Barricade"],"picked":"Limit Break","floor":16}],"player_experience":1070280,"relics_obtained":[{"floor":6,"key":"Bag of Marbles"},{"floor":9,"key":"Shuriken"}],"event_choices":[{"damage_healed":0,"gold_gain":150,"player_choice":"AGREE","damage_taken":0,"max_hp_gain":0,"max_hp_loss":0,"event_name":"Liars Game","floor":2,"gold_loss":0,"cards_obtained":["Doubt"]},{"damage_healed":0,"gold_gain":0,"player_choice":"Donut","damage_taken":0,"max_hp_gain":5,"max_hp_loss":0,"event_name":"Big Fish","floor":3,"gold_loss":0},{"damage_healed":0,"gold_gain":0,"player_choice":"Take Damage","damage_taken":28,"relics_obtained":["Golden Idol"],"max_hp_gain":0,"max_hp_loss":0,"event_name":"Golden Idol","floor":14,"gold_loss":0}],"is_beta":true,"boss_relics":[{"not_picked":["Black Blood","Runic Cube"],"picked":"Pandora\u0027s Box"}],"items_purged_floors":[4,13],"is_endless":false,"potions_floor_spawned":[6,8,11],"killed_by":"3 Byrds","ascension_level":20}