{"gold_per_floor":[119,119,119,119,94,134,209,242,242,86,86,162,186,202,202,322,322,337,70,70,90,106,106,144,156,168,211,223,251,303,315,327,469,481,511,538,168,229,354,393,393,431,458,458,477,490,823,10,10,10],"floor_reached":51,"playtime":9821,"items_purged":["Strike_R","Strike_R","Strike_R","Defend_R"],"score":1275,"play_id":"66fd79ab-23e2-40cf-9e41-c434599c08a1","local_time":"20181219155926","is_ascension_mode":true,"campfire_choices":[{"data":"Immolate","floor":11.0,"key":"SMITH"},{"floor":15.0,"key":"REST"},{"data":"Feed","floor":23.0,"key":"SMITH"},{"data":"Battle Trance","floor":25.0,"key":"SMITH"},{"floor":28.0,"key":"REST"},{"data":"Ghostly Armor","floor":32,"key":"SMITH"},{"floor":41,"key":"DIG"},{"floor":44,"key":"DIG"},{"floor":49,"key":"DIG"}],"neow_cost":"NONE","seed_source_timestamp":614296754063994,"circlet_count":0,"master_deck":["AscendersBane","Defend_R","Defend_R","Defend_R+1","Bash","Armaments+1","Sword Boomerang","Shrug It Off","Clothesline","Ghostly Armor+1","Battle Trance+1","Immolate+1","Flame Barrier+1","Feed+1","Shrug It Off+1","Intimidate+1","True Grit+1","Shockwave+1","Offering+1","Flame Barrier+1","Reaper","True Grit+1","Wild Strike+1","Impervious+1","Inflame+1","Disarm+1","Brutality","Master of Strategy+1","Ghostly Armor+1"],"special_seed":0,"relics":["Burning Blood","NeowsBlessing","Turnip","War Paint","Bottled Lightning","Potion Belt","Shuriken","Toxic Egg 2","Sozu","Bronze Scales","MawBank","Unceasing Top","Kunai","Red Skull","Runic Dome","Bottled Flame","Shovel","Incense Burner","Pear","Gremlin Horn","Ginger","Dream Catcher","FossilizedHelix","Letter Opener","Mercury Hourglass"],"potions_floor_usage":[],"damage_taken":[{"damage":0.0,"enemies":"Small Slimes","floor":1.0,"turns":1.0},{"damage":0.0,"enemies":"3 Sentries","floor":6.0,"turns":2.0},{"damage":0.0,"enemies":"3 Sentries","floor":7.0,"turns":2.0},{"damage":30.0,"enemies":"Lagavulin","floor":8.0,"turns":10.0},{"damage":0.0,"enemies":"2 Louse","floor":13.0,"turns":2.0},{"damage":7.0,"enemies":"Jaw Worm","floor":14.0,"turns":3.0},{"damage":55.0,"enemies":"Hexaghost","floor":16.0,"turns":12.0},{"damage":7.0,"enemies":"2 Thieves","floor":18.0,"turns":3.0},{"damage":0.0,"enemies":"Chosen","floor":21.0,"turns":4.0},{"damage":2.0,"enemies":"Snake Plant","floor":22.0,"turns":3.0},{"damage":26.0,"enemies":"Book of Stabbing","floor":24.0,"turns":7.0},{"damage":13.0,"enemies":"Slavers","floor":27.0,"turns":5.0},{"damage":2.0,"enemies":"Shelled Parasite and Fungi","floor":29.0,"turns":6.0},{"damage":13.0,"enemies":"Gremlin Leader","floor":30.0,"turns":5.0},{"damage":46,"enemies":"Collector","floor":33,"turns":17},{"damage":5,"enemies":"3 Shapes","floor":35,"turns":3},{"damage":8,"enemies":"3 Darklings","floor":36,"turns":5},{"damage":33,"enemies":"2 Orb Walkers","floor":38,"turns":6},{"damage":5,"enemies":"Mind Bloom Boss Battle","floor":39,"turns":10},{"damage":61,"enemies":"Reptomancer","floor":40,"turns":9},{"damage":11,"enemies":"Nemesis","floor":42,"turns":7},{"damage":0,"enemies":"Jaw Worm Horde","floor":45,"turns":2},{"damage":3,"enemies":"Spire Growth","floor":46,"turns":7},{"damage":88,"enemies":"Awakened One","floor":50,"turns":22}],"seed_played":"490533203119923220","potions_obtained":[{"floor":1.0,"key":"Block Potion"},{"floor":13.0,"key":"SteroidPotion"}],"is_trial":false,"path_per_floor":["M","?","?","?","$","E","?","E","T","$","R","T","M","M","R","B",null,"M","$","?","M","M","R","E","R","T","E","R","M","E","$","R","B",null,"M","M","$","?","?","E","R","E","T","R","M","M","?","$","R","B",null],"character_chosen":"IRONCLAD","items_purchased":["Shrug It Off","Immolate","Shrug It Off+1","Bronze Scales","Bottled Flame","Brutality","Master of Strategy+1","Ghostly Armor+1","Letter Opener"],"campfire_rested":2,"item_purchase_floors":[5,10,19,19,37,48,48,48,48],"current_hp_per_floor":[78,58,58,51,51,57,63,39,39,39,39,39,45,44,68,19,65,67,67,67,76,83,83,63,63,63,56,82,86,79,79,79,39,77,78,92,92,81,86,55,55,54,54,54,72,85,85,85,85,7],"gold":10,"neow_bonus":"THREE_ENEMY_KILL","is_prod":false,"is_daily":false,"chose_seed":false,"campfire_upgraded":4,"win_rate":0,"timestamp":1545256766,"path_taken":["M","?","?","?","?","E","?","E","T","$","R","?","?","M","R","BOSS","M","$","?","M","?","R","E","R","T","E","R","M","E","$","R","BOSS","M","M","$","?","?","E","R","E","T","R","M","M","?","$","R","BOSS"],"build_version":"2018-12-13","purchased_purges":4,"victory":true,"max_hp_per_floor":[80,80,80,80,80,80,80,80,80,80,80,80,80,80,80,80,80,83,83,83,86,89,89,89,89,89,89,89,89,89,89,89,89,89,89,93,93,97,97,107,107,111,111,111,111,111,111,111,111,111],"card_choices":[{"not_picked":["Bloodletting","Pommel Strike"],"picked":"Armaments","floor":1.0},{"not_picked":["Infernal Blade","Intimidate"],"picked":"Clothesline","floor":6.0},{"not_picked":["Sword Boomerang","Thunderclap"],"picked":"Ghostly Armor","floor":7.0},{"not_picked":["Body Slam","Iron Wave"],"picked":"Battle Trance","floor":8.0},{"not_picked":["Heavy Blade","Sever Soul"],"picked":"Flame Barrier+1","floor":13.0},{"not_picked":["Juggernaut","Warcry+1","Flex+1"],"picked":"SKIP","floor":14.0},{"not_picked":["Brutality","Berserk"],"picked":"Feed","floor":16.0},{"not_picked":["Twin Strike","Havoc+1","Wild Strike"],"picked":"SKIP","floor":18.0},{"not_picked":["Twin Strike","Clothesline","Havoc+1"],"picked":"SKIP","floor":21.0},{"not_picked":["Havoc+1","Thunderclap"],"picked":"True Grit+1","floor":22.0},{"not_picked":["True Grit+1","Warcry+1"],"picked":"Shockwave+1","floor":24.0},{"not_picked":["Anger","Twin Strike"],"picked":"Offering+1","floor":27.0},{"not_picked":["Clash","Wild Strike+1"],"picked":"Flame Barrier+1","floor":29.0},{"not_picked":["Rupture","Rampage","Dropkick"],"picked":"SKIP","floor":30.0},{"not_picked":["Impervious+1","Berserk"],"picked":"Reaper","floor":33},{"not_picked":["Headbutt","Clothesline+1","Twin Strike+1"],"picked":"SKIP","floor":35},{"not_picked":["Sword Boomerang+1","Power Through+1"],"picked":"True Grit+1","floor":36},{"not_picked":["Headbutt","Thunderclap"],"picked":"Wild Strike+1","floor":39},{"not_picked":["Twin Strike+1","Reckless Charge"],"picked":"Impervious+1","floor":40},{"not_picked":["Metallicize+1","Rage+1"],"picked":"Inflame+1","floor":42},{"not_picked":["Carnage","Power Through+1","Thunderclap"],"picked":"SKIP","floor":45},{"not_picked":["Cleave+1","Pummel+1"],"picked":"Disarm+1","floor":46}],"player_experience":869175,"relics_obtained":[{"floor":6.0,"key":"War Paint"},{"floor":7.0,"key":"Bottled Lightning"},{"floor":8.0,"key":"Potion Belt"},{"floor":9.0,"key":"Shuriken"},{"floor":12.0,"key":"Toxic Egg 2"},{"floor":24.0,"key":"MawBank"},{"floor":26.0,"key":"Unceasing Top"},{"floor":27.0,"key":"Kunai"},{"floor":30.0,"key":"Red Skull"},{"floor":38,"key":"Shovel"},{"floor":39,"key":"Incense Burner"},{"floor":40,"key":"Pear"},{"floor":41,"key":"Gremlin Horn"},{"floor":42,"key":"Ginger"},{"floor":43,"key":"Dream Catcher"},{"floor":44,"key":"FossilizedHelix"},{"floor":49,"key":"Mercury Hourglass"}],"event_choices":[{"damage_healed":0.0,"max_hp_gain":0.0,"max_hp_loss":0.0,"gold_gain":0.0,"event_name":"Golden Idol","player_choice":"Take Damage","floor":2.0,"gold_loss":0.0,"damage_taken":20.0,"relics_obtained":["Golden Idol"]},{"damage_healed":0.0,"max_hp_gain":0.0,"max_hp_loss":0.0,"gold_gain":0.0,"cards_transformed":["Strike_R"],"event_name":"Living Wall","player_choice":"Change","floor":3.0,"gold_loss":0.0,"damage_taken":0.0,"cards_obtained":["Sword Boomerang"]},{"damage_healed":0.0,"max_hp_gain":0.0,"max_hp_loss":0.0,"gold_gain":0.0,"event_name":"Scrap Ooze","player_choice":"Success","floor":4.0,"gold_loss":0.0,"damage_taken":7.0,"relics_obtained":["Turnip"]},{"damage_healed":0.0,"max_hp_gain":0.0,"max_hp_loss":0.0,"gold_gain":0.0,"event_name":"Dead Adventurer","player_choice":"Searched \u00272\u0027 times","floor":7.0,"gold_loss":0.0,"damage_taken":0.0},{"damage_healed":0.0,"max_hp_gain":0.0,"max_hp_loss":0.0,"gold_gain":0.0,"cards_transformed":["Strike_R"],"event_name":"Transmorgrifier","player_choice":"Transformed","floor":20.0,"gold_loss":0.0,"damage_taken":0.0,"cards_obtained":["Intimidate"]},{"damage_healed":0,"gold_gain":0,"player_choice":"Fight","damage_taken":0,"max_hp_gain":0,"max_hp_loss":0,"event_name":"Mysterious Sphere","floor":38,"gold_loss":0},{"damage_healed":0,"gold_gain":0,"player_choice":"Fight","damage_taken":0,"max_hp_gain":0,"max_hp_loss":0,"event_name":"MindBloom","floor":39,"gold_loss":0},{"damage_healed":0,"gold_gain":333,"player_choice":"Gave Idol","damage_taken":0,"max_hp_gain":0,"max_hp_loss":0,"event_name":"The Moai Head","floor":47,"relics_lost":["Golden Idol"],"gold_loss":0}],"is_beta":false,"boss_relics":[{"not_picked":["Lizard Tail","Runic Cube"],"picked":"Sozu"},{"not_picked":["Runic Pyramid","White Beast Statue"],"picked":"Runic Dome"}],"items_purged_floors":[10,19,37,48],"is_endless":false,"potions_floor_spawned":[1,13,18,22,27,30,36,39,42,46],"ascension_level":11}