{"gold_per_floor":[113,113,127,145,145,145,162,178,231,66,79,79,79,97,97,195,195,209,228,46,46,59,59],"floor_reached":23,"playtime":1101,"items_purged":["Pain"],"score":213,"play_id":"a99a092e-c37c-4dfc-8baa-274d74684074","local_time":"20190608120909","is_ascension_mode":true,"campfire_choices":[{"data":"Gash","floor":6,"key":"SMITH"},{"floor":13,"key":"REST"},{"data":"Hologram","floor":15,"key":"SMITH"}],"neow_cost":"CURSE","seed_source_timestamp":98151099621583,"circlet_count":0,"master_deck":["Strike_B","Strike_B","Strike_B","Strike_B","Defend_B","Defend_B","Defend_B","Defend_B","Zap","Dualcast","Good Instincts","Jack Of All Trades","Reinforced Body+1","Cold Snap","Gash+1","Hologram+1","Madness","Hologram","White Noise","Amplify","Chill","Hologram","Apotheosis"],"relics":["Cracked Core","CultistMask","Tiny Chest","Bag of Preparation","Sozu"],"potions_floor_usage":[18],"damage_taken":[{"damage":3,"enemies":"2 Louse","floor":1,"turns":3},{"damage":2,"enemies":"Cultist","floor":3,"turns":3},{"damage":1,"enemies":"Small Slimes","floor":4,"turns":3},{"damage":13,"enemies":"Exordium Thugs","floor":7,"turns":5},{"damage":14,"enemies":"Red Slaver","floor":8,"turns":4},{"damage":6,"enemies":"Looter","floor":11,"turns":3},{"damage":6,"enemies":"Blue Slaver","floor":14,"turns":4},{"damage":26,"enemies":"The Guardian","floor":16,"turns":11},{"damage":22,"enemies":"3 Byrds","floor":18,"turns":7},{"damage":12,"enemies":"Spheric Guardian","floor":19,"turns":6},{"damage":44,"enemies":"Cultist and Chosen","floor":22,"turns":9},{"damage":33,"enemies":"Slavers","floor":23,"turns":5}],"seed_played":"7020191868434846214","potions_obtained":[{"floor":1,"key":"LiquidBronze"},{"floor":3,"key":"Dexterity Potion"},{"floor":14,"key":"SpeedPotion"}],"is_trial":false,"path_per_floor":["M","?","M","M","?","R","M","M","T","$","M","?","R","M","R","B",null,"M","M","$","?","M","E"],"character_chosen":"DEFECT","items_purchased":["Madness","Apotheosis"],"campfire_rested":1,"item_purchase_floors":[10,20],"current_hp_per_floor":[72,72,70,69,69,69,56,42,42,42,36,29,51,45,45,19,75,53,41,41,75,31,0],"gold":59,"neow_bonus":"RANDOM_COLORLESS_2","is_prod":false,"is_daily":false,"chose_seed":false,"campfire_upgraded":2,"win_rate":0,"timestamp":1559988549,"path_taken":["M","?","?","M","?","R","M","M","T","?","?","?","R","M","R","BOSS","M","M","$","?","?","E"],"build_version":"2019-01-23","purchased_purges":1,"victory":false,"max_hp_per_floor":[75,75,75,75,75,75,75,75,75,75,75,75,75,75,75,75,75,75,75,75,75,75,75],"card_choices":[{"not_picked":["Gash","Rebound"],"picked":"Reinforced Body","floor":1},{"not_picked":["Conserve Battery","Compile Driver"],"picked":"Cold Snap","floor":3},{"not_picked":["Loop","Redo"],"picked":"Gash","floor":4},{"not_picked":["Barrage","Streamline"],"picked":"Hologram","floor":7},{"not_picked":["FTL","Darkness","Compile Driver"],"picked":"SKIP","floor":8},{"not_picked":["Reprogram","Heatsinks"],"picked":"Hologram","floor":11},{"not_picked":["Turbo","Darkness"],"picked":"White Noise","floor":14},{"not_picked":["Seek","Multi-Cast"],"picked":"Amplify","floor":16},{"not_picked":["Turbo","Go for the Eyes+1"],"picked":"Chill","floor":18},{"not_picked":["FTL+1","Double Energy"],"picked":"Hologram","floor":19},{"not_picked":["Force Field","Coolheaded","Steam+1"],"picked":"SKIP","floor":22}],"player_experience":221486,"relics_obtained":[{"floor":9,"key":"Tiny Chest"}],"event_choices":[{"damage_healed":0,"gold_gain":0,"player_choice":"Upgraded","damage_taken":0,"max_hp_gain":0,"max_hp_loss":0,"event_name":"Upgrade Shrine","floor":2,"gold_loss":0,"cards_upgraded":["Reinforced Body"]},{"damage_healed":0,"gold_gain":0,"player_choice":"Trade","damage_taken":0,"relics_obtained":["CultistMask"],"max_hp_gain":0,"max_hp_loss":0,"event_name":"FaceTrader","floor":5,"gold_loss":0},{"damage_healed":0,"gold_gain":0,"player_choice":"Success","damage_taken":7,"relics_obtained":["Bag of Preparation"],"max_hp_gain":0,"max_hp_loss":0,"event_name":"Scrap Ooze","floor":12,"gold_loss":0},{"damage_healed":34,"gold_gain":0,"player_choice":"Full Heal","damage_taken":0,"max_hp_gain":0,"max_hp_loss":0,"event_name":"Wheel of Change","floor":21,"gold_loss":0}],"is_beta":false,"boss_relics":[{"not_picked":["Astrolabe","White Beast Statue"],"picked":"Sozu"}],"items_purged_floors":[10],"is_endless":false,"potions_floor_spawned":[1,3,14,19,22],"killed_by":"Slavers","ascension_level":3}