{"gold_per_floor":[211,225,236,254,274,301,576,576,576,601,103,103,117,146,146,220,220,236,236,236,255,455,482,494,522,548,578,578,594,623,633,633,706,706,725,301,601,614,627,627,640,640,663,698,920,952,952,970,970,970,970,970,970,32,58,58],"floor_reached":57,"playtime":4881,"items_purged":["Regret"],"score":2959,"play_id":"8a65352e-dcdd-4cbb-98b4-3c6e2211aceb","local_time":"20190721125223","is_ascension_mode":true,"campfire_choices":[{"data":"Hemokinesis","floor":8.0,"key":"SMITH"},{"data":"Bash","floor":12.0,"key":"SMITH"},{"data":"Limit Break","floor":15.0,"key":"SMITH"},{"floor":28.0,"key":"REST"},{"data":"Dark Embrace","floor":32.0,"key":"SMITH"},{"data":"Disarm","floor":40.0,"key":"SMITH"},{"data":"Corruption","floor":42.0,"key":"SMITH"},{"floor":49.0,"key":"RECALL"},{"data":"Dual Wield","floor":53,"key":"SMITH"}],"neow_cost":"NONE","seed_source_timestamp":47275891298835,"circlet_count":0,"master_deck":["AscendersBane","Defend_R","Defend_R","Defend_R","Defend_R","Bash+1","Clothesline","Pommel Strike","Iron Wave","Hemokinesis+1","Anger","Limit Break+1","Shrug It Off","Dark Embrace+1","Disarm+1","Cleave","Feed","Second Wind","J.A.X.","Bite","Bite","Bite","Bite","Bite","Exhume","Feel No Pain","Corruption+1","Uppercut+1","Cleave+1","Sword Boomerang+1","Reaper+1","Pummel+1","Headbutt+1","Headbutt+1","Dual Wield+1","Flex+1","Dual Wield"],"special_seed":0,"relics":["Burning Blood","Mercury Hourglass","Vajra","Ancient Tea Set","OrangePellets","The Courier","Runic Pyramid","Matryoshka","Molten Egg 2","Centennial Puzzle","Red Mask","Darkstone Periapt","Sozu","Torii","Anchor","Lantern","Blood Vial","Prayer Wheel","Red Skull","Kunai","Bag of Preparation","Mummified Hand","Pen Nib","Frozen Eye","Strawberry","StoneCalendar"],"potions_floor_usage":[],"damage_taken":[{"damage":5.0,"enemies":"2 Louse","floor":1.0,"turns":3.0},{"damage":3.0,"enemies":"Cultist","floor":2.0,"turns":4.0},{"damage":4.0,"enemies":"Jaw Worm","floor":3.0,"turns":3.0},{"damage":13.0,"enemies":"3 Louse","floor":4.0,"turns":5.0},{"damage":13.0,"enemies":"Red Slaver","floor":5.0,"turns":4.0},{"damage":13.0,"enemies":"Gremlin Nob","floor":6.0,"turns":3.0},{"damage":29.0,"enemies":"Lagavulin","floor":10.0,"turns":5.0},{"damage":6.0,"enemies":"Lots of Slimes","floor":13.0,"turns":3.0},{"damage":8.0,"enemies":"Gremlin Nob","floor":14.0,"turns":3.0},{"damage":2.0,"enemies":"Slime Boss","floor":16.0,"turns":5.0},{"damage":17.0,"enemies":"3 Byrds","floor":18.0,"turns":6.0},{"damage":28.0,"enemies":"2 Thieves","floor":21.0,"turns":5.0},{"damage":19.0,"enemies":"Gremlin Leader","floor":23.0,"turns":6.0},{"damage":17.0,"enemies":"Cultist and Chosen","floor":24.0,"turns":5.0},{"damage":49.0,"enemies":"Slavers","floor":25.0,"turns":7.0},{"damage":30.0,"enemies":"Masked Bandits","floor":27.0,"turns":7.0},{"damage":25.0,"enemies":"Centurion and Healer","floor":29.0,"turns":18.0},{"damage":27.0,"enemies":"Book of Stabbing","floor":30.0,"turns":6.0},{"damage":9.0,"enemies":"Snecko","floor":31.0,"turns":6.0},{"damage":52.0,"enemies":"Collector","floor":33.0,"turns":8.0},{"damage":10.0,"enemies":"Orb Walker","floor":35.0,"turns":5.0},{"damage":27.0,"enemies":"3 Darklings","floor":38.0,"turns":7.0},{"damage":19.0,"enemies":"Spire Growth","floor":39.0,"turns":6.0},{"damage":22.0,"enemies":"4 Shapes","floor":41.0,"turns":10.0},{"damage":29.0,"enemies":"Giant Head","floor":44.0,"turns":6.0},{"damage":47.0,"enemies":"Reptomancer","floor":46.0,"turns":5.0},{"damage":19.0,"enemies":"Maw","floor":48.0,"turns":7.0},{"damage":43.0,"enemies":"Time Eater","floor":50.0,"turns":10.0},{"damage":171,"enemies":"Donu and Deca","floor":51,"turns":9},{"damage":96,"enemies":"Shield and Spear","floor":55,"turns":6},{"damage":128,"enemies":"The Heart","floor":56,"turns":8}],"seed_played":"5849045883922920840","potions_obtained":[{"floor":3.0,"key":"PowerPotion"},{"floor":4.0,"key":"SkillPotion"},{"floor":6.0,"key":"Dexterity Potion"},{"floor":13.0,"key":"FearPotion"},{"floor":16.0,"key":"Strength Potion"},{"floor":18.0,"key":"EssenceOfSteel"},{"floor":25.0,"key":"Weak Potion"},{"floor":29.0,"key":"SkillPotion"},{"floor":30.0,"key":"SkillPotion"},{"floor":31.0,"key":"PowerPotion"}],"is_trial":false,"path_per_floor":["M","M","M","M","M","E","?","R","T","E","$","R","M","E","R","B",null,"M","?","?","M","?","E","M","E","T","?","R","M","E","M","R","B",null,"M","$","?","M","M","R","M","R","T","E","?","E","?","M","R","B","B",null,"R","$","E","B",null],"character_chosen":"IRONCLAD","items_purchased":["Shrug It Off","OrangePellets","Dark Embrace","Torii","Anchor","Headbutt+1","Kunai","Bag of Preparation","Mummified Hand","Pen Nib","Frozen Eye","Strawberry"],"campfire_rested":1,"item_purchase_floors":[11,11,11,36,36,36,54,54,54,54,54,54],"current_hp_per_floor":[69,72,74,67,60,53,53,53,53,30,30,30,30,28,28,32,64,56,56,54,45,45,49,49,24,24,15,36,47,39,47,47,16,69,77,77,77,89,93,93,94,94,94,82,82,69,69,108,108,111,12,89,89,96,124,124],"gold":58,"neow_bonus":"HUNDRED_GOLD","is_prod":false,"is_daily":false,"chose_seed":false,"campfire_upgraded":7,"win_rate":0,"timestamp":1563727943,"path_taken":["M","M","M","M","M","E","?","R","T","E","$","R","M","E","R","BOSS","M","?","?","M","?","E","?","E","T","?","R","M","E","M","R","BOSS","M","$","?","?","M","R","M","R","T","E","?","E","?","M","R","BOSS","BOSS","R","$","E","BOSS"],"build_version":"2019-07-17","purchased_purges":1,"victory":true,"max_hp_per_floor":[75,75,75,75,75,75,75,75,75,75,75,75,75,75,75,75,75,78,78,54,57,57,60,63,69,69,72,72,78,81,84,84,87,87,87,87,87,90,93,93,99,99,99,102,102,105,105,108,108,111,114,114,114,121,124,124],"card_choices":[{"not_picked":["Havoc","Body Slam"],"picked":"Clothesline","floor":1.0},{"not_picked":["Clothesline","Headbutt"],"picked":"Pommel Strike","floor":2.0},{"not_picked":["Sword Boomerang","True Grit"],"picked":"Iron Wave","floor":3.0},{"not_picked":["Searing Blow","Corruption"],"picked":"Hemokinesis","floor":4.0},{"not_picked":["Cleave","Entrench"],"picked":"Anger","floor":5.0},{"not_picked":["Sword Boomerang","Armaments"],"picked":"Limit Break","floor":6.0},{"not_picked":["Exhume","Pommel Strike","Reckless Charge"],"picked":"SKIP","floor":10.0},{"not_picked":["Thunderclap","Whirlwind"],"picked":"Disarm","floor":13.0},{"not_picked":["Intimidate","Twin Strike"],"picked":"Cleave","floor":14.0},{"not_picked":["Juggernaut","Dark Embrace"],"picked":"Feed","floor":16.0},{"not_picked":["Shrug It Off","Warcry+1"],"picked":"Second Wind","floor":18.0},{"not_picked":["Fire Breathing+1","Sever Soul","Clash+1"],"picked":"SKIP","floor":21.0},{"not_picked":["Cleave","Body Slam"],"picked":"Exhume","floor":23.0},{"not_picked":["Clash","Thunderclap"],"picked":"Feel No Pain","floor":24.0},{"not_picked":["Rupture","Metallicize"],"picked":"Corruption","floor":25.0},{"not_picked":["Combust","Shrug It Off"],"picked":"Uppercut+1","floor":27.0},{"not_picked":["Anger+1","Reckless Charge+1"],"picked":"Cleave+1","floor":29.0},{"not_picked":["Warcry","Reckless Charge+1","Rage"],"picked":"SKIP","floor":30.0},{"not_picked":["Carnage+1","Warcry"],"picked":"Sword Boomerang+1","floor":31.0},{"not_picked":["Brutality","Feed+1"],"picked":"Reaper+1","floor":33.0},{"not_picked":["Fire Breathing+1","Intimidate"],"picked":"Pummel+1","floor":35.0},{"not_picked":["Reckless Charge+1","Shockwave"],"picked":"Headbutt+1","floor":38.0},{"not_picked":["Heavy Blade+1","Dropkick+1","Warcry"],"picked":"SKIP","floor":39.0},{"not_picked":["Headbutt+1","Evolve","Wild Strike+1"],"picked":"SKIP","floor":41.0},{"not_picked":["Seeing Red","Cleave+1","Perfected Strike+1"],"picked":"SKIP","floor":44.0},{"not_picked":["Seeing Red","Twin Strike+1"],"picked":"Dual Wield","floor":46.0},{"not_picked":["Armaments","Ghostly Armor"],"picked":"Flex+1","floor":48.0},{"not_picked":["Intimidate","Whirlwind+1","Flex"],"picked":"SKIP","floor":48.0},{"not_picked":["Twin Strike+1","Combust+1"],"picked":"Dual Wield","floor":55}],"player_experience":972470,"relics_obtained":[{"floor":6.0,"key":"Mercury Hourglass"},{"floor":9.0,"key":"Vajra"},{"floor":10.0,"key":"Ancient Tea Set"},{"floor":14.0,"key":"The Courier"},{"floor":23.0,"key":"Matryoshka"},{"floor":25.0,"key":"Molten Egg 2"},{"floor":26.0,"key":"Centennial Puzzle"},{"floor":27.0,"key":"Red Mask"},{"floor":30.0,"key":"Darkstone Periapt"},{"floor":43.0,"key":"Lantern"},{"floor":43.0,"key":"Blood Vial"},{"floor":44.0,"key":"Prayer Wheel"},{"floor":46.0,"key":"Red Skull"},{"floor":55,"key":"StoneCalendar"}],"event_choices":[{"damage_healed":0.0,"max_hp_gain":0.0,"max_hp_loss":0.0,"gold_gain":275.0,"event_name":"Golden Shrine","player_choice":"Desecrate","floor":7.0,"gold_loss":0.0,"damage_taken":0.0,"cards_obtained":["Regret"]},{"damage_healed":0.0,"max_hp_gain":0.0,"max_hp_loss":0.0,"gold_gain":0.0,"event_name":"Drug Dealer","player_choice":"Obtain J.A.X.","floor":19.0,"gold_loss":0.0,"damage_taken":0.0,"cards_obtained":["J.A.X."]},{"damage_healed":0.0,"max_hp_gain":0.0,"max_hp_loss":24.0,"gold_gain":0.0,"event_name":"Vampires","player_choice":"Became a vampire","floor":20.0,"gold_loss":0.0,"damage_taken":0.0,"cards_obtained":["Bite","Bite","Bite","Bite","Bite"]},{"damage_healed":0.0,"max_hp_gain":0.0,"max_hp_loss":0.0,"gold_gain":200.0,"event_name":"Wheel of Change","player_choice":"Gold","floor":22.0,"gold_loss":0.0,"damage_taken":0.0},{"damage_healed":0.0,"max_hp_gain":0.0,"max_hp_loss":0.0,"gold_gain":0.0,"event_name":"Masked Bandits","player_choice":"Fought Bandits","floor":27.0,"gold_loss":0.0,"damage_taken":0.0},{"damage_healed":0.0,"max_hp_gain":0.0,"max_hp_loss":0.0,"gold_gain":300.0,"event_name":"Wheel of Change","player_choice":"Gold","floor":37.0,"gold_loss":0.0,"damage_taken":0.0},{"damage_healed":0.0,"max_hp_gain":0.0,"max_hp_loss":0.0,"gold_gain":222.0,"event_name":"Tomb of Lord Red Mask","player_choice":"Wore Mask","floor":45.0,"gold_loss":0.0,"damage_taken":0.0},{"damage_healed":0.0,"max_hp_gain":0.0,"max_hp_loss":0.0,"gold_gain":0.0,"event_name":"Lab","player_choice":"Got Potions","floor":47.0,"gold_loss":0.0,"damage_taken":0.0}],"is_beta":false,"boss_relics":[{"not_picked":["Calling Bell","Runic Dome"],"picked":"Runic Pyramid"},{"not_picked":["Black Star","Runic Cube"],"picked":"Sozu"}],"items_purged_floors":[11],"is_endless":false,"potions_floor_spawned":[3,4,6,13,16,18,25,29,30,31,35,38,48,55],"ascension_level":20}