{"gold_per_floor":[113,122,122,22,32,32,32,32,32,83,83,91,91],"floor_reached":13,"playtime":252,"items_purged":["Strike_P"],"score":164,"play_id":"84bb5aaf-fc03-48e2-b442-c5fd70f8b8db","local_time":"20190927021825","is_ascension_mode":true,"campfire_choices":[{"data":"Eruption","floor":6,"key":"SMITH"},{"data":"SignatureMove","floor":8,"key":"SMITH"}],"neow_cost":"TEN_PERCENT_HP_LOSS","seed_source_timestamp":339889322887000,"circlet_count":0,"master_deck":["Strike_P","Strike_P+1","Strike_P+1","Defend_P","Defend_P","Defend_P","Defend_P","Eruption+1","Vigilance","AscMod:ascendersbane","SignatureMove+1"],"relics":["PureWater","Bronze Scales","White Beast Statue","Dream Catcher"],"potions_floor_usage":[13,13],"damage_taken":[{"damage":0,"enemies":"Cultist","floor":1,"turns":3},{"damage":2,"enemies":"Jaw Worm","floor":2,"turns":5},{"damage":2,"enemies":"2 Louse","floor":5,"turns":3},{"damage":22,"enemies":"Lagavulin Event","floor":10,"turns":4},{"damage":0,"enemies":"Blue Slaver","floor":12,"turns":1},{"damage":26,"enemies":"3 Sentries","floor":13,"turns":5}],"seed_played":"-5098904344298732434","potions_obtained":[{"floor":1,"key":"PowerPotion"},{"floor":10,"key":"SkillPotion"},{"floor":12,"key":"Dexterity Potion"}],"is_trial":false,"path_per_floor":["M","M","?","$","M","R","T","R","T","?","?","M","E"],"character_chosen":"WATCHER","items_purchased":[],"campfire_rested":0,"item_purchase_floors":[],"current_hp_per_floor":[55,53,55,55,53,53,53,53,53,31,14,14,0],"gold":91,"neow_bonus":"THREE_RARE_CARDS","is_prod":false,"is_daily":false,"chose_seed":false,"campfire_upgraded":2,"win_rate":0,"timestamp":1569525505,"path_taken":["M","M","?","$","?","R","?","R","T","?","?","?","E"],"build_version":"2019-09-25","purchased_purges":1,"victory":false,"max_hp_per_floor":[55,55,55,55,55,55,55,55,55,55,55,55,55],"card_choices":[{"not_picked":["Pray","DevaForm"],"picked":"SignatureMove","floor":0},{"not_picked":["Evaluate","FlyingSleeves","Weave"],"picked":"SKIP","floor":1},{"not_picked":["Consecrate","ThirdEye","BattleHymn"],"picked":"SKIP","floor":2},{"not_picked":["FlyingSleeves","Swivel","ForeignInfluence"],"picked":"SKIP","floor":5},{"not_picked":["FollowUp","Consecrate","SashWhip"],"picked":"SKIP","floor":12}],"player_experience":1164933,"relics_obtained":[{"floor":7,"key":"Bronze Scales"},{"floor":9,"key":"White Beast Statue"},{"floor":10,"key":"Dream Catcher"}],"event_choices":[{"damage_healed":2,"gold_gain":0,"player_choice":"Full Heal","damage_taken":0,"max_hp_gain":0,"max_hp_loss":0,"event_name":"Wheel of Change","floor":3,"gold_loss":0},{"damage_healed":0,"gold_gain":0,"player_choice":"Searched \u00271\u0027 times","damage_taken":0,"max_hp_gain":0,"max_hp_loss":0,"event_name":"Dead Adventurer","floor":10,"gold_loss":0},{"damage_healed":0,"gold_gain":0,"player_choice":"Entered Light","damage_taken":17,"max_hp_gain":0,"max_hp_loss":0,"event_name":"Shining Light","floor":11,"gold_loss":0,"cards_upgraded":["Strike_P","Strike_P"]}],"is_beta":true,"boss_relics":[],"items_purged_floors":[4],"is_endless":false,"potions_floor_spawned":[1,10,12],"killed_by":"3 Sentries","ascension_level":25}