{"gold_per_floor":[99,99,53,53,53,53,53,53],"floor_reached":8,"playtime":361,"items_purged":[],"score":116,"play_id":"15a8086b-b4dc-4312-b32d-e8f60176af87","local_time":"20190927194313","is_ascension_mode":true,"campfire_choices":[],"neow_cost":"NONE","seed_source_timestamp":1388593582565800,"circlet_count":0,"master_deck":["AscendersBane","Strike_G","Strike_G","Strike_G","Strike_G","Strike_G","Defend_G","Defend_G","Defend_G","Defend_G","Defend_G","Survivor","Neutralize","Poisoned Stab","Quick Slash","Dodge and Roll","Dagger Throw"],"special_seed":0,"relics":["Ectoplasm","Golden Idol","Blood Vial"],"potions_floor_usage":[8,8],"damage_taken":[{"damage":0.0,"enemies":"Small Slimes","floor":1.0,"turns":5.0},{"damage":0.0,"enemies":"2 Louse","floor":4.0,"turns":3.0},{"damage":7.0,"enemies":"Jaw Worm","floor":5.0,"turns":4.0},{"damage":50.0,"enemies":"3 Sentries","floor":6.0,"turns":11.0},{"damage":1,"enemies":"3 Louse","floor":7,"turns":4},{"damage":6,"enemies":"Lagavulin","floor":8,"turns":2}],"seed_played":"-4871666957334756729","potions_obtained":[{"floor":6.0,"key":"AttackPotion"},{"floor":7,"key":"Strength Potion"}],"is_trial":false,"path_per_floor":["M","?","?","M","M","E","M","E"],"character_chosen":"THE_SILENT","items_purchased":[],"campfire_rested":0,"item_purchase_floors":[],"current_hp_per_floor":[59,59,59,59,52,2,3,0],"gold":53,"neow_bonus":"BOSS_RELIC","is_prod":false,"is_daily":false,"chose_seed":false,"campfire_upgraded":0,"win_rate":0,"timestamp":1569627793,"path_taken":["M","?","?","M","M","E","M","E"],"build_version":"2019-07-17","purchased_purges":0,"victory":false,"max_hp_per_floor":[66,60,60,60,60,60,60,60],"card_choices":[{"not_picked":["PiercingWail","Terror"],"picked":"Poisoned Stab","floor":1.0},{"not_picked":["Distraction","Blade Dance"],"picked":"Quick Slash","floor":4.0},{"not_picked":["Bane","Distraction","Tactician"],"picked":"SKIP","floor":5.0},{"not_picked":["Setup","Dagger Spray"],"picked":"Dodge and Roll","floor":6.0},{"not_picked":["Calculated Gamble","Backflip"],"picked":"Dagger Throw","floor":7}],"player_experience":1035298,"relics_obtained":[{"floor":6.0,"key":"Blood Vial"}],"event_choices":[{"damage_healed":0.0,"max_hp_gain":0.0,"max_hp_loss":6.0,"gold_gain":0.0,"event_name":"Golden Idol","player_choice":"Lose Max HP","floor":2.0,"gold_loss":0.0,"damage_taken":0.0,"relics_obtained":["Golden Idol"]},{"damage_healed":0.0,"max_hp_gain":0.0,"max_hp_loss":0.0,"gold_gain":0.0,"event_name":"World of Goop","player_choice":"Left Gold","floor":3.0,"gold_loss":46.0,"damage_taken":0.0}],"is_beta":false,"boss_relics":[],"items_purged_floors":[],"is_endless":false,"potions_floor_spawned":[6,7],"killed_by":"Lagavulin","ascension_level":20}