{"gold_per_floor":[112,130,130,149,149,149,167,167,167,198,26,26,52,68,68,165,165,154,79,79,98,98,131,131,163,163,69,85,112,27,45,45,45],"floor_reached":33,"playtime":1889,"items_purged":[],"score":410,"play_id":"f77d8a43-431e-4675-a9c5-7fa3a6aef3a6","local_time":"20190611104556","is_ascension_mode":true,"campfire_choices":[{"data":"Entrench","floor":6,"key":"SMITH"},{"data":"Flame Barrier","floor":8,"key":"SMITH"},{"floor":12,"key":"REST"},{"data":"Shrug It Off","floor":15,"key":"SMITH"},{"floor":24,"key":"REST"},{"floor":32,"key":"REST"}],"neow_cost":"NONE","seed_source_timestamp":173824313473333,"circlet_count":0,"master_deck":["Bash","Burning Pact","Flame Barrier+1","Double Tap","Dual Wield","Clothesline","Entrench+1","Bludgeon","Reckless Charge","Whirlwind","Shrug It Off+1","Shrug It Off","Shrug It Off","Mayhem+1","Flame Barrier","Clothesline","Limit Break","Cleave+1","Spot Weakness","Carnage+1","Body Slam","Flash of Steel","Finesse","Dropkick+1"],"relics":["Pandora\u0027s Box","Frozen Egg 2","Gremlin Horn","Omamori","Happy Flower","Odd Mushroom","Lizard Tail","Bag of Preparation","Thread and Needle","Smiling Mask","Bottled Lightning","Mercury Hourglass"],"potions_floor_usage":[21,29,29,33,33],"damage_taken":[{"damage":0,"enemies":"Cultist","floor":1,"turns":2},{"damage":6,"enemies":"Small Slimes","floor":2,"turns":2},{"damage":12,"enemies":"Jaw Worm","floor":4,"turns":3},{"damage":0,"enemies":"2 Fungi Beasts","floor":7,"turns":3},{"damage":20,"enemies":"Gremlin Nob","floor":10,"turns":4},{"damage":9,"enemies":"The Mushroom Lair","floor":13,"turns":5},{"damage":0,"enemies":"Exordium Wildlife","floor":14,"turns":2},{"damage":15,"enemies":"Hexaghost","floor":16,"turns":9},{"damage":3,"enemies":"2 Thieves","floor":18,"turns":4},{"damage":4,"enemies":"Spheric Guardian","floor":21,"turns":4},{"damage":34,"enemies":"Slavers","floor":23,"turns":8},{"damage":25,"enemies":"Book of Stabbing","floor":25,"turns":5},{"damage":10,"enemies":"Centurion and Healer","floor":28,"turns":4},{"damage":0,"enemies":"Gremlin Leader","floor":29,"turns":4},{"damage":0,"enemies":"3 Cultists","floor":31,"turns":5},{"damage":99,"enemies":"Automaton","floor":33,"turns":12}],"seed_played":"10685153790834048","potions_obtained":[{"floor":2,"key":"Dexterity Potion"},{"floor":4,"key":"Dexterity Potion"},{"floor":7,"key":"Energy Potion"},{"floor":14,"key":"SkillPotion"},{"floor":16,"key":"Explosive Potion"},{"floor":21,"key":"SkillPotion"},{"floor":31,"key":"EssenceOfSteel"}],"is_trial":false,"path_per_floor":["M","M","?","M","?","R","M","R","T","E","$","R","?","M","R","B",null,"M","?","?","M","?","E","R","E","T","$","M","E","$","M","R","B"],"character_chosen":"IRONCLAD","items_purchased":["Mayhem+1","Flash of Steel","Finesse"],"campfire_rested":3,"item_purchase_floors":[11,27,30],"current_hp_per_floor":[80,74,74,62,50,50,50,50,50,30,30,54,45,45,45,30,68,65,65,65,61,61,27,51,26,26,26,16,16,16,16,40,0],"gold":45,"neow_bonus":"BOSS_RELIC","is_prod":false,"is_daily":false,"chose_seed":false,"campfire_upgraded":3,"win_rate":0,"timestamp":1560242756,"path_taken":["M","M","?","?","?","R","M","R","T","E","$","R","?","M","R","BOSS","M","?","?","?","?","E","R","E","T","?","M","E","$","M","R","BOSS"],"build_version":"2019-01-23","purchased_purges":0,"victory":false,"max_hp_per_floor":[80,80,80,80,80,80,80,80,80,80,80,80,80,80,80,80,80,80,80,80,80,80,80,80,80,80,80,80,80,80,80,80,80],"card_choices":[{"not_picked":["Armaments","Clothesline"],"picked":"Whirlwind","floor":1},{"not_picked":["Iron Wave","Clash"],"picked":"Shrug It Off","floor":2},{"not_picked":["Clash","Havoc","Thunderclap"],"picked":"SKIP","floor":4},{"not_picked":["Warcry","Brutality+1"],"picked":"Shrug It Off","floor":7},{"not_picked":["Infernal Blade","Evolve+1"],"picked":"Shrug It Off","floor":10},{"not_picked":["Heavy Blade","Anger"],"picked":"Flame Barrier","floor":13},{"not_picked":["Ghostly Armor","Anger"],"picked":"Clothesline","floor":14},{"not_picked":["Bludgeon","Fiend Fire"],"picked":"Limit Break","floor":16},{"not_picked":["Havoc","Clothesline"],"picked":"Cleave+1","floor":18},{"not_picked":["Twin Strike+1","Thunderclap","Iron Wave"],"picked":"SKIP","floor":21},{"not_picked":["Evolve+1","Anger"],"picked":"Carnage+1","floor":23},{"not_picked":["Clothesline+1","Armaments"],"picked":"Body Slam","floor":25},{"not_picked":["Clothesline","Havoc+1","Body Slam"],"picked":"SKIP","floor":28},{"not_picked":["Twin Strike","True Grit","Cleave"],"picked":"SKIP","floor":29},{"not_picked":["Combust+1","Body Slam"],"picked":"Dropkick+1","floor":31}],"player_experience":248914,"relics_obtained":[{"floor":9,"key":"Omamori"},{"floor":10,"key":"Happy Flower"},{"floor":13,"key":"Odd Mushroom"},{"floor":23,"key":"Thread and Needle"},{"floor":25,"key":"Smiling Mask"},{"floor":26,"key":"Bottled Lightning"},{"floor":29,"key":"Mercury Hourglass"}],"event_choices":[{"damage_healed":0,"gold_gain":0,"player_choice":"Gave Potion","damage_taken":0,"relics_obtained":["Frozen Egg 2"],"max_hp_gain":0,"max_hp_loss":0,"event_name":"WeMeetAgain","floor":3,"gold_loss":0},{"damage_healed":0,"gold_gain":0,"player_choice":"Success","damage_taken":12,"relics_obtained":["Gremlin Horn"],"max_hp_gain":0,"max_hp_loss":0,"event_name":"Scrap Ooze","floor":5,"gold_loss":0},{"damage_healed":0,"gold_gain":0,"player_choice":"Fought Mushrooms","damage_taken":0,"max_hp_gain":0,"max_hp_loss":0,"event_name":"Mushrooms","floor":13,"gold_loss":0},{"cards_removed":["Hemokinesis"],"damage_healed":0,"gold_gain":0,"player_choice":"Gave Gold","damage_taken":0,"max_hp_gain":0,"max_hp_loss":0,"event_name":"Beggar","floor":19,"gold_loss":75},{"damage_healed":0,"gold_gain":0,"player_choice":"Opened","damage_taken":0,"relics_obtained":["Bag of Preparation"],"max_hp_gain":0,"max_hp_loss":0,"event_name":"The Mausoleum","floor":20,"gold_loss":0,"cards_obtained":["Writhe"]},{"damage_healed":0,"gold_gain":0,"player_choice":"Read","damage_taken":0,"max_hp_gain":0,"max_hp_loss":0,"event_name":"The Library","floor":22,"gold_loss":0,"cards_obtained":["Spot Weakness"]}],"is_beta":false,"boss_relics":[{"not_picked":["Velvet Choker","Coffee Dripper"],"picked":"Lizard Tail"}],"items_purged_floors":[],"is_endless":false,"potions_floor_spawned":[2,4,7,14,16,21,31],"killed_by":"Automaton","ascension_level":5}