{"gold_per_floor":[111,131,151,162,181,210,210,220,220,254,102,121,121,121,121,121],"floor_reached":16,"playtime":1266,"items_purged":["Strike_G"],"score":211,"play_id":"3a728d4d-34e7-4060-969f-d92bdf986730","local_time":"20190728150417","is_ascension_mode":true,"campfire_choices":[{"floor":7,"key":"REST"},{"floor":13,"key":"REST"},{"floor":15,"key":"REST"}],"neow_cost":"NONE","seed_source_timestamp":359262881954885,"circlet_count":0,"master_deck":["AscendersBane","Strike_G+1","Strike_G+1","Strike_G","Strike_G","Defend_G","Defend_G","Defend_G","Defend_G","Defend_G","Survivor","Neutralize","Calculated Gamble","Backflip","Poisoned Stab","Cloak And Dagger","Deadly Poison","Backstab","Catalyst","Escape Plan","Flechettes"],"relics":["Ring of the Snake","Bag of Preparation","Darkstone Periapt","Juzu Bracelet"],"potions_floor_usage":[5,6,10,16],"damage_taken":[{"damage":4,"enemies":"Jaw Worm","floor":1,"turns":7},{"damage":3,"enemies":"Cultist","floor":2,"turns":5},{"damage":0,"enemies":"2 Louse","floor":3,"turns":3},{"damage":26,"enemies":"Large Slime","floor":4,"turns":10},{"damage":1,"enemies":"Lots of Slimes","floor":5,"turns":3},{"damage":20,"enemies":"Lagavulin","floor":6,"turns":8},{"damage":0,"enemies":"2 Fungi Beasts","floor":8,"turns":3},{"damage":30,"enemies":"Gremlin Nob","floor":10,"turns":4},{"damage":0,"enemies":"Exordium Wildlife","floor":12,"turns":3},{"damage":23,"enemies":"Hexaghost","floor":16,"turns":11}],"seed_played":"-660627232473260701","potions_obtained":[{"floor":3,"key":"GhostInAJar"},{"floor":4,"key":"AttackPotion"},{"floor":8,"key":"PowerPotion"},{"floor":10,"key":"Dexterity Potion"}],"is_trial":false,"path_per_floor":["M","M","M","M","M","E","R","M","T","E","$","M","R","?","R","B"],"character_chosen":"THE_SILENT","items_purchased":["Escape Plan"],"campfire_rested":3,"item_purchase_floors":[11],"current_hp_per_floor":[61,58,58,32,31,11,32,32,32,2,2,2,23,1,22,0],"gold":121,"neow_bonus":"TEN_PERCENT_HP_BONUS","is_prod":false,"is_daily":false,"chose_seed":false,"campfire_upgraded":0,"win_rate":0,"timestamp":1564344257,"path_taken":["M","M","M","M","M","E","R","M","T","E","$","M","R","?","R","BOSS"],"build_version":"2019-07-17","purchased_purges":1,"victory":false,"max_hp_per_floor":[72,72,72,72,72,72,72,72,72,72,72,72,72,72,72,72],"card_choices":[{"not_picked":["Cloak And Dagger","Bane"],"picked":"Calculated Gamble","floor":1},{"not_picked":["Flying Knee","Finisher"],"picked":"Backflip","floor":2},{"not_picked":["Expertise","Flying Knee"],"picked":"Poisoned Stab","floor":3},{"not_picked":["PiercingWail","Acrobatics"],"picked":"Cloak And Dagger","floor":4},{"not_picked":["Skewer","Dagger Throw"],"picked":"Deadly Poison","floor":5},{"not_picked":["Prepared","Backflip"],"picked":"Backstab","floor":6},{"not_picked":["Bane","Deadly Poison"],"picked":"Catalyst","floor":8},{"not_picked":["Finisher","Phantasmal Killer","Choke"],"picked":"SKIP","floor":10},{"not_picked":["Concentrate","Accuracy"],"picked":"Flechettes","floor":12}],"player_experience":1649309,"relics_obtained":[{"floor":6,"key":"Bag of Preparation"},{"floor":9,"key":"Darkstone Periapt"},{"floor":10,"key":"Juzu Bracelet"}],"event_choices":[{"damage_healed":0,"gold_gain":0,"player_choice":"Entered Light","damage_taken":22,"max_hp_gain":0,"max_hp_loss":0,"event_name":"Shining Light","floor":14,"gold_loss":0,"cards_upgraded":["Strike_G","Strike_G"]}],"is_beta":false,"boss_relics":[],"items_purged_floors":[11],"is_endless":false,"potions_floor_spawned":[3,4,8,10],"killed_by":"Hexaghost","ascension_level":17}