{"gold_per_floor":[11,25,41,41,59,59,84,84,111,111],"floor_reached":10,"playtime":343,"items_purged":[],"score":136,"play_id":"02990642-ec04-41eb-b667-572974c3d1a0","local_time":"20190415190452","is_ascension_mode":true,"campfire_choices":[{"data":"Bash","floor":6.0,"key":"SMITH"},{"floor":8,"key":"REST"}],"neow_cost":"NO_GOLD","seed_source_timestamp":264497205704300,"circlet_count":0,"master_deck":["AscendersBane","Strike_R","Strike_R","Strike_R","Strike_R","Strike_R","Defend_R","Defend_R","Defend_R","Defend_R","Bash+1","Rampage","Shrug It Off"],"special_seed":0,"relics":["Burning Blood","Magic Flower","Art of War","Juzu Bracelet"],"potions_floor_usage":[7],"damage_taken":[{"damage":18.0,"enemies":"Jaw Worm","floor":1.0,"turns":7.0},{"damage":15.0,"enemies":"2 Louse","floor":2.0,"turns":2.0},{"damage":3.0,"enemies":"Cultist","floor":3.0,"turns":4.0},{"damage":19.0,"enemies":"Red Slaver","floor":5.0,"turns":8.0},{"damage":47,"enemies":"Lagavulin","floor":7,"turns":7},{"damage":28,"enemies":"Gremlin Nob","floor":10,"turns":4}],"seed_played":"4624991934164045697","potions_obtained":[{"floor":1.0,"key":"PowerPotion"},{"floor":5.0,"key":"FearPotion"}],"is_trial":false,"path_per_floor":["M","M","M","?","M","R","E","R","T","E"],"character_chosen":"IRONCLAD","items_purchased":[],"campfire_rested":1,"item_purchase_floors":[],"current_hp_per_floor":[59,53,59,64,54,54,16,40,40,12],"gold":111,"neow_bonus":"ONE_RARE_RELIC","is_prod":false,"is_daily":false,"chose_seed":false,"campfire_upgraded":1,"win_rate":0,"timestamp":1555369492,"path_taken":["M","M","M","?","M","R","E","R","T","E"],"build_version":"2019-01-23","purchased_purges":0,"victory":false,"max_hp_per_floor":[75,75,75,80,80,80,80,80,80,80],"card_choices":[{"not_picked":["Intimidate","Thunderclap"],"picked":"Rampage","floor":1.0},{"not_picked":["True Grit","Power Through"],"picked":"Shrug It Off","floor":2.0},{"not_picked":["Heavy Blade","Havoc","Iron Wave"],"picked":"SKIP","floor":3.0},{"not_picked":["Iron Wave","Sword Boomerang","Warcry"],"picked":"SKIP","floor":5.0},{"not_picked":["Dropkick","Thunderclap","Iron Wave"],"picked":"SKIP","floor":7}],"player_experience":699932,"relics_obtained":[{"floor":7,"key":"Art of War"},{"floor":9,"key":"Juzu Bracelet"}],"event_choices":[{"damage_healed":0.0,"max_hp_gain":5.0,"max_hp_loss":0.0,"gold_gain":0.0,"event_name":"Big Fish","player_choice":"Donut","floor":4.0,"gold_loss":0.0,"damage_taken":0.0}],"is_beta":false,"boss_relics":[],"items_purged_floors":[],"is_endless":false,"potions_floor_spawned":[1,5],"killed_by":"Gremlin Nob","ascension_level":20}