{"gold_per_floor":[114,129,144,8,23,53,68,83,133,148,148,178,193,208,208,308,308,323,422,437,487,502,562,577,592,592,607,622,637,667,15,15,115,115,130,17,32,32,32,32,62,62,87,102,132,147,162,178,178,178],"floor_reached":51,"playtime":1051,"items_purged":[],"score":1344,"play_id":"6a536e7d-b6e1-4278-ac23-b7f746ca8185","local_time":"20180731140252","daily_mods":["Brewmaster","Time Dilation","Hoarder"],"is_ascension_mode":false,"campfire_choices":[{"data":"Mind Blast","floor":15,"key":"SMITH"},{"data":"Mind Blast","floor":32,"key":"SMITH"},{"data":"Mind Blast","floor":40,"key":"SMITH"},{"data":"Mind Blast","floor":42,"key":"SMITH"},{"data":"Mind Blast","floor":49,"key":"SMITH"}],"neow_cost":"","seed_source_timestamp":0,"circlet_count":0,"master_deck":["Strike_R","Strike_R","Strike_R","Strike_R","Strike_R","Defend_R","Defend_R","Defend_R","Defend_R","Bash","Venomology","Venomology","Venomology","Venomology","Venomology","Venomology","Venomology","Venomology","Venomology","Venomology","Venomology","Venomology","Venomology","Venomology","Venomology","Shrug It Off","Shrug It Off","Shrug It Off","Perfected Strike","Perfected Strike","Perfected Strike","Twin Strike","Twin Strike","Twin Strike","Mind Blast+1","Mind Blast","Mind Blast+1","Feel No Pain","Feel No Pain","Feel No Pain","Clothesline","Clothesline","Clothesline","Pommel Strike","Pommel Strike","Pommel Strike","Whirlwind","Whirlwind","Whirlwind","Pommel Strike","Pommel Strike","Spot Weakness","Spot Weakness","Spot Weakness","Regret","Regret","Regret","Demon Form","Demon Form","Demon Form","Flame Barrier","Flame Barrier","Flame Barrier","Bloodletting","Bloodletting","Bloodletting","Immolate","Immolate","Immolate","True Grit","True Grit","True Grit","Havoc","Havoc","Havoc","Dropkick+1","Dropkick+1","Dropkick+1","Pommel Strike+1","Pommel Strike+1","Pommel Strike+1","Pommel Strike+1","Pommel Strike+1","Pommel Strike+1","Dropkick","Dropkick","Dropkick","Flex+1","Flex+1","Flex+1","Whirlwind","Whirlwind","Whirlwind","Clash","Clash","Clash","Flex","Flex","Flex","Shrug It Off","Shrug It Off","Shrug It Off","Feel No Pain","Feel No Pain","Feel No Pain","True Grit","True Grit","True Grit","Wild Strike","Wild Strike","Wild Strike","Sever Soul","Sever Soul","Sever Soul","Armaments","Armaments","Armaments","Offering","Offering","Offering","Headbutt","Headbutt","Headbutt","Iron Wave","Iron Wave","Iron Wave","Shrug It Off+1","Shrug It Off+1","Shrug It Off+1","Mind Blast","Mind Blast","Mind Blast+1","Mind Blast+1","Mind Blast","Mind Blast+1","Dramatic Entrance","Dramatic Entrance","Dramatic Entrance","Armaments+1","Armaments+1","Armaments+1","Flex","Flex","Flex","Metallicize","Metallicize","Metallicize","Anger+1","Anger+1","Anger+1","Thunderclap+1","Thunderclap+1","Thunderclap+1","Warcry","Warcry","Warcry"],"special_seed":17743,"relics":["Burning Blood","White Beast Statue","Blood Vial","Bag of Marbles","Charon\u0027s Ashes","Turnip","Coffee Dripper","Tiny Chest","The Courier","StoneCalendar","Centennial Puzzle","Anchor","Membership Card","Eternal Feather","Juzu Bracelet","Blue Candle","Ancient Tea Set","Bronze Scales","Gambling Chip"],"potions_floor_usage":[1,1,1,1,2,2,2,2,3,3,6,6,6,6,6,6,6,6,6,7,8,8,8,8,8,8,10,10,12,12,12,12,14,14,14,16,16,16,16,16,25,29,29,30,33,33,47],"damage_taken":[{"damage":6,"enemies":"Cultist","floor":1,"turns":5},{"damage":10,"enemies":"Small Slimes","floor":2,"turns":5},{"damage":5,"enemies":"2 Louse","floor":3,"turns":3},{"damage":7,"enemies":"Blue Slaver","floor":5,"turns":2},{"damage":4,"enemies":"3 Sentries","floor":6,"turns":5},{"damage":0,"enemies":"Exordium Wildlife","floor":7,"turns":1},{"damage":0,"enemies":"Exordium Thugs","floor":8,"turns":4},{"damage":6,"enemies":"3 Louse","floor":10,"turns":2},{"damage":0,"enemies":"Lagavulin","floor":12,"turns":1},{"damage":0,"enemies":"Looter","floor":13,"turns":1},{"damage":11,"enemies":"Gremlin Gang","floor":14,"turns":5},{"damage":19,"enemies":"The Guardian","floor":16,"turns":4},{"damage":0,"enemies":"3 Byrds","floor":18,"turns":3},{"damage":0,"enemies":"Chosen","floor":20,"turns":1},{"damage":0,"enemies":"Snake Plant","floor":22,"turns":1},{"damage":0,"enemies":"Gremlin Leader","floor":23,"turns":1},{"damage":0,"enemies":"Centurion and Healer","floor":24,"turns":1},{"damage":0,"enemies":"3 Cultists","floor":25,"turns":2},{"damage":0,"enemies":"Snecko","floor":27,"turns":1},{"damage":0,"enemies":"Sentry and Sphere","floor":28,"turns":1},{"damage":0,"enemies":"3 Cultists","floor":29,"turns":3},{"damage":0,"enemies":"Slavers","floor":30,"turns":1},{"damage":0,"enemies":"Champ","floor":33,"turns":1},{"damage":0,"enemies":"Flame Bruiser 1 Orb","floor":35,"turns":1},{"damage":0,"enemies":"3 Shapes","floor":37,"turns":1},{"damage":0,"enemies":"Giant Head","floor":41,"turns":1},{"damage":0,"enemies":"Maw","floor":44,"turns":1},{"damage":0,"enemies":"Nemesis","floor":45,"turns":1},{"damage":0,"enemies":"Spire Growth","floor":46,"turns":1},{"damage":0,"enemies":"Transient","floor":47,"turns":3},{"damage":0,"floor":48,"turns":1},{"damage":0,"enemies":"Time Eater","floor":50,"turns":1}],"seed_played":"4161929215003559377","potions_obtained":[{"floor":1,"key":"Poison Potion"},{"floor":3,"key":"FearPotion"},{"floor":7,"key":"SteroidPotion"},{"floor":10,"key":"AttackPotion"},{"floor":12,"key":"Block Potion"},{"floor":13,"key":"Regen Potion"},{"floor":16,"key":"Regen Potion"},{"floor":18,"key":"EssenceOfSteel"},{"floor":25,"key":"Energy Potion"},{"floor":30,"key":"SpeedPotion"},{"floor":33,"key":"FearPotion"},{"floor":35,"key":"GamblersBrew"}],"is_trial":false,"path_per_floor":["M","M","M","$","M","E","M","M","T","M","?","E","M","M","R","B",null,"M","?","M","?","M","E","M","M","T","M","M","M","E","$","R","B",null,"M","$","M","?","?","R","E","R","T","M","E","M","M","?","R","B"],"character_chosen":"IRONCLAD","items_purchased":["Mind Blast","Feel No Pain","Shrug It Off","Feel No Pain","True Grit","Wild Strike","Centennial Puzzle","Anchor","Membership Card","Sever Soul","Armaments","Juzu Bracelet","Iron Wave"],"campfire_rested":0,"item_purchase_floors":[4,4,31,31,31,31,31,31,31,31,31,36,36],"current_hp_per_floor":[80,76,77,77,76,80,80,80,80,80,80,80,80,80,80,67,80,80,80,80,80,80,80,80,80,80,80,80,80,80,80,80,80,80,80,80,80,80,70,80,80,80,80,80,80,80,80,80,80,80],"gold":178,"neow_bonus":"","is_prod":false,"is_daily":true,"chose_seed":false,"campfire_upgraded":5,"win_rate":0,"timestamp":1533020572,"path_taken":["M","M","M","$","M","E","M","M","T","M","?","E","M","M","R","BOSS","M","?","M","?","?","E","M","M","T","?","M","?","E","?","R","BOSS","M","$","M","?","?","R","E","R","T","M","E","M","M","?","R","BOSS"],"build_version":"2018-07-30","purchased_purges":0,"victory":true,"max_hp_per_floor":[80,80,80,80,80,80,80,80,80,80,80,80,80,80,80,80,80,80,80,80,80,80,80,80,80,80,80,80,80,80,80,80,80,80,80,80,80,80,80,80,80,80,80,80,80,80,80,80,80,80],"card_choices":[{"not_picked":["Headbutt","Blood for Blood"],"picked":"Shrug It Off","floor":1},{"not_picked":["Metallicize","Sentinel"],"picked":"Perfected Strike","floor":2},{"not_picked":["Body Slam","Feel No Pain"],"picked":"Twin Strike","floor":3},{"not_picked":["Anger","Rampage"],"picked":"Clothesline","floor":5},{"not_picked":["Iron Wave","Inflame"],"picked":"Pommel Strike","floor":6},{"not_picked":["Wild Strike","Barricade"],"picked":"Whirlwind","floor":7},{"not_picked":["Clothesline","Heavy Blade"],"picked":"Pommel Strike","floor":8},{"not_picked":["Power Through","Body Slam"],"picked":"Spot Weakness","floor":10},{"not_picked":["Headbutt","Spot Weakness"],"picked":"Demon Form","floor":12},{"not_picked":["Evolve","True Grit"],"picked":"Flame Barrier","floor":13},{"not_picked":["Armaments","Clash"],"picked":"Bloodletting","floor":14},{"not_picked":["Limit Break","Dark Embrace"],"picked":"Immolate","floor":16},{"not_picked":["Heavy Blade","Searing Blow"],"picked":"True Grit","floor":18},{"not_picked":["Pummel+1","Intimidate"],"picked":"Havoc","floor":20},{"not_picked":["Uppercut+1","Sentinel"],"picked":"Dropkick+1","floor":22},{"not_picked":["Inflame","Anger"],"picked":"Pommel Strike+1","floor":23},{"not_picked":["Warcry+1","Body Slam+1"],"picked":"Pommel Strike+1","floor":24},{"not_picked":["Flex+1","Headbutt"],"picked":"Dropkick","floor":25},{"not_picked":["Disarm","Iron Wave"],"picked":"Flex+1","floor":27},{"not_picked":["Evolve+1","Juggernaut"],"picked":"Whirlwind","floor":28},{"not_picked":["Sword Boomerang","Wild Strike+1"],"picked":"Clash","floor":29},{"not_picked":["Anger","Dark Embrace"],"picked":"Flex","floor":30},{"not_picked":["Limit Break","Brutality"],"picked":"Offering","floor":33},{"not_picked":["Uppercut+1","Wild Strike"],"picked":"Headbutt","floor":35},{"not_picked":["Armaments","Cleave"],"picked":"Shrug It Off+1","floor":37},{"not_picked":["Swift Strike","Panache"],"picked":"Mind Blast","floor":39},{"not_picked":["The Bomb","Bandage Up"],"picked":"Mind Blast","floor":39},{"not_picked":["Thinking Ahead","Metamorphosis"],"picked":"Dramatic Entrance","floor":39},{"not_picked":["Headbutt+1","Anger+1"],"picked":"Armaments+1","floor":41},{"not_picked":["Iron Wave","Anger+1"],"picked":"Flex","floor":44},{"not_picked":["Feel No Pain+1","Rupture"],"picked":"Metallicize","floor":45},{"not_picked":["Havoc+1","Entrench+1"],"picked":"Anger+1","floor":46},{"not_picked":["Shrug It Off+1","Pommel Strike+1"],"picked":"Thunderclap+1","floor":47},{"not_picked":["Twin Strike+1","Rage+1"],"picked":"Warcry","floor":48}],"player_experience":273545,"relics_obtained":[{"floor":6,"key":"Blood Vial"},{"floor":9,"key":"Bag of Marbles"},{"floor":12,"key":"Turnip"},{"floor":23,"key":"Tiny Chest"},{"floor":26,"key":"The Courier"},{"floor":30,"key":"StoneCalendar"},{"floor":41,"key":"Blue Candle"},{"floor":43,"key":"Ancient Tea Set"},{"floor":45,"key":"Bronze Scales"},{"floor":48,"key":"Gambling Chip"}],"event_choices":[{"event_name":"Big Fish","player_choice":"Box","floor":11,"damage_taken":0},{"event_name":"Nest","player_choice":"Stole From Cult","floor":19,"damage_taken":0},{"event_name":"The Joust","player_choice":"Bet on Murderer","floor":21,"damage_taken":0},{"event_name":"Falling","player_choice":"Removed Attack","floor":38,"damage_taken":0},{"event_name":"SensoryStone","player_choice":"Memory 3","floor":39,"damage_taken":0},{"event_name":"Mysterious Sphere","player_choice":"Fight","floor":48,"damage_taken":0}],"is_beta":true,"boss_relics":[{"not_picked":["Runic Pyramid","Black Star"],"picked":"Coffee Dripper"},{"not_picked":["Runic Cube","Fusion Hammer"],"picked":"Eternal Feather"}],"items_purged_floors":[],"is_endless":false,"potions_floor_spawned":[1,2,3,5,6,7,8,10,12,13,14,16,18,20,22,23,24,25,27,28,29,30,33,35,37,41,44,45,46,47,48],"ascension_level":0}