{"gold_per_floor":[117,42,42,62,62,62,62,78,154,174,188,220,297,197,197,295,295,309,309,104,104,104,104],"floor_reached":23,"playtime":936,"items_purged":["Defend_B","Strike_B"],"score":206,"play_id":"b8584b0c-a5e8-4c7f-86f6-9a23a8836274","local_time":"20190601222114","is_ascension_mode":true,"campfire_choices":[{"data":"Rainbow","floor":6,"key":"SMITH"},{"floor":15,"key":"REST"}],"neow_cost":"TEN_PERCENT_HP_LOSS","seed_source_timestamp":132378842152934,"circlet_count":0,"master_deck":["Strike_B","Strike_B","Defend_B","Defend_B","Defend_B","Zap","Dualcast","Hologram","Rainbow+1","Streamline","Echo Form+1","Cold Snap","Streamline","Creative AI+1"],"relics":["Cracked Core","Unceasing Top","Shuriken","Frozen Egg 2","Emotion Chip","Inserter","Medical Kit","MutagenicStrength"],"potions_floor_usage":[16,21],"damage_taken":[{"damage":3,"enemies":"Small Slimes","floor":1,"turns":3},{"damage":0,"enemies":"Cultist","floor":4,"turns":3},{"damage":6,"enemies":"2 Louse","floor":8,"turns":3},{"damage":7,"enemies":"Exordium Wildlife","floor":10,"turns":3},{"damage":10,"enemies":"Exordium Thugs","floor":11,"turns":4},{"damage":19,"enemies":"Gremlin Nob","floor":12,"turns":4},{"damage":28,"enemies":"The Guardian","floor":16,"turns":11},{"damage":17,"enemies":"Spheric Guardian","floor":18,"turns":4},{"damage":42,"enemies":"Colosseum Slavers","floor":21,"turns":5},{"damage":29,"enemies":"Slavers","floor":23,"turns":1}],"seed_played":"6884599679613815731","potions_obtained":[{"floor":10,"key":"Strength Potion"},{"floor":11,"key":"FairyPotion"},{"floor":12,"key":"AttackPotion"}],"is_trial":false,"path_per_floor":["M","$","?","M","$","R","T","M","T","M","M","E","?","$","R","B",null,"M","?","$","?","?","E"],"character_chosen":"DEFECT","items_purchased":["Medical Kit"],"campfire_rested":1,"item_purchase_floors":[20],"current_hp_per_floor":[65,65,65,65,65,65,65,59,59,52,42,23,23,23,43,15,68,51,51,51,9,9,0],"gold":104,"neow_bonus":"ONE_RARE_RELIC","is_prod":false,"is_daily":false,"chose_seed":false,"campfire_upgraded":1,"win_rate":0,"timestamp":1559420474,"path_taken":["M","$","?","?","$","R","?","M","T","M","M","E","?","?","R","BOSS","M","?","$","?","?","E"],"build_version":"2019-01-23","purchased_purges":2,"victory":false,"max_hp_per_floor":[68,68,68,68,68,68,68,68,68,68,68,68,68,68,68,68,68,68,68,68,68,68,68],"card_choices":[{"not_picked":["Turbo","Melter"],"picked":"Hologram","floor":1},{"not_picked":["Sweeping Beam","Ball Lightning"],"picked":"Streamline","floor":4},{"not_picked":["Ball Lightning","Doom and Gloom","Coolheaded"],"picked":"SKIP","floor":8},{"not_picked":["Loop+1","Darkness"],"picked":"Echo Form+1","floor":10},{"not_picked":["Chaos","Barrage"],"picked":"Cold Snap","floor":11},{"not_picked":["Go for the Eyes","Rip and Tear"],"picked":"Streamline","floor":12},{"not_picked":["Machine Learning+1","Electrodynamics+1"],"picked":"Creative AI+1","floor":16},{"not_picked":["Leap","Scrape","Reprogram+1"],"picked":"SKIP","floor":18}],"player_experience":158338,"relics_obtained":[{"floor":7,"key":"Shuriken"},{"floor":9,"key":"Frozen Egg 2"},{"floor":12,"key":"Emotion Chip"}],"event_choices":[{"damage_healed":0,"gold_gain":0,"cards_transformed":["Strike_B"],"player_choice":"Transformed","damage_taken":0,"max_hp_gain":0,"max_hp_loss":0,"event_name":"Transmorgrifier","floor":3,"gold_loss":0,"cards_obtained":["Rainbow"]},{"damage_healed":0,"gold_gain":77,"player_choice":"Gained Gold","damage_taken":0,"max_hp_gain":0,"max_hp_loss":0,"event_name":"Golden Wing","floor":13,"gold_loss":0},{"damage_healed":0,"gold_gain":0,"player_choice":"Ignored","damage_taken":0,"max_hp_gain":0,"max_hp_loss":0,"event_name":"Ghosts","floor":19,"gold_loss":0},{"damage_healed":0,"gold_gain":0,"player_choice":"Fight","damage_taken":0,"max_hp_gain":0,"max_hp_loss":0,"event_name":"Colosseum","floor":21,"gold_loss":0},{"damage_healed":0,"gold_gain":0,"player_choice":"Fled From Nobs","damage_taken":0,"max_hp_gain":0,"max_hp_loss":0,"event_name":"Colosseum","floor":21,"gold_loss":0},{"damage_healed":0,"gold_gain":0,"player_choice":"Inject Mutagens","damage_taken":0,"relics_obtained":["MutagenicStrength"],"max_hp_gain":0,"max_hp_loss":0,"event_name":"Drug Dealer","floor":22,"gold_loss":0}],"is_beta":false,"boss_relics":[{"not_picked":["Empty Cage","Ectoplasm"],"picked":"Inserter"}],"items_purged_floors":[2,14],"is_endless":false,"potions_floor_spawned":[10,11,12,21],"killed_by":"Slavers","ascension_level":2}