{"gold_per_floor":[119,137,23,35,53,78,78,104,104,138,150,162,162,175,175,247,247,217,217,217,217,231,256,256,281,308,340,340,373,373,390,390,468,468,482,1481,517,527,487,487,487],"floor_reached":41,"playtime":4182,"items_purged":["Strike_G","Strike_G"],"score":1153,"play_id":"3ecb06b8-640a-4d34-8a71-3f1167345fcd","local_time":"20190925190259","is_ascension_mode":true,"campfire_choices":[{"floor":7.0,"key":"REST"},{"floor":13.0,"key":"REST"},{"data":"Noxious Fumes","floor":15.0,"key":"SMITH"},{"floor":24.0,"key":"RECALL"},{"floor":28,"key":"REST"},{"floor":30,"key":"REST"},{"floor":32,"key":"REST"},{"floor":40,"key":"REST"}],"neow_cost":"NONE","seed_source_timestamp":1209516045618800,"circlet_count":0,"master_deck":["AscendersBane","Strike_G","Strike_G","Strike_G","Defend_G","Defend_G","Defend_G","Defend_G","Defend_G","Survivor","Neutralize","Infinite Blades","Bouncing Flask","Noxious Fumes+1","Caltrops","Quick Slash","Die Die Die","Sucker Punch+1","Backstab+1","Dodge and Roll","PiercingWail","Malaise","PiercingWail","Ghostly","Ghostly","Ghostly","Noxious Fumes","Dash+1","Well Laid Plans","Night Terror","Leg Sweep","Bouncing Flask+1","PiercingWail+1","PiercingWail+1","PiercingWail","Backflip+1","Master of Strategy"],"special_seed":0,"relics":["Ring of the Snake","Lantern","WingedGreaves","Omamori","Molten Egg 2","Fusion Hammer","Thread and Needle","Ancient Tea Set","Juzu Bracelet","Dream Catcher","Boot","Orrery","Pear","Anchor","ClockworkSouvenir"],"potions_floor_usage":[25,38,41],"damage_taken":[{"damage":0.0,"enemies":"Small Slimes","floor":1.0,"turns":5.0},{"damage":0.0,"enemies":"Jaw Worm","floor":2.0,"turns":4.0},{"damage":0.0,"enemies":"Cultist","floor":4.0,"turns":3.0},{"damage":13.0,"enemies":"Exordium Wildlife","floor":5.0,"turns":4.0},{"damage":34.0,"enemies":"3 Sentries","floor":6.0,"turns":8.0},{"damage":7.0,"enemies":"Lagavulin","floor":8.0,"turns":7.0},{"damage":24.0,"enemies":"Gremlin Nob","floor":10.0,"turns":4.0},{"damage":8.0,"enemies":"Large Slime","floor":11.0,"turns":5.0},{"damage":0.0,"enemies":"Exordium Thugs","floor":12.0,"turns":3.0},{"damage":4.0,"enemies":"Exordium Wildlife","floor":14.0,"turns":3.0},{"damage":18.0,"enemies":"Slime Boss","floor":16.0,"turns":9.0},{"damage":17.0,"enemies":"2 Thieves","floor":18.0,"turns":4.0},{"damage":3.0,"enemies":"Chosen","floor":22.0,"turns":5.0},{"damage":0.0,"enemies":"Gremlin Leader","floor":23.0,"turns":8.0},{"damage":10,"enemies":"Slavers","floor":25,"turns":6},{"damage":0,"enemies":"Book of Stabbing","floor":27,"turns":7},{"damage":22,"enemies":"Gremlin Leader","floor":29,"turns":8},{"damage":0,"enemies":"Snecko","floor":31,"turns":6},{"damage":9,"enemies":"Collector","floor":33,"turns":9},{"damage":13,"enemies":"Orb Walker","floor":35,"turns":4},{"damage":0,"enemies":"3 Darklings","floor":38,"turns":7},{"damage":43,"enemies":"Reptomancer","floor":41,"turns":8}],"seed_played":"7583064885200160378","potions_obtained":[{"floor":1.0,"key":"Block Potion"},{"floor":2.0,"key":"Regen Potion"},{"floor":8.0,"key":"Weak Potion"},{"floor":10.0,"key":"GhostInAJar"},{"floor":14.0,"key":"Energy Potion"},{"floor":16.0,"key":"Weak Potion"},{"floor":18.0,"key":"Strength Potion"},{"floor":31,"key":"GhostInAJar"},{"floor":39,"key":"Block Potion"}],"is_trial":false,"path_per_floor":["M","M","$","M","M","E","R","E","T","E","M","M","R","M","R","B",null,"M","?","?","?","M","E","R","E","T","E","R","E","R","M","R","B",null,"M","?","$","M","?","R","E"],"character_chosen":"THE_SILENT","items_purchased":["Noxious Fumes","Pear","Anchor","ClockworkSouvenir","Master of Strategy"],"campfire_rested":6,"item_purchase_floors":[3,37,37,37,37],"current_hp_per_floor":[59,59,59,59,46,27,46,39,39,15,7,7,26,22,22,4,51,34,33,33,33,30,30,30,20,20,20,29,7,16,16,25,16,29,16,16,26,26,26,38,0],"gold":487,"neow_bonus":"RANDOM_COMMON_RELIC","is_prod":false,"is_daily":false,"chose_seed":false,"campfire_upgraded":1,"win_rate":0,"timestamp":1569452579,"path_taken":["M","M","$","M","M","E","R","E","T","E","M","M","R","M","R","BOSS","M","?","?","?","?","E","R","E","T","E","R","E","R","M","R","BOSS","M","?","$","M","?","R","E"],"build_version":"2019-07-17","purchased_purges":2,"victory":false,"max_hp_per_floor":[66,66,66,66,66,66,66,66,66,66,66,66,66,66,66,66,66,66,33,33,33,33,33,33,33,33,33,33,33,33,33,33,33,33,33,33,43,43,43,43,43],"card_choices":[{"not_picked":["Distraction","Calculated Gamble"],"picked":"Infinite Blades","floor":1.0},{"not_picked":["PiercingWail","Backflip"],"picked":"Bouncing Flask","floor":2.0},{"not_picked":["Flying Knee","Choke"],"picked":"Caltrops","floor":4.0},{"not_picked":["Blade Dance","Sucker Punch"],"picked":"Quick Slash","floor":5.0},{"not_picked":["Flying Knee","Acrobatics","Deflect"],"picked":"SKIP","floor":6.0},{"not_picked":["Tools of the Trade","Cloak And Dagger"],"picked":"Die Die Die","floor":8.0},{"not_picked":["Flying Knee","Concentrate"],"picked":"Sucker Punch","floor":10.0},{"not_picked":["Concentrate","Skewer+1"],"picked":"Backstab+1","floor":11.0},{"not_picked":["Reflex","Tactician"],"picked":"Dodge and Roll","floor":12.0},{"not_picked":["Deadly Poison","Bullet Time"],"picked":"PiercingWail","floor":14.0},{"not_picked":["Bullet Time","A Thousand Cuts"],"picked":"Malaise","floor":16.0},{"not_picked":["Outmaneuver","Backflip"],"picked":"PiercingWail","floor":18.0},{"not_picked":["Setup","Deflect","Sucker Punch+1"],"picked":"SKIP","floor":22.0},{"not_picked":["Leg Sweep","Flying Knee+1"],"picked":"Dash+1","floor":23.0},{"not_picked":["Terror","Reflex"],"picked":"Well Laid Plans","floor":25},{"not_picked":["Catalyst","Tactician"],"picked":"Night Terror","floor":27},{"not_picked":["Deadly Poison","Endless Agony+1","Tactician"],"picked":"SKIP","floor":29},{"not_picked":["Quick Slash+1","Prepared","Expertise"],"picked":"SKIP","floor":31},{"not_picked":["Dagger Spray+1","Cloak And Dagger"],"picked":"Leg Sweep","floor":34},{"not_picked":["Sucker Punch+1","Tactician"],"picked":"Bouncing Flask+1","floor":34},{"not_picked":["Predator+1","Eviscerate+1"],"picked":"PiercingWail+1","floor":34},{"not_picked":["Acrobatics","Choke+1"],"picked":"PiercingWail+1","floor":34},{"not_picked":["Underhanded Strike+1","Blade Dance"],"picked":"PiercingWail","floor":34},{"not_picked":["Calculated Gamble","Sucker Punch+1"],"picked":"Backflip+1","floor":35},{"not_picked":["Storm of Steel","Finisher+1","Cloak And Dagger"],"picked":"SKIP","floor":38}],"player_experience":1029545,"relics_obtained":[{"floor":6.0,"key":"WingedGreaves"},{"floor":8.0,"key":"Omamori"},{"floor":10.0,"key":"Molten Egg 2"},{"floor":23.0,"key":"Thread and Needle"},{"floor":25,"key":"Ancient Tea Set"},{"floor":26,"key":"Juzu Bracelet"},{"floor":27,"key":"Dream Catcher"},{"floor":29,"key":"Boot"}],"event_choices":[{"damage_healed":0.0,"max_hp_gain":0.0,"max_hp_loss":33.0,"gold_gain":0.0,"event_name":"Ghosts","player_choice":"Became a Ghost","floor":19.0,"gold_loss":0.0,"damage_taken":0.0,"cards_obtained":["Ghostly","Ghostly","Ghostly"]},{"damage_healed":0.0,"max_hp_gain":0.0,"max_hp_loss":0.0,"gold_gain":0.0,"event_name":"The Library","player_choice":"Read","floor":20.0,"gold_loss":0.0,"damage_taken":0.0,"cards_obtained":["Noxious Fumes"]},{"damage_healed":0.0,"max_hp_gain":0.0,"max_hp_loss":0.0,"gold_gain":0.0,"event_name":"Match and Keep!","player_choice":"0 cards matched","floor":21.0,"gold_loss":0.0,"damage_taken":0.0,"cards_obtained":[]},{"damage_healed":0,"gold_gain":999,"player_choice":"Gold","damage_taken":0,"max_hp_gain":0,"max_hp_loss":0,"event_name":"MindBloom","floor":36,"gold_loss":0,"cards_obtained":["Normality","Normality"]},{"damage_healed":0,"gold_gain":0,"player_choice":"Bought 3 Potions","damage_taken":0,"max_hp_gain":0,"max_hp_loss":0,"event_name":"The Woman in Blue","floor":39,"gold_loss":0}],"is_beta":false,"boss_relics":[{"not_picked":["Tiny House","Calling Bell"],"picked":"Fusion Hammer"},{"not_picked":["Busted Crown","Ring of the Serpent"],"picked":"Orrery"}],"items_purged_floors":[3,37],"is_endless":false,"potions_floor_spawned":[1,2,8,10,14,16,18,22,31,33,35],"killed_by":"Reptomancer","ascension_level":20}