{"gold_per_floor":[112,126,136,59,76,76,94,94,117,150,167,167,178,192,192,268,268,281,281,292,312,68,68,68],"floor_reached":24,"playtime":1161,"items_purged":["Strike_G"],"score":404,"play_id":"8f31ebb0-47ce-4e85-9767-3943ab245c1d","local_time":"20190501222213","is_ascension_mode":true,"campfire_choices":[{"data":"Noxious Fumes","floor":6,"key":"SMITH"},{"floor":8,"key":"REST"},{"data":"Deadly Poison","floor":12,"key":"SMITH"},{"data":"Corpse Explosion","floor":15,"key":"SMITH"},{"data":"Noxious Fumes","floor":23,"key":"SMITH"}],"neow_cost":"NONE","seed_source_timestamp":858414722036277,"circlet_count":0,"master_deck":["AscendersBane","Defend_G","Defend_G","Defend_G","Defend_G","Defend_G","Strike_G","Strike_G","Strike_G","Strike_G","Survivor","Neutralize","Noxious Fumes+1","Deadly Poison+1","Well Laid Plans+1","Well Laid Plans","Dagger Throw","Backstab","Dodge and Roll","Backflip","Corpse Explosion+1","Leg Sweep+1","Noxious Fumes+1"],"relics":["Ring of the Snake","Dream Catcher","Oddly Smooth Stone","Snecko Eye","Art of War"],"potions_floor_usage":[7,10,10,10,18,24],"damage_taken":[{"damage":2,"enemies":"Cultist","floor":1,"turns":4},{"damage":16,"enemies":"Jaw Worm","floor":2,"turns":6},{"damage":6,"enemies":"Small Slimes","floor":3,"turns":4},{"damage":8,"enemies":"Blue Slaver","floor":5,"turns":5},{"damage":15,"enemies":"Large Slime","floor":7,"turns":6},{"damage":7,"enemies":"Lagavulin","floor":10,"turns":5},{"damage":0,"enemies":"3 Louse","floor":11,"turns":3},{"damage":6,"enemies":"Lots of Slimes","floor":13,"turns":5},{"damage":0,"enemies":"2 Fungi Beasts","floor":14,"turns":2},{"damage":9,"enemies":"Hexaghost","floor":16,"turns":9},{"damage":0,"enemies":"3 Byrds","floor":18,"turns":2},{"damage":10,"enemies":"Shell Parasite","floor":20,"turns":8},{"damage":0,"enemies":"3 Cultists","floor":21,"turns":3},{"damage":51,"enemies":"Book of Stabbing","floor":24,"turns":6}],"seed_played":"4334779279013781799","potions_obtained":[{"floor":1,"key":"EntropicBrew"},{"floor":3,"key":"SteroidPotion"},{"floor":11,"key":"Dexterity Potion"},{"floor":13,"key":"Energy Potion"},{"floor":16,"key":"Weak Potion"}],"is_trial":false,"path_per_floor":["M","M","M","$","M","R","M","R","T","E","M","R","M","M","R","B",null,"M","?","M","M","$","R","E"],"character_chosen":"THE_SILENT","items_purchased":["Well Laid Plans","Art of War"],"campfire_rested":1,"item_purchase_floors":[4,22],"current_hp_per_floor":[63,47,41,41,33,33,18,39,39,32,32,32,26,26,26,17,58,58,58,48,48,48,48,0],"gold":68,"neow_bonus":"TEN_PERCENT_HP_BONUS","is_prod":false,"is_daily":false,"chose_seed":false,"campfire_upgraded":4,"win_rate":0,"timestamp":1556763733,"path_taken":["M","?","M","$","M","R","M","R","T","E","M","R","M","M","R","BOSS","M","?","?","M","$","R","E"],"build_version":"2019-01-23","purchased_purges":1,"victory":false,"max_hp_per_floor":[72,72,72,72,72,72,72,72,72,72,72,72,72,72,72,72,72,72,72,72,72,72,72,72],"card_choices":[{"not_picked":["Well Laid Plans","Leg Sweep"],"picked":"Noxious Fumes","floor":1},{"not_picked":["Calculated Gamble","Tactician"],"picked":"Deadly Poison","floor":2},{"not_picked":["Caltrops","Deflect"],"picked":"Well Laid Plans","floor":3},{"not_picked":["Sucker Punch","Blade Dance"],"picked":"Dagger Throw","floor":5},{"not_picked":["Distraction","Masterful Stab"],"picked":"Backstab","floor":7},{"not_picked":["Backflip","Quick Slash"],"picked":"Dodge and Roll","floor":10},{"not_picked":["Expertise","Poisoned Stab"],"picked":"Backflip","floor":11},{"not_picked":["Bane","Deadly Poison"],"picked":"Corpse Explosion","floor":13},{"not_picked":["Terror","Blade Dance","Accuracy"],"picked":"SKIP","floor":14},{"not_picked":["Slice","Tactician"],"picked":"Leg Sweep+1","floor":18},{"not_picked":["Flechettes","Quick Slash"],"picked":"Noxious Fumes","floor":20},{"not_picked":["Acrobatics","Dagger Throw","Poisoned Stab"],"picked":"SKIP","floor":21}],"player_experience":813838,"relics_obtained":[{"floor":9,"key":"Dream Catcher"},{"floor":10,"key":"Oddly Smooth Stone"}],"event_choices":[{"damage_healed":0,"gold_gain":0,"player_choice":"Upgraded","damage_taken":0,"max_hp_gain":0,"max_hp_loss":0,"event_name":"Upgrade Shrine","floor":19,"gold_loss":0,"cards_upgraded":["Well Laid Plans"]}],"is_beta":false,"boss_relics":[{"not_picked":["Fusion Hammer","Orrery"],"picked":"Snecko Eye"}],"items_purged_floors":[22],"is_endless":false,"potions_floor_spawned":[1,3,11,13,16],"killed_by":"Book of Stabbing","ascension_level":20}