{"gold_per_floor":[111,91,105,5,65,86,11,37,56,71,82,82,26,26,26],"floor_reached":15,"playtime":256,"items_purged":["Strike_R"],"score":288,"play_id":"f6c6951a-5fcd-43f4-bf7a-3936c39b6392","local_time":"20190907011808","is_ascension_mode":true,"campfire_choices":[{"data":"Whirlwind","floor":12,"key":"SMITH"}],"neow_cost":"NONE","seed_source_timestamp":47738633493478,"circlet_count":0,"master_deck":["Strike_R","Strike_R","Strike_R","Strike_R","Defend_R","Defend_R","Defend_R","Defend_R","Bash","AscMod:ascendersbane","Whirlwind+1","Corruption","Shrug It Off"],"relics":["Burning Blood","NeowsBlessing","Oddly Smooth Stone","Self Forming Clay","Art of War"],"potions_floor_usage":[8,8],"damage_taken":[{"damage":0,"enemies":"2 Louse","floor":1,"turns":1},{"damage":0,"enemies":"Cultist","floor":3,"turns":1},{"damage":0,"enemies":"Gremlin Nob","floor":6,"turns":1},{"damage":40,"enemies":"Lagavulin","floor":8,"turns":7},{"damage":5,"enemies":"Jaw Worm","floor":10,"turns":4},{"damage":24,"enemies":"Large Slime","floor":11,"turns":9}],"seed_played":"-7399842326395548582","potions_obtained":[{"floor":1,"key":"Strength Potion"},{"floor":2,"key":"Explosive Potion"},{"floor":6,"key":"Poison Potion"},{"floor":8,"key":"SpeedPotion"},{"floor":14,"key":"SmokeBomb"}],"is_trial":false,"path_per_floor":["M","?","M","$","?","E","$","E","T","M","M","R","$","?","R"],"character_chosen":"IRONCLAD","items_purchased":["Whirlwind","Shrug It Off"],"campfire_rested":0,"item_purchase_floors":[7,13],"current_hp_per_floor":[73,73,75,75,64,69,69,34,34,34,15,15,15,15,15],"gold":26,"neow_bonus":"THREE_ENEMY_KILL","is_prod":false,"is_daily":false,"chose_seed":false,"campfire_upgraded":1,"win_rate":0,"timestamp":1567793888,"path_taken":["M","?","?","?","?","E","$","E","T","M","M","R","?","?","R"],"build_version":"2019-07-17","purchased_purges":1,"victory":false,"max_hp_per_floor":[75,75,75,75,75,75,75,75,75,75,75,75,75,75,75],"card_choices":[{"not_picked":["Rupture","Headbutt","Dropkick"],"picked":"SKIP","floor":1},{"not_picked":["Twin Strike","Thunderclap","Armaments"],"picked":"SKIP","floor":3},{"not_picked":["Flex","Sword Boomerang","Thunderclap"],"picked":"SKIP","floor":6},{"not_picked":["Sever Soul","Reckless Charge","Whirlwind"],"picked":"SKIP","floor":8},{"not_picked":["Hemokinesis","Wild Strike","Clothesline"],"picked":"SKIP","floor":10},{"not_picked":["Corruption","Rage","Combust"],"picked":"SKIP","floor":11},{"not_picked":["Rage","Combust"],"picked":"Corruption","floor":11}],"player_experience":1147933,"relics_obtained":[{"floor":6,"key":"Oddly Smooth Stone"},{"floor":8,"key":"Self Forming Clay"},{"floor":9,"key":"Art of War"}],"event_choices":[{"damage_healed":0,"gold_gain":0,"player_choice":"Bought 1 Potion","damage_taken":0,"max_hp_gain":0,"max_hp_loss":0,"event_name":"The Woman in Blue","floor":2,"gold_loss":0},{"damage_healed":0,"gold_gain":75,"player_choice":"Gather Gold","damage_taken":11,"max_hp_gain":0,"max_hp_loss":0,"event_name":"World of Goop","floor":5,"gold_loss":0},{"damage_healed":0,"gold_gain":0,"player_choice":"Got Potions","damage_taken":0,"max_hp_gain":0,"max_hp_loss":0,"event_name":"Lab","floor":14,"gold_loss":0}],"is_beta":false,"boss_relics":[],"items_purged_floors":[4],"is_endless":false,"potions_floor_spawned":[1,6,8],"ascension_level":25}