{"gold_per_floor":[114,114,133,58,76,101,101,134,203,203,213,224,252,302,302,302],"floor_reached":16,"playtime":3742,"items_purged":["Strike_R"],"score":216,"play_id":"ce87905d-6475-4aa6-987c-ebce56512f06","local_time":"20190624225559","is_ascension_mode":true,"campfire_choices":[{"data":"Armaments","floor":7,"key":"SMITH"},{"floor":10,"key":"REST"},{"floor":15,"key":"REST"}],"neow_cost":"NONE","seed_source_timestamp":78302488675998,"circlet_count":0,"master_deck":["AscendersBane","Strike_R","Strike_R","Strike_R","Strike_R","Defend_R","Defend_R","Defend_R","Defend_R","Bash","Flame Barrier","Armaments+1","Havoc","Limit Break","Havoc","Shrug It Off","Shockwave"],"relics":["Burning Blood","NeowsBlessing","Magic Flower","Orichalcum","Letter Opener","Shovel"],"potions_floor_usage":[8,11,12,13],"damage_taken":[{"damage":0,"enemies":"Cultist","floor":1,"turns":1},{"damage":0,"enemies":"Small Slimes","floor":3,"turns":1},{"damage":0,"enemies":"2 Louse","floor":5,"turns":2},{"damage":30,"enemies":"3 Sentries","floor":6,"turns":14},{"damage":16,"enemies":"Lagavulin","floor":8,"turns":10},{"damage":4,"enemies":"Red Slaver","floor":11,"turns":6},{"damage":0,"enemies":"Lots of Slimes","floor":12,"turns":3},{"damage":65,"enemies":"Gremlin Nob","floor":13,"turns":6},{"damage":64,"enemies":"The Guardian","floor":16,"turns":12}],"seed_played":"178922350104482003","potions_obtained":[{"floor":1,"key":"Energy Potion"},{"floor":6,"key":"Poison Potion"},{"floor":8,"key":"SkillPotion"},{"floor":12,"key":"SkillPotion"}],"is_trial":false,"path_per_floor":["M","$","M","$","M","E","R","E","T","R","M","M","E","?","R","B"],"character_chosen":"IRONCLAD","items_purchased":[],"campfire_rested":2,"item_purchase_floors":[],"current_hp_per_floor":[74,74,75,75,75,51,51,44,44,66,71,75,19,19,41,0],"gold":302,"neow_bonus":"THREE_ENEMY_KILL","is_prod":false,"is_daily":false,"chose_seed":false,"campfire_upgraded":1,"win_rate":0,"timestamp":1561434959,"path_taken":["M","$","?","$","M","E","R","E","T","R","M","M","E","?","R","BOSS"],"build_version":"2019-01-23","purchased_purges":1,"victory":false,"max_hp_per_floor":[75,75,75,75,75,75,75,75,75,75,75,75,75,75,75,75],"card_choices":[{"not_picked":["Entrench","Shockwave"],"picked":"Flame Barrier","floor":1},{"not_picked":["Pommel Strike","Wild Strike"],"picked":"Armaments","floor":3},{"not_picked":["Twin Strike","Cleave"],"picked":"Havoc","floor":5},{"not_picked":["Searing Blow","Anger","Headbutt"],"picked":"SKIP","floor":6},{"not_picked":["Shockwave","Heavy Blade"],"picked":"Limit Break","floor":8},{"not_picked":["Rupture","Headbutt"],"picked":"Havoc","floor":11},{"not_picked":["Iron Wave","Sentinel"],"picked":"Shrug It Off","floor":12},{"not_picked":["Sever Soul","Iron Wave"],"picked":"Shockwave","floor":13}],"player_experience":1388864,"relics_obtained":[{"floor":6,"key":"Magic Flower"},{"floor":8,"key":"Orichalcum"},{"floor":9,"key":"Letter Opener"},{"floor":13,"key":"Shovel"}],"event_choices":[{"damage_healed":0,"gold_gain":50,"player_choice":"Pray","damage_taken":0,"max_hp_gain":0,"max_hp_loss":0,"event_name":"Golden Shrine","floor":14,"gold_loss":0}],"is_beta":false,"boss_relics":[],"items_purged_floors":[4],"is_endless":false,"potions_floor_spawned":[1,6,8,12],"killed_by":"The Guardian","ascension_level":16}