{"gold_per_floor":[112,112,130,130,130,130,165,165,218,233,263,111,129,94,94,193,193,213,312,312,22,34,34,59,72,122,138,138,166,166,179,179,283,283,303,322,422,434,102,102,128,128,201,232,67,67,78,78],"floor_reached":48,"playtime":3621,"items_purged":["Defend_B","Defend_B"],"score":695,"play_id":"76b9515b-c6e0-491a-8a28-3797523eb142","local_time":"20190608095655","is_ascension_mode":true,"campfire_choices":[{"data":"Doom and Gloom","floor":6,"key":"SMITH"},{"floor":15,"key":"REST"},{"data":"Defragment","floor":23,"key":"SMITH"},{"floor":28,"key":"REST"},{"data":"Hologram","floor":32,"key":"SMITH"},{"data":"Loop","floor":40,"key":"SMITH"},{"floor":42,"key":"REST"}],"neow_cost":"NONE","seed_source_timestamp":87695333048807,"circlet_count":0,"master_deck":["Defend_B+1","Defend_B+1","Zap+1","Dualcast","Doom and Gloom+1","Rebound","Capacitor","Self Repair","Rainbow","Gash+1","Defragment+1","Conserve Battery+1","Hologram+1","Gash","Bite","Bite","Bite","Bite","Bite","Conserve Battery","All For One","Conserve Battery","Mayhem","Loop+1","Echo Form","Darkness+1","Violence","Gash+1","Hologram+1"],"relics":["Cracked Core","Happy Flower","Darkstone Periapt","Tiny Chest","War Paint","Nuclear Battery","Vajra","Cables","Pear","PreservedInsect","Pantograph","Philosopher\u0027s Stone","Mango","Dead Branch","Mercury Hourglass","Prayer Wheel"],"potions_floor_usage":[13,36,41,41,48,48],"damage_taken":[{"damage":2,"enemies":"Jaw Worm","floor":1,"turns":3},{"damage":1,"enemies":"Cultist","floor":3,"turns":4},{"damage":12,"enemies":"Gremlin Nob","floor":7,"turns":3},{"damage":6,"enemies":"2 Louse","floor":10,"turns":2},{"damage":27,"enemies":"Lagavulin","floor":11,"turns":5},{"damage":0,"enemies":"Large Slime","floor":13,"turns":6},{"damage":40,"enemies":"Hexaghost","floor":16,"turns":7},{"damage":0,"enemies":"Spheric Guardian","floor":18,"turns":3},{"damage":22,"enemies":"3 Byrds","floor":22,"turns":4},{"damage":49,"enemies":"Book of Stabbing","floor":24,"turns":5},{"damage":8,"enemies":"3 Cultists","floor":25,"turns":4},{"damage":15,"enemies":"Chosen and Byrds","floor":27,"turns":5},{"damage":21,"enemies":"Slavers","floor":29,"turns":5},{"damage":2,"enemies":"Snecko","floor":31,"turns":5},{"damage":73,"enemies":"Champ","floor":33,"turns":11},{"damage":25,"enemies":"Orb Walker","floor":35,"turns":4},{"damage":38,"enemies":"3 Darklings","floor":36,"turns":20},{"damage":1,"enemies":"Mind Bloom Boss Battle","floor":37,"turns":8},{"damage":58,"enemies":"Maw","floor":38,"turns":8},{"damage":50,"enemies":"Nemesis","floor":41,"turns":8},{"damage":23,"enemies":"Giant Head","floor":44,"turns":7},{"damage":18,"enemies":"Sphere and 2 Shapes","floor":47,"turns":4},{"damage":58,"enemies":"Spire Growth","floor":48,"turns":3}],"seed_played":"-9142295515230870407","potions_obtained":[{"floor":1,"key":"GamblersBrew"},{"floor":3,"key":"SpeedPotion"},{"floor":11,"key":"Strength Potion"},{"floor":22,"key":"Dexterity Potion"},{"floor":33,"key":"Explosive Potion"},{"floor":38,"key":"Fire Potion"},{"floor":41,"key":"FocusPotion"},{"floor":44,"key":"SteroidPotion"},{"floor":47,"key":"SpeedPotion"}],"is_trial":false,"path_per_floor":["M","?","M","?","?","R","E","?","T","M","E","$","M","?","R","B",null,"M","?","?","$","M","R","E","M","T","M","R","E","?","M","R","B",null,"M","M","?","M","$","R","E","R","T","E","$","?","M","M"],"character_chosen":"DEFECT","items_purchased":["Self Repair","Cables","Defragment","Mayhem","Loop","Violence"],"campfire_rested":3,"item_purchase_floors":[12,21,21,39,39,45],"current_hp_per_floor":[73,73,72,57,50,50,38,38,38,32,5,5,12,30,52,12,75,75,75,75,75,60,60,28,27,27,19,44,30,30,38,38,13,59,45,59,73,42,42,42,19,40,40,44,44,44,30,0],"gold":78,"neow_bonus":"RANDOM_COMMON_RELIC","is_prod":false,"is_daily":false,"chose_seed":false,"campfire_upgraded":4,"win_rate":0,"timestamp":1559980615,"path_taken":["M","?","?","?","?","R","E","?","T","?","E","?","M","?","R","BOSS","M","?","?","$","M","R","E","?","T","M","R","E","?","M","R","BOSS","M","M","?","M","$","R","E","R","T","E","$","?","?","M"],"build_version":"2019-01-23","purchased_purges":2,"victory":false,"max_hp_per_floor":[75,75,75,75,75,75,75,75,75,75,75,75,75,75,75,75,75,75,75,75,75,75,75,85,85,85,85,85,85,59,59,59,59,59,59,59,73,73,73,73,73,73,73,73,73,73,73,73],"card_choices":[{"not_picked":["Rip and Tear","Heatsinks"],"picked":"Doom and Gloom","floor":1},{"not_picked":["Turbo","Streamline","Ball Lightning"],"picked":"SKIP","floor":3},{"not_picked":["Fusion","Streamline","Double Energy"],"picked":"SKIP","floor":7},{"not_picked":["Ball Lightning","Leap"],"picked":"Rebound","floor":10},{"not_picked":["Go for the Eyes","Coolheaded"],"picked":"Capacitor","floor":11},{"not_picked":["Barrage","Consume","Sweeping Beam"],"picked":"SKIP","floor":13},{"not_picked":["Multi-Cast","Buffer"],"picked":"Rainbow","floor":16},{"not_picked":["Barrage","Double Energy"],"picked":"Gash+1","floor":18},{"not_picked":["Stack","Ball Lightning"],"picked":"Cold Snap","floor":22},{"not_picked":["Cold Snap","Leap"],"picked":"Conserve Battery+1","floor":24},{"not_picked":["Leap","Recycle"],"picked":"Hologram","floor":25},{"not_picked":["Cold Snap","Steam Power+1"],"picked":"Gash","floor":27},{"not_picked":["Skim","Core Surge","Scrape"],"picked":"SKIP","floor":29},{"not_picked":["Coolheaded+1","Tempest"],"picked":"Conserve Battery","floor":31},{"not_picked":["Buffer","Seek"],"picked":"All For One","floor":33},{"not_picked":["Aggregate+1","Hello World+1","Steam Power+1"],"picked":"SKIP","floor":35},{"not_picked":["Redo","Leap"],"picked":"Conserve Battery","floor":36},{"not_picked":["Go for the Eyes","Barrage+1","Leap"],"picked":"SKIP","floor":38},{"not_picked":["Leap+1","Conserve Battery"],"picked":"Echo Form","floor":41},{"not_picked":["Redo+1","Beam Cell+1"],"picked":"Darkness+1","floor":44},{"not_picked":["Go for the Eyes+1","FTL+1"],"picked":"Gash+1","floor":47},{"not_picked":["Leap","Reprogram"],"picked":"Hologram+1","floor":47}],"player_experience":208196,"relics_obtained":[{"floor":7,"key":"Darkstone Periapt"},{"floor":9,"key":"Tiny Chest"},{"floor":11,"key":"War Paint"},{"floor":20,"key":"Vajra"},{"floor":24,"key":"Pear"},{"floor":26,"key":"PreservedInsect"},{"floor":29,"key":"Pantograph"},{"floor":37,"key":"Mango"},{"floor":41,"key":"Dead Branch"},{"floor":43,"key":"Mercury Hourglass"},{"floor":44,"key":"Prayer Wheel"}],"event_choices":[{"cards_removed":["Strike_B"],"damage_healed":0,"gold_gain":0,"player_choice":"Offered Basic","damage_taken":0,"max_hp_gain":0,"max_hp_loss":0,"event_name":"Bonfire Elementals","floor":2,"gold_loss":0},{"damage_healed":0,"gold_gain":0,"player_choice":"Entered Light","damage_taken":15,"max_hp_gain":0,"max_hp_loss":0,"event_name":"Shining Light","floor":4,"gold_loss":0,"cards_upgraded":["Defend_B","Strike_B"]},{"cards_removed":["Strike_B"],"damage_healed":0,"gold_gain":0,"player_choice":"Card Removal","damage_taken":7,"max_hp_gain":0,"max_hp_loss":0,"event_name":"Golden Wing","floor":5,"gold_loss":0},{"cards_removed":["Strike_B"],"damage_healed":0,"gold_gain":0,"player_choice":"Card Removal","damage_taken":0,"max_hp_gain":0,"max_hp_loss":0,"event_name":"Wheel of Change","floor":8,"gold_loss":0},{"damage_healed":18,"gold_gain":0,"player_choice":"Healed","damage_taken":0,"max_hp_gain":0,"max_hp_loss":0,"event_name":"The Cleric","floor":14,"gold_loss":35},{"damage_healed":0,"gold_gain":99,"player_choice":"Stole From Cult","damage_taken":0,"max_hp_gain":0,"max_hp_loss":0,"event_name":"Nest","floor":19,"gold_loss":0},{"damage_healed":0,"gold_gain":0,"player_choice":"Relic","damage_taken":0,"max_hp_gain":0,"max_hp_loss":0,"event_name":"Wheel of Change","floor":20,"gold_loss":0},{"damage_healed":0,"gold_gain":0,"player_choice":"Became a vampire","damage_taken":0,"max_hp_gain":0,"max_hp_loss":26,"event_name":"Vampires","floor":30,"gold_loss":0,"cards_obtained":["Bite","Bite","Bite","Bite","Bite"]},{"damage_healed":0,"gold_gain":0,"player_choice":"Fight","damage_taken":0,"max_hp_gain":0,"max_hp_loss":0,"event_name":"MindBloom","floor":37,"gold_loss":0},{"cards_removed":["Cold Snap"],"damage_healed":0,"gold_gain":0,"player_choice":"Removed Attack","damage_taken":0,"max_hp_gain":0,"max_hp_loss":0,"event_name":"Falling","floor":46,"gold_loss":0}],"is_beta":false,"boss_relics":[{"not_picked":["Coffee Dripper","Astrolabe"],"picked":"Nuclear Battery"},{"not_picked":["Snecko Eye","Calling Bell"],"picked":"Philosopher\u0027s Stone"}],"items_purged_floors":[12,39],"is_endless":false,"potions_floor_spawned":[1,3,11,22,29,31,33,38,41,44,47],"killed_by":"Spire Growth","ascension_level":3}