{"gold_per_floor":[117,117,133,153,39,39,64,83,83,94,94,114,140,171,171,249,249,265,190,190,26,0,0,28,42,42,42,42,42,59,59,59,136,136,151,151,51,71,84,84,31,44,69,169,186,186,196,210,210,210],"floor_reached":50,"playtime":1730,"items_purged":["Strike_R","Strike_R+1"],"score":1019,"play_id":"3441346a-c93b-4ae2-b3a3-082cb9d44441","local_time":"20190929180453","is_ascension_mode":true,"campfire_choices":[{"data":"Spot Weakness","floor":6.0,"key":"SMITH"},{"data":"Bash","floor":11.0,"key":"SMITH"},{"data":"Heavy Blade","floor":15.0,"key":"SMITH"},{"data":"Metallicize","floor":23.0,"key":"SMITH"},{"data":"1","floor":27.0,"key":"LIFT"},{"floor":32.0,"key":"REST"},{"data":"2","floor":40.0,"key":"LIFT"},{"data":"3","floor":46.0,"key":"LIFT"},{"data":"Limit Break","floor":49.0,"key":"SMITH"}],"neow_cost":"NONE","seed_source_timestamp":1099680541165000,"circlet_count":0,"master_deck":["AscendersBane","Strike_R+1","Defend_R+1","Defend_R+1","Defend_R+1","Defend_R+1","Bash+1","Spot Weakness+1","Carnage","Pummel","Pummel","Anger","Shrug It Off","Metallicize+1","Heavy Blade+1","Impervious","Heavy Blade","Limit Break+1","Pummel+1","Power Through","Shrug It Off","Limit Break","Sword Boomerang","Shrug It Off","Inflame+1"],"special_seed":0,"relics":["Burning Blood","Bronze Scales","Blood Vial","Singing Bowl","Art of War","MealTicket","Sozu","Orichalcum","Girya","Pantograph","Bag of Marbles","Black Star","Juzu Bracelet","Prayer Wheel"],"potions_floor_usage":[],"damage_taken":[{"damage":4.0,"enemies":"Jaw Worm","floor":1.0,"turns":4.0},{"damage":2.0,"enemies":"2 Louse","floor":3.0,"turns":3.0},{"damage":4.0,"enemies":"Small Slimes","floor":4.0,"turns":4.0},{"damage":20.0,"enemies":"3 Sentries","floor":7.0,"turns":6.0},{"damage":6.0,"enemies":"2 Fungi Beasts","floor":8.0,"turns":3.0},{"damage":3.0,"enemies":"Large Slime","floor":10.0,"turns":4.0},{"damage":9.0,"enemies":"Red Slaver","floor":12.0,"turns":2.0},{"damage":38.0,"enemies":"Lagavulin","floor":14.0,"turns":6.0},{"damage":41.0,"enemies":"The Guardian","floor":16.0,"turns":10.0},{"damage":24.0,"enemies":"Shell Parasite","floor":18.0,"turns":3.0},{"damage":21.0,"enemies":"Gremlin Leader","floor":24.0,"turns":5.0},{"damage":8.0,"enemies":"Chosen","floor":25.0,"turns":4.0},{"damage":14.0,"enemies":"Snake Plant","floor":30.0,"turns":3.0},{"damage":61.0,"enemies":"Champ","floor":33.0,"turns":17.0},{"damage":18.0,"enemies":"Orb Walker","floor":35.0,"turns":3.0},{"damage":29.0,"enemies":"3 Darklings","floor":38.0,"turns":4.0},{"damage":21.0,"enemies":"Spire Growth","floor":39.0,"turns":3.0},{"damage":5.0,"enemies":"4 Shapes","floor":42.0,"turns":6.0},{"damage":0.0,"enemies":"Mind Bloom Boss Battle","floor":44.0,"turns":5.0},{"damage":1.0,"enemies":"Transient","floor":45.0,"turns":6.0},{"damage":7.0,"enemies":"Sphere and 2 Shapes","floor":47.0,"turns":8.0},{"damage":13.0,"enemies":"Writhing Mass","floor":48.0,"turns":6.0},{"damage":106,"enemies":"Awakened One","floor":50,"turns":9}],"seed_played":"-4632877692880061074","potions_obtained":[{"floor":1.0,"key":"LiquidBronze"},{"floor":4.0,"key":"Regen Potion"},{"floor":8.0,"key":"Regen Potion"},{"floor":16.0,"key":"Block Potion"}],"is_trial":false,"path_per_floor":["M","?","M","M","$","R","E","M","T","M","R","M","T","E","R","B",null,"M","?","?","$","?","R","E","M","T","R","?","T","M","?","R","B",null,"M","?","$","M","M","R","$","M","T","?","M","R","M","M","R","B"],"character_chosen":"IRONCLAD","items_purchased":["Pummel","Orichalcum","Sword Boomerang"],"campfire_rested":1,"item_purchase_floors":[5,21,41],"current_hp_per_floor":[70,63,67,69,69,69,70,72,72,75,75,72,72,51,51,18,61,47,47,47,62,62,62,51,51,51,51,51,51,47,47,71,26,67,57,57,72,53,40,40,55,60,60,87,87,87,90,88,88,0],"gold":210,"neow_bonus":"RANDOM_COMMON_RELIC","is_prod":false,"is_daily":false,"chose_seed":false,"campfire_upgraded":5,"win_rate":0,"timestamp":1569805493,"path_taken":["M","?","M","M","$","R","E","M","T","M","R","M","?","E","R","BOSS","M","?","?","$","?","R","E","M","T","R","?","?","M","?","R","BOSS","M","?","$","M","M","R","$","M","T","?","M","R","M","M","R","BOSS"],"build_version":"2019-09-27","purchased_purges":2,"victory":false,"max_hp_per_floor":[75,75,75,75,75,75,75,75,75,75,75,75,75,75,75,75,75,77,77,77,77,77,77,79,79,79,79,79,79,81,81,81,81,81,81,81,81,83,83,83,83,85,85,87,87,87,91,95,95,95],"card_choices":[{"not_picked":["Intimidate","Clash","Dropkick"],"picked":"SKIP","floor":1.0},{"not_picked":["Blood for Blood","Power Through"],"picked":"Spot Weakness","floor":3.0},{"not_picked":["Battle Trance","Searing Blow"],"picked":"Carnage","floor":4.0},{"not_picked":["Headbutt","Clothesline"],"picked":"Pummel","floor":7.0},{"not_picked":["Wild Strike","Sentinel"],"picked":"Anger","floor":8.0},{"not_picked":["Corruption","Warcry"],"picked":"Shrug It Off","floor":10.0},{"not_picked":["Havoc","Clothesline"],"picked":"Metallicize","floor":12.0},{"not_picked":["Clothesline","Pummel"],"picked":"Heavy Blade","floor":14.0},{"not_picked":["Brutality","Barricade"],"picked":"Impervious","floor":16.0},{"not_picked":["Iron Wave","Bloodletting","Clothesline"],"picked":"Singing Bowl","floor":18.0},{"not_picked":["Intimidate","Pommel Strike","Iron Wave"],"picked":"Singing Bowl","floor":24.0},{"not_picked":["Seeing Red+1","Corruption"],"picked":"Heavy Blade","floor":25.0},{"not_picked":["Searing Blow+1","Clash","Pommel Strike+1"],"picked":"Singing Bowl","floor":30.0},{"not_picked":["Demon Form","Bludgeon"],"picked":"Limit Break","floor":33.0},{"not_picked":["Shrug It Off","Infernal Blade"],"picked":"Pummel+1","floor":35.0},{"not_picked":["Clash+1","Flex+1","Body Slam+1"],"picked":"Singing Bowl","floor":38.0},{"not_picked":["Heavy Blade+1","Flex"],"picked":"Limit Break","floor":39.0},{"not_picked":["Clothesline","Havoc","Cleave+1"],"picked":"Singing Bowl","floor":42.0},{"not_picked":["Combust+1","Anger","Uppercut+1"],"picked":"Singing Bowl","floor":44.0},{"not_picked":["Iron Wave","Warcry"],"picked":"Shrug It Off","floor":45.0},{"not_picked":["Shrug It Off+1","Searing Blow"],"picked":"Inflame+1","floor":45.0},{"not_picked":["Clash","Hemokinesis","Perfected Strike"],"picked":"Singing Bowl","floor":47.0},{"not_picked":["Ghostly Armor+1","Shockwave","Flame Barrier"],"picked":"Singing Bowl","floor":47.0},{"not_picked":["Flex","Shrug It Off","Ghostly Armor"],"picked":"Singing Bowl","floor":48.0},{"not_picked":["Rage+1","Clash","Shockwave+1"],"picked":"Singing Bowl","floor":48.0}],"player_experience":1128487,"relics_obtained":[{"floor":7.0,"key":"Blood Vial"},{"floor":9.0,"key":"Singing Bowl"},{"floor":13.0,"key":"Art of War"},{"floor":14.0,"key":"MealTicket"},{"floor":24.0,"key":"Girya"},{"floor":26.0,"key":"Pantograph"},{"floor":29.0,"key":"Bag of Marbles"},{"floor":43.0,"key":"Juzu Bracelet"},{"floor":44.0,"key":"Prayer Wheel"}],"event_choices":[{"cards_removed":["Strike_R"],"damage_healed":0.0,"max_hp_gain":0.0,"max_hp_loss":0.0,"gold_gain":0.0,"event_name":"Golden Wing","player_choice":"Card Removal","floor":2.0,"gold_loss":0.0,"damage_taken":7.0},{"cards_removed":["Strike_R"],"damage_healed":0.0,"max_hp_gain":0.0,"max_hp_loss":0.0,"gold_gain":0.0,"event_name":"Beggar","player_choice":"Gave Gold","floor":19.0,"gold_loss":75.0,"damage_taken":0.0},{"damage_healed":0.0,"max_hp_gain":0.0,"max_hp_loss":0.0,"gold_gain":0.0,"event_name":"The Mausoleum","player_choice":"Ignored","floor":20.0,"gold_loss":0.0,"damage_taken":0.0},{"damage_healed":0.0,"max_hp_gain":0.0,"max_hp_loss":0.0,"gold_gain":0.0,"event_name":"Masked Bandits","player_choice":"Paid Fearfully","floor":22.0,"gold_loss":26.0,"damage_taken":0.0},{"damage_healed":0.0,"max_hp_gain":0.0,"max_hp_loss":0.0,"gold_gain":0.0,"event_name":"Back to Basics","player_choice":"Simplicity","floor":28.0,"gold_loss":0.0,"damage_taken":0.0,"cards_upgraded":["Strike_R","Strike_R","Defend_R","Defend_R","Defend_R","Defend_R"]},{"damage_healed":0.0,"max_hp_gain":0.0,"max_hp_loss":0.0,"gold_gain":0.0,"event_name":"Ghosts","player_choice":"Ignored","floor":31.0,"gold_loss":0.0,"damage_taken":0.0},{"damage_healed":0.0,"max_hp_gain":0.0,"max_hp_loss":0.0,"gold_gain":0.0,"event_name":"Match and Keep!","player_choice":"2 cards matched","floor":36.0,"gold_loss":0.0,"damage_taken":0.0,"cards_obtained":["Power Through","Shrug It Off"]},{"damage_healed":0.0,"max_hp_gain":0.0,"max_hp_loss":0.0,"gold_gain":0.0,"event_name":"MindBloom","player_choice":"Fight","floor":44.0,"gold_loss":0.0,"damage_taken":0.0}],"is_beta":true,"boss_relics":[{"not_picked":["Coffee Dripper","Black Blood"],"picked":"Sozu"},{"not_picked":["Empty Cage","SacredBark"],"picked":"Black Star"}],"items_purged_floors":[5,37],"is_endless":false,"potions_floor_spawned":[1,4,8,16,18,25,30,35,47,48],"killed_by":"Awakened One","ascension_level":20}