{"gold_per_floor":[119,7,107,124,74,20,46,102,128,142,156,156,173,183,183,183],"floor_reached":16,"playtime":2149,"items_purged":["Strike_R"],"score":148,"play_id":"cc6f6e4e-9e15-4725-a53a-1d19fcf40aae","local_time":"20180925225127","is_ascension_mode":true,"campfire_choices":[{"floor":12,"key":"REST"},{"floor":15,"key":"REST"}],"neow_cost":"NONE","seed_source_timestamp":43488965702267,"circlet_count":0,"master_deck":["Strike_R","Strike_R","Strike_R","Defend_R","Defend_R","Defend_R","Defend_R","Bash","Limit Break","Inflame","Uppercut","Flame Barrier","True Grit","Shrug It Off","Metallicize"],"relics":["Burning Blood","Mango","Turnip","Boot"],"potions_floor_usage":[8,13,13,13,14,16],"damage_taken":[{"damage":13,"enemies":"Jaw Worm","floor":1,"turns":6},{"damage":3,"enemies":"Cultist","floor":4,"turns":4},{"damage":18,"enemies":"Gremlin Nob","floor":7,"turns":4},{"damage":37,"enemies":"3 Sentries","floor":8,"turns":11},{"damage":4,"enemies":"Small Slimes","floor":10,"turns":5},{"damage":15,"enemies":"Exordium Wildlife","floor":11,"turns":6},{"damage":50,"enemies":"Gremlin Gang","floor":13,"turns":7},{"damage":0,"enemies":"3 Louse","floor":14,"turns":5},{"damage":70,"enemies":"The Guardian","floor":16,"turns":21}],"seed_played":"-3409520243391418132","potions_obtained":[{"floor":7,"key":"GamblersBrew"},{"floor":8,"key":"Dexterity Potion"},{"floor":10,"key":"Swift Potion"},{"floor":11,"key":"EssenceOfSteel"},{"floor":13,"key":"SkillPotion"},{"floor":14,"key":"Block Potion"}],"is_trial":false,"path_per_floor":["M","$","?","M","?","$","E","?","T","M","M","R","M","M","R"],"character_chosen":"IRONCLAD","items_purchased":["Uppercut","True Grit"],"campfire_rested":2,"item_purchase_floors":[2,6],"current_hp_per_floor":[65,65,65,68,68,68,70,39,39,41,32,60,16,22,50,0],"gold":183,"neow_bonus":"ONE_RANDOM_RARE_CARD","is_prod":false,"is_daily":false,"chose_seed":false,"campfire_upgraded":0,"win_rate":0,"timestamp":1537933887,"path_taken":["M","$","?","M","?","$","E","?","T","M","M","R","?","M","R","BOSS"],"build_version":"2018-09-20","purchased_purges":1,"victory":false,"max_hp_per_floor":[80,80,80,80,80,80,94,94,94,94,94,94,94,94,94,94],"card_choices":[{"not_picked":["Anger","Shrug It Off"],"picked":"Inflame","floor":1},{"not_picked":["Heavy Blade","Uppercut"],"picked":"Flame Barrier","floor":4},{"not_picked":["Bloodletting","Hemokinesis"],"picked":"Shrug It Off","floor":7},{"not_picked":["Thunderclap","Clothesline","True Grit"],"picked":"SKIP","floor":10},{"not_picked":["Dual Wield","Havoc"],"picked":"Metallicize","floor":11},{"not_picked":["Twin Strike","Cleave","True Grit"],"picked":"SKIP","floor":13},{"not_picked":["Searing Blow","Dropkick","Havoc"],"picked":"SKIP","floor":14}],"player_experience":653538,"relics_obtained":[{"floor":7,"key":"Mango"},{"floor":9,"key":"Boot"}],"event_choices":[{"event_name":"Golden Shrine","player_choice":"Pray","floor":3,"damage_taken":0},{"event_name":"The Cleric","player_choice":"Card Removal","floor":5,"damage_taken":0},{"event_name":"Dead Adventurer","player_choice":"Searched \u00272\u0027 times","floor":8,"damage_taken":0}],"is_beta":false,"boss_relics":[],"items_purged_floors":[2],"is_endless":false,"potions_floor_spawned":[7,8,10,11,13,14],"killed_by":"The Guardian","ascension_level":9}