{"gold_per_floor":[366,380,350,6,19,78,90,90],"floor_reached":8,"playtime":1335,"items_purged":["Strike_G"],"score":58,"play_id":"c37c9ca3-2eb1-4a20-a80f-76d31ee21887","local_time":"20190527134208","is_ascension_mode":false,"campfire_choices":[],"neow_cost":"PERCENT_DAMAGE","seed_source_timestamp":14676382606359,"circlet_count":0,"master_deck":["Defend_G","Defend_G","Defend_G","Defend_G","Defend_G","Strike_G","Strike_G","Strike_G","Strike_G","Survivor","Neutralize","Catalyst","Leg Sweep","Infinite Blades","Bouncing Flask","Flying Knee","Endless Agony"],"relics":["Ring of the Snake","Strange Spoon","Tiny Chest"],"potions_floor_usage":[6,7],"damage_taken":[{"damage":0,"enemies":"Small Slimes","floor":1,"turns":5},{"damage":0,"enemies":"Cultist","floor":2,"turns":5},{"damage":0,"enemies":"Jaw Worm","floor":5,"turns":5},{"damage":28,"enemies":"3 Sentries","floor":6,"turns":11},{"damage":3,"enemies":"Exordium Thugs","floor":7,"turns":6},{"damage":1,"enemies":"Large Slime","floor":8,"turns":6}],"seed_played":"-1808698263952007312","potions_obtained":[{"floor":1,"key":"Block Potion"},{"floor":3,"key":"FairyPotion"},{"floor":3,"key":"SteroidPotion"},{"floor":6,"key":"Dexterity Potion"}],"is_trial":false,"path_per_floor":["M","M","?","$","M","E","M","M"],"character_chosen":"THE_SILENT","items_purchased":["Infinite Blades","Strange Spoon"],"campfire_rested":0,"item_purchase_floors":[4,4],"current_hp_per_floor":[49,49,49,49,49,21,18,17],"gold":90,"neow_bonus":"TWO_FIFTY_GOLD","is_prod":false,"is_daily":false,"chose_seed":false,"campfire_upgraded":0,"win_rate":0.0,"timestamp":1558957328,"path_taken":["M","M","?","$","M","E","M","?"],"build_version":"2019-01-23","purchased_purges":1,"victory":false,"max_hp_per_floor":[70,70,70,70,70,70,70,70],"card_choices":[{"not_picked":["Bouncing Flask","Quick Slash"],"picked":"Catalyst","floor":1},{"not_picked":["Deflect","Dodge and Roll"],"picked":"Leg Sweep","floor":2},{"not_picked":["Outmaneuver","Deadly Poison"],"picked":"Bouncing Flask","floor":5},{"not_picked":["Masterful Stab","Flechettes"],"picked":"Flying Knee","floor":6},{"not_picked":["Flechettes","Dagger Spray"],"picked":"Endless Agony","floor":7}],"player_experience":51591,"relics_obtained":[{"floor":6,"key":"Tiny Chest"}],"event_choices":[{"damage_healed":0,"gold_gain":0,"player_choice":"Bought 2 Potions","damage_taken":0,"max_hp_gain":0,"max_hp_loss":0,"event_name":"The Woman in Blue","floor":3,"gold_loss":0}],"is_beta":false,"boss_relics":[],"items_purged_floors":[4],"is_endless":false,"potions_floor_spawned":[1,5,6],"killed_by":"Large Slime","ascension_level":0}