{"gold_per_floor":[115,115,131,151,151,151,151,121,121,151,61,61,75,91,91,168,168,179,69,83,358,372,372,372,372,372,13,13,113,133,149,149,226,226,246,88,98,98,0,35,35,67,67,80,97,116,131,131,131,131,131,131,131,31,66,66],"floor_reached":56,"playtime":4454,"items_purged":["Regret","Leap"],"score":1868,"play_id":"5a15d3fd-74bc-4c43-bcb3-e38df7d8839e","local_time":"20190518165356","is_ascension_mode":true,"campfire_choices":[{"floor":6.0,"key":"REST"},{"floor":12.0,"key":"REST"},{"data":"Loop","floor":15.0,"key":"SMITH"},{"data":"Coolheaded","floor":23.0,"key":"SMITH"},{"floor":25.0,"key":"REST"},{"floor":32.0,"key":"REST"},{"data":"Doom and Gloom","floor":41.0,"key":"SMITH"},{"floor":49.0,"key":"RECALL"},{"floor":53.0,"key":"REST"}],"neow_cost":"NONE","seed_source_timestamp":144631636620323,"circlet_count":0,"master_deck":["AscendersBane","Dualcast","Consume+1","Compile Driver","Leap","Conserve Battery","Conserve Battery","Cold Snap","Coolheaded+1","Conserve Battery+1","Cold Snap+1","Doom and Gloom+1","Darkness+1","Loop+1","Reboot+1","White Noise+1","Static Discharge","Hologram+1","Redo+1","Leap+1","Turbo+1","Coolheaded+1","Echo Form","Self Repair","Fusion+1","White Noise+1","Creative AI"],"special_seed":0,"relics":["Pandora\u0027s Box","Toxic Egg 2","DataDisk","Anchor","Cursed Key","Letter Opener","Peace Pipe","Pantograph","Sozu","Omamori","Red Mask","Bird Faced Urn","Oddly Smooth Stone","Emotion Chip"],"potions_floor_usage":[56],"damage_taken":[{"damage":6.0,"enemies":"Small Slimes","floor":1.0,"turns":4.0},{"damage":0.0,"enemies":"2 Louse","floor":3.0,"turns":3.0},{"damage":0.0,"enemies":"Jaw Worm","floor":4.0,"turns":3.0},{"damage":5.0,"enemies":"Exordium Thugs","floor":8.0,"turns":5.0},{"damage":27.0,"enemies":"Gremlin Nob","floor":10.0,"turns":4.0},{"damage":0.0,"enemies":"Red Slaver","floor":13.0,"turns":4.0},{"damage":0.0,"enemies":"Large Slime","floor":14.0,"turns":5.0},{"damage":19.0,"enemies":"Slime Boss","floor":16.0,"turns":5.0},{"damage":1.0,"enemies":"Shell Parasite","floor":18.0,"turns":4.0},{"damage":7.0,"enemies":"3 Byrds","floor":20.0,"turns":5.0},{"damage":2.0,"enemies":"Snecko","floor":22.0,"turns":6.0},{"damage":0.0,"enemies":"Colosseum Slavers","floor":29.0,"turns":3.0},{"damage":42.0,"enemies":"Colosseum Nobs","floor":29.0,"turns":4.0},{"damage":0.0,"enemies":"Cultist and Chosen","floor":30.0,"turns":5.0},{"damage":4.0,"enemies":"Snake Plant","floor":31.0,"turns":3.0},{"damage":13.0,"enemies":"Champ","floor":33.0,"turns":10.0},{"damage":3.0,"enemies":"3 Shapes","floor":35.0,"turns":4.0},{"damage":18.0,"enemies":"3 Darklings","floor":37.0,"turns":4.0},{"damage":0.0,"enemies":"Nemesis","floor":40.0,"turns":7.0},{"damage":15.0,"enemies":"Reptomancer","floor":42.0,"turns":5.0},{"damage":14.0,"enemies":"Maw","floor":44.0,"turns":8.0},{"damage":10.0,"enemies":"Jaw Worm Horde","floor":45.0,"turns":4.0},{"damage":0.0,"enemies":"Writhing Mass","floor":46.0,"turns":5.0},{"damage":20.0,"enemies":"Spire Growth","floor":47.0,"turns":6.0},{"damage":15.0,"enemies":"Donu and Deca","floor":50.0,"turns":7.0},{"damage":71.0,"enemies":"Time Eater","floor":51.0,"turns":11.0},{"damage":39.0,"enemies":"Shield and Spear","floor":55.0,"turns":9.0},{"damage":82,"enemies":"The Heart","floor":56,"turns":3}],"seed_played":"-5720701732991259760","potions_obtained":[{"floor":1.0,"key":"SpeedPotion"},{"floor":4.0,"key":"LiquidBronze"},{"floor":13.0,"key":"Poison Potion"},{"floor":22.0,"key":"Regen Potion"},{"floor":30.0,"key":"Dexterity Potion"},{"floor":31.0,"key":"PowerPotion"}],"is_trial":false,"path_per_floor":["M","?","M","M","?","R","?","M","T","E","$","R","M","M","R","B",null,"M","?","M","?","M","R","?","R","T","$","?","?","M","M","R","B",null,"M","$","M","?","?","E","R","E","T","M","M","M","M","?","R","B","B",null,"R","$","E","B"],"character_chosen":"DEFECT","items_purchased":["Doom and Gloom","Letter Opener","Omamori"],"campfire_rested":5,"item_purchase_floors":[11,27,36],"current_hp_per_floor":[58,51,51,51,16,37,37,32,32,5,5,26,26,26,26,7,55,54,54,47,47,45,45,25,47,47,47,47,5,19,15,37,49,69,66,66,48,48,48,48,48,48,48,60,60,76,69,76,76,70,47,69,76,76,63,0],"gold":66,"neow_bonus":"BOSS_RELIC","is_prod":false,"is_daily":false,"chose_seed":false,"campfire_upgraded":3,"win_rate":0,"timestamp":1558212836,"path_taken":["M","?","M","M","?","R","?","?","T","E","$","R","M","M","R","BOSS","M","?","?","?","?","R","?","R","T","$","?","?","M","M","R","BOSS","M","$","M","?","?","E","R","E","T","M","M","M","M","?","R","BOSS","BOSS","R","$","E","BOSS"],"build_version":"2019-01-23","purchased_purges":2,"victory":false,"max_hp_per_floor":[71,71,71,71,71,71,71,71,71,71,71,71,71,71,71,71,71,71,71,71,71,71,71,76,76,76,76,76,76,76,76,76,76,76,76,76,76,76,76,76,76,76,76,76,76,76,76,76,76,76,76,76,76,76,76,76],"card_choices":[{"not_picked":["Scrape","Steam Power"],"picked":"Conserve Battery","floor":1.0},{"not_picked":["Barrage","Leap"],"picked":"Cold Snap","floor":3.0},{"not_picked":["Beam Cell","Streamline"],"picked":"Coolheaded","floor":4.0},{"not_picked":["Heatsinks","Stack+1"],"picked":"Conserve Battery+1","floor":8.0},{"not_picked":["Tempest+1","Gash"],"picked":"Cold Snap","floor":10.0},{"not_picked":["Leap+1","Barrage"],"picked":"Darkness+1","floor":13.0},{"not_picked":["FTL","Conserve Battery+1"],"picked":"Loop","floor":14.0},{"not_picked":["Amplify+1","Buffer"],"picked":"Reboot+1","floor":16.0},{"not_picked":["Cold Snap","Steam+1"],"picked":"White Noise+1","floor":18.0},{"not_picked":["Force Field+1","BootSequence+1"],"picked":"Static Discharge","floor":20.0},{"not_picked":["Steam+1","Blizzard"],"picked":"Hologram+1","floor":22.0},{"not_picked":["Heatsinks","Ball Lightning"],"picked":"Turbo+1","floor":30.0},{"not_picked":["Genetic Algorithm+1","Fusion+1"],"picked":"Coolheaded+1","floor":31.0},{"not_picked":["Machine Learning","All For One"],"picked":"Echo Form","floor":33.0},{"not_picked":["FTL+1","Rebound","Steam+1"],"picked":"SKIP","floor":35.0},{"not_picked":["Chaos+1","Storm","Aggregate+1"],"picked":"SKIP","floor":37.0},{"not_picked":["Thunder Strike","All For One"],"picked":"Self Repair","floor":40.0},{"not_picked":["Rip and Tear","Melter+1","Cold Snap+1"],"picked":"SKIP","floor":42.0},{"not_picked":["Beam Cell","Storm","Rebound+1"],"picked":"SKIP","floor":44.0},{"not_picked":["Rebound","Reprogram+1"],"picked":"Fusion+1","floor":45.0},{"not_picked":["Leap+1","Sweeping Beam+1","Streamline"],"picked":"SKIP","floor":46.0},{"not_picked":["Go for the Eyes","Rebound+1"],"picked":"White Noise+1","floor":47.0},{"not_picked":["Genetic Algorithm+1","Gash+1"],"picked":"Creative AI","floor":55.0}],"player_experience":838425,"relics_obtained":[{"floor":9.0,"key":"DataDisk"},{"floor":10.0,"key":"Anchor"},{"floor":29.0,"key":"Peace Pipe"},{"floor":29.0,"key":"Pantograph"},{"floor":40.0,"key":"Bird Faced Urn"},{"floor":42.0,"key":"Oddly Smooth Stone"},{"floor":55.0,"key":"Emotion Chip"}],"event_choices":[{"cards_removed":["Multi-Cast"],"damage_healed":0.0,"max_hp_gain":0.0,"max_hp_loss":0.0,"gold_gain":0.0,"event_name":"Golden Wing","player_choice":"Card Removal","floor":2.0,"gold_loss":0.0,"damage_taken":7.0},{"damage_healed":0.0,"max_hp_gain":0.0,"max_hp_loss":0.0,"gold_gain":0.0,"event_name":"Scrap Ooze","player_choice":"Success","floor":5.0,"gold_loss":0.0,"damage_taken":35.0,"relics_obtained":["Toxic Egg 2"]},{"damage_healed":0.0,"max_hp_gain":0.0,"max_hp_loss":0.0,"gold_gain":0.0,"event_name":"Living Wall","player_choice":"Grow","floor":7.0,"gold_loss":0.0,"damage_taken":0.0,"cards_upgraded":["Consume"]},{"cards_removed":["Zap"],"damage_healed":0.0,"max_hp_gain":0.0,"max_hp_loss":0.0,"gold_gain":0.0,"event_name":"Designer","player_choice":"Upgrade and Remove","floor":19.0,"gold_loss":110.0,"damage_taken":0.0,"cards_upgraded":["Cold Snap"]},{"damage_healed":0.0,"max_hp_gain":0.0,"max_hp_loss":0.0,"gold_gain":275.0,"event_name":"Golden Shrine","player_choice":"Desecrate","floor":21.0,"gold_loss":0.0,"damage_taken":0.0,"cards_obtained":["Regret"]},{"damage_healed":0.0,"max_hp_gain":5.0,"max_hp_loss":0.0,"gold_gain":0.0,"event_name":"Forgotten Altar","player_choice":"Shed Blood","floor":24.0,"gold_loss":0.0,"damage_taken":25.0},{"damage_healed":0.0,"max_hp_gain":0.0,"max_hp_loss":0.0,"gold_gain":0.0,"cards_transformed":["Go for the Eyes","Tempest"],"event_name":"Drug Dealer","player_choice":"Became Test Subject","floor":28.0,"gold_loss":0.0,"damage_taken":0.0,"cards_obtained":["Redo","Leap"]},{"damage_healed":0.0,"max_hp_gain":0.0,"max_hp_loss":0.0,"gold_gain":0.0,"event_name":"Colosseum","player_choice":"Fight","floor":29.0,"gold_loss":0.0,"damage_taken":0.0},{"damage_healed":0.0,"max_hp_gain":0.0,"max_hp_loss":0.0,"gold_gain":0.0,"event_name":"Colosseum","player_choice":"Fought Nobs","floor":29.0,"gold_loss":0.0,"damage_taken":0.0},{"damage_healed":0.0,"max_hp_gain":0.0,"max_hp_loss":0.0,"gold_gain":0.0,"event_name":"Mysterious Sphere","player_choice":"Ignored","floor":38.0,"gold_loss":0.0,"damage_taken":0.0},{"damage_healed":0.0,"max_hp_gain":0.0,"max_hp_loss":0.0,"gold_gain":0.0,"event_name":"Tomb of Lord Red Mask","player_choice":"Paid","floor":39.0,"gold_loss":98.0,"damage_taken":0.0,"relics_obtained":["Red Mask"]},{"damage_healed":15.0,"max_hp_gain":0.0,"max_hp_loss":0.0,"gold_gain":0.0,"event_name":"Winding Halls","player_choice":"Writhe","floor":48.0,"gold_loss":0.0,"damage_taken":0.0,"cards_obtained":["Writhe"]}],"is_beta":false,"boss_relics":[{"not_picked":["Astrolabe","Runic Dome"],"picked":"Cursed Key"},{"not_picked":["Busted Crown","Tiny House"],"picked":"Sozu"}],"items_purged_floors":[27,54],"is_endless":false,"potions_floor_spawned":[1,4,13,22,30,31,35,40,42],"killed_by":"The Heart","ascension_level":20}