{"gold_per_floor":[212,68,85,85,85,85,114,126,126,26,57,57,57,57,57,158,158,158,158,83,96,96,96,121,121,121,121,141,153,167,167],"floor_reached":31,"playtime":1692,"items_purged":["Strike_B","Strike_B"],"score":287,"play_id":"61355199-29ae-4a92-9848-484c7faaf5c8","local_time":"20190601214520","is_ascension_mode":true,"campfire_choices":[{"data":"Gash","floor":6,"key":"SMITH"},{"floor":12,"key":"REST"},{"floor":15,"key":"REST"},{"data":"Creative AI","floor":23,"key":"SMITH"},{"data":"Glacier","floor":25,"key":"SMITH"}],"neow_cost":"NONE","seed_source_timestamp":129462712213508,"circlet_count":0,"master_deck":["Defend_B","Zap","Dualcast","Gash+1","Capacitor","Streamline","Gash","Cold Snap","Creative AI+1","Darkness+1","Redo+1","Echo Form+1","Gash","Glacier+1","Glacier"],"relics":["Cracked Core","Bottled Flame","Bag of Preparation","Ancient Tea Set","Mercury Hourglass","Astrolabe","Enchiridion","PreservedInsect","Bag of Marbles","Frozen Egg 2","MutagenicStrength"],"potions_floor_usage":[7,7,11,18,29,30],"damage_taken":[{"damage":0,"enemies":"Cultist","floor":1,"turns":3},{"damage":2,"enemies":"Small Slimes","floor":3,"turns":3},{"damage":14,"enemies":"Gremlin Nob","floor":7,"turns":3},{"damage":12,"enemies":"Jaw Worm","floor":8,"turns":2},{"damage":34,"enemies":"3 Sentries","floor":11,"turns":7},{"damage":22,"enemies":"The Guardian","floor":16,"turns":9},{"damage":6,"enemies":"3 Byrds","floor":18,"turns":2},{"damage":7,"enemies":"Chosen","floor":21,"turns":3},{"damage":17,"enemies":"Slavers","floor":24,"turns":4},{"damage":8,"enemies":"Snake Plant","floor":28,"turns":3},{"damage":20,"enemies":"Centurion and Healer","floor":29,"turns":5},{"damage":0,"enemies":"3 Cultists","floor":30,"turns":5},{"damage":4,"enemies":"Chosen and Byrds","floor":31,"turns":1}],"seed_played":"8428072518095163742","potions_obtained":[{"floor":3,"key":"Fire Potion"},{"floor":5,"key":"SmokeBomb"},{"floor":5,"key":"SteroidPotion"},{"floor":7,"key":"SneckoOil"},{"floor":16,"key":"LiquidBronze"},{"floor":21,"key":"SpeedPotion"},{"floor":29,"key":"LiquidBronze"}],"is_trial":false,"path_per_floor":["M","$","M","?","?","R","E","M","T","$","E","R","T","?","R","B",null,"M","?","?","M","T","R","E","R","T","?","M","M","M","M"],"character_chosen":"DEFECT","items_purchased":["Capacitor"],"campfire_rested":2,"item_purchase_floors":[2],"current_hp_per_floor":[75,75,73,73,73,73,59,47,47,47,13,35,35,35,57,35,75,69,53,53,46,46,46,29,29,29,29,21,1,1,0],"gold":167,"neow_bonus":"HUNDRED_GOLD","is_prod":false,"is_daily":false,"chose_seed":false,"campfire_upgraded":3,"win_rate":0,"timestamp":1559418320,"path_taken":["M","?","M","?","?","R","E","?","T","?","E","R","?","?","R","BOSS","M","?","?","M","?","R","E","R","T","?","?","M","M","?"],"build_version":"2019-01-23","purchased_purges":2,"victory":false,"max_hp_per_floor":[75,75,75,75,75,75,75,75,75,75,75,75,75,75,75,75,75,75,75,75,75,75,75,75,75,75,75,75,75,75,75],"card_choices":[{"not_picked":["Leap","Coolheaded"],"picked":"Gash","floor":1},{"not_picked":["Skim","Sweeping Beam","Melter"],"picked":"SKIP","floor":3},{"not_picked":["Skim","Hyperbeam"],"picked":"Streamline","floor":7},{"not_picked":["Stack","Turbo"],"picked":"Gash","floor":8},{"not_picked":["Redo","Streamline"],"picked":"Cold Snap","floor":11},{"not_picked":["Meteor Strike","Reboot"],"picked":"Creative AI","floor":16},{"not_picked":["Melter","Compile Driver"],"picked":"Gash","floor":21},{"not_picked":["Capacitor","Reprogram+1"],"picked":"Glacier","floor":24},{"not_picked":["Stack","Storm+1","Hologram"],"picked":"SKIP","floor":28},{"not_picked":["Hello World+1","Rebound"],"picked":"Glacier","floor":29},{"not_picked":["Hyperbeam","Coolheaded","Leap"],"picked":"SKIP","floor":30}],"player_experience":155455,"relics_obtained":[{"floor":7,"key":"Bottled Flame"},{"floor":9,"key":"Bag of Preparation"},{"floor":11,"key":"Ancient Tea Set"},{"floor":13,"key":"Mercury Hourglass"},{"floor":19,"key":"Enchiridion"},{"floor":22,"key":"PreservedInsect"},{"floor":24,"key":"Bag of Marbles"},{"floor":26,"key":"Frozen Egg 2"}],"event_choices":[{"cards_removed":["Defend_B"],"damage_healed":0,"gold_gain":0,"player_choice":"Forget","damage_taken":0,"max_hp_gain":0,"max_hp_loss":0,"event_name":"Living Wall","floor":4,"gold_loss":0},{"damage_healed":0,"gold_gain":0,"player_choice":"Got Potions","damage_taken":0,"max_hp_gain":0,"max_hp_loss":0,"event_name":"Lab","floor":5,"gold_loss":0},{"damage_healed":0,"gold_gain":0,"player_choice":"Ignored","damage_taken":0,"max_hp_gain":0,"max_hp_loss":0,"event_name":"Shining Light","floor":14,"gold_loss":0},{"damage_healed":0,"gold_gain":0,"player_choice":"Obtained Book","damage_taken":16,"max_hp_gain":0,"max_hp_loss":0,"event_name":"Cursed Tome","floor":19,"gold_loss":0},{"cards_removed":["Defend_B"],"damage_healed":0,"gold_gain":0,"player_choice":"Gave Gold","damage_taken":0,"max_hp_gain":0,"max_hp_loss":0,"event_name":"Beggar","floor":20,"gold_loss":75},{"damage_healed":0,"gold_gain":0,"player_choice":"Inject Mutagens","damage_taken":0,"relics_obtained":["MutagenicStrength"],"max_hp_gain":0,"max_hp_loss":0,"event_name":"Drug Dealer","floor":27,"gold_loss":0}],"is_beta":false,"boss_relics":[{"not_picked":["Tiny House","Runic Pyramid"],"picked":"Astrolabe"}],"items_purged_floors":[2,10],"is_endless":false,"potions_floor_spawned":[3,7,16,18,21,29],"killed_by":"Chosen and Byrds","ascension_level":2}