{"gold_per_floor":[210,210,228,242,20,20,52,52,52,62,73,73,93,120,120,198,198,198,198,198,113,113,113,113,113,113,113,113,32,32,32,32,32,32,32,32,32,32,3,3,3,3,3,3,3,0,0,0,0,0],"floor_reached":50,"playtime":2951,"items_purged":["Strike_G"],"score":1173,"play_id":"8bc385d9-725d-48a3-9dc9-251135ddbd78","local_time":"20190407205037","is_ascension_mode":true,"campfire_choices":[{"data":"Crippling Poison","floor":6,"key":"SMITH"},{"data":"Well Laid Plans","floor":12,"key":"SMITH"},{"data":"Noxious Fumes","floor":15,"key":"SMITH"},{"data":"Footwork","floor":24,"key":"SMITH"},{"floor":28,"key":"REST"},{"data":"Noxious Fumes","floor":32,"key":"SMITH"},{"floor":41,"key":"REST"},{"floor":45,"key":"RECALL"},{"floor":49,"key":"REST"}],"neow_cost":"NONE","seed_source_timestamp":32051958946432,"circlet_count":0,"master_deck":["AscendersBane","Defend_G+1","Defend_G+1","Defend_G+1","Defend_G+1","Defend_G+1","Strike_G+1","Strike_G+1","Strike_G+1","Strike_G+1","Survivor","Neutralize","Noxious Fumes+1","Noxious Fumes+1","Poisoned Stab","Crippling Poison+1","Well Laid Plans+1","Dodge and Roll","Deflect","Blur","Burst","Leg Sweep","Dash","Footwork+1","Bouncing Flask","Dodge and Roll","Dodge and Roll","After Image","PiercingWail","Noxious Fumes","PiercingWail","PiercingWail+1","Bouncing Flask+1","Deadly Poison+1","Acrobatics+1"],"relics":["Ring of the Snake","StoneCalendar","The Specimen","Juzu Bracelet","Ectoplasm","Smiling Mask","Mercury Hourglass","Anchor","Nunchaku","Lizard Tail","Thread and Needle","Frozen Egg 2","Red Mask"],"potions_floor_usage":[16,23,23,33,37,40,42,48],"damage_taken":[{"damage":0,"enemies":"Small Slimes","floor":1,"turns":4},{"damage":0,"enemies":"Cultist","floor":3,"turns":4},{"damage":2,"enemies":"Jaw Worm","floor":4,"turns":4},{"damage":12,"enemies":"Lagavulin","floor":7,"turns":6},{"damage":0,"enemies":"2 Fungi Beasts","floor":10,"turns":4},{"damage":1,"enemies":"Blue Slaver","floor":11,"turns":6},{"damage":3,"enemies":"3 Louse","floor":13,"turns":2},{"damage":12,"enemies":"3 Sentries","floor":14,"turns":6},{"damage":10,"enemies":"Slime Boss","floor":16,"turns":7},{"damage":22,"enemies":"Chosen","floor":18,"turns":6},{"damage":0,"enemies":"Shell Parasite","floor":22,"turns":6},{"damage":15,"enemies":"Slavers","floor":23,"turns":5},{"damage":9,"enemies":"Centurion and Healer","floor":25,"turns":6},{"damage":0,"enemies":"Snake Plant","floor":27,"turns":6},{"damage":10,"enemies":"Gremlin Leader","floor":30,"turns":7},{"damage":0,"enemies":"Sentry and Sphere","floor":31,"turns":6},{"damage":0,"enemies":"Automaton","floor":33,"turns":10},{"damage":0,"enemies":"Orb Walker","floor":35,"turns":4},{"damage":32,"enemies":"2 Orb Walkers","floor":37,"turns":6},{"damage":0,"enemies":"3 Shapes","floor":38,"turns":3},{"damage":9,"enemies":"Maw","floor":40,"turns":9},{"damage":39,"enemies":"Reptomancer","floor":42,"turns":8},{"damage":13,"enemies":"Spire Growth","floor":44,"turns":7},{"damage":0,"enemies":"Writhing Mass","floor":47,"turns":7},{"damage":5,"enemies":"Transient","floor":48,"turns":6},{"damage":36,"enemies":"Time Eater","floor":50,"turns":6}],"seed_played":"2560995083445446749","potions_obtained":[{"floor":1,"key":"Regen Potion"},{"floor":7,"key":"Explosive Potion"},{"floor":16,"key":"PowerPotion"},{"floor":22,"key":"Fire Potion"},{"floor":23,"key":"GamblersBrew"},{"floor":37,"key":"Fire Potion"},{"floor":38,"key":"EssenceOfSteel"},{"floor":44,"key":"Fire Potion"},{"floor":48,"key":"Dexterity Potion"}],"is_trial":false,"path_per_floor":["M","?","M","M","$","R","E","$","T","M","M","R","M","E","R","B",null,"M","?","?","?","M","E","R","M","T","M","R","$","E","M","R","B",null,"M","?","?","M","$","M","R","E","T","M","R","?","M","M","R","B"],"character_chosen":"THE_SILENT","items_purchased":["Well Laid Plans","Dodge and Roll","Regen Potion","PiercingWail"],"campfire_rested":3,"item_purchase_floors":[5,5,29,39],"current_hp_per_floor":[59,59,59,57,57,57,45,45,45,45,44,44,41,29,29,34,58,36,36,36,36,36,21,21,12,12,12,31,31,21,21,21,36,59,59,59,27,27,27,18,36,30,30,17,17,17,17,12,30,0],"gold":0,"neow_bonus":"HUNDRED_GOLD","is_prod":false,"is_daily":false,"chose_seed":false,"campfire_upgraded":5,"win_rate":0,"timestamp":1554684637,"path_taken":["M","?","M","M","$","R","E","?","T","M","M","R","M","E","R","BOSS","M","?","?","?","M","E","R","M","T","M","R","?","E","M","R","BOSS","M","?","?","M","$","M","R","E","T","M","R","?","M","M","R","BOSS"],"build_version":"2019-01-23","purchased_purges":1,"victory":false,"max_hp_per_floor":[66,66,66,66,66,66,66,66,66,66,66,66,66,66,66,66,66,66,66,66,66,66,66,66,66,66,66,66,66,66,66,66,66,66,66,63,63,63,63,63,63,63,63,63,63,63,63,63,63,63],"card_choices":[{"not_picked":["Setup","Bane"],"picked":"Noxious Fumes","floor":1},{"not_picked":["Calculated Gamble","Sucker Punch"],"picked":"Poisoned Stab","floor":3},{"not_picked":["Prepared","Poisoned Stab"],"picked":"Crippling Poison","floor":4},{"not_picked":["Dagger Throw","Heel Hook"],"picked":"Deflect","floor":7},{"not_picked":["Slice","Accuracy","Dagger Spray"],"picked":"SKIP","floor":10},{"not_picked":["Predator","Choke","Slice"],"picked":"SKIP","floor":11},{"not_picked":["Dagger Throw","Blade Dance","Outmaneuver"],"picked":"SKIP","floor":13},{"not_picked":["Predator","Heel Hook"],"picked":"Blur","floor":14},{"not_picked":["Grand Finale","Glass Knife"],"picked":"Burst","floor":16},{"not_picked":["Cloak And Dagger","Heel Hook"],"picked":"Leg Sweep","floor":18},{"not_picked":["Sucker Punch","Distraction"],"picked":"Footwork","floor":22},{"not_picked":["Deflect","Sucker Punch"],"picked":"Bouncing Flask","floor":23},{"not_picked":["Dagger Throw","Slice"],"picked":"Dodge and Roll","floor":25},{"not_picked":["Sucker Punch","Quick Slash+1"],"picked":"Dodge and Roll","floor":27},{"not_picked":["Outmaneuver","Dagger Throw","Bane"],"picked":"SKIP","floor":30},{"not_picked":["Concentrate","Underhanded Strike","Poisoned Stab"],"picked":"SKIP","floor":31},{"not_picked":["Phantasmal Killer","Venomology"],"picked":"After Image","floor":33},{"not_picked":["Deflect","Bane","Poisoned Stab+1"],"picked":"SKIP","floor":35},{"not_picked":["Prepared","Blade Dance"],"picked":"PiercingWail","floor":37},{"not_picked":["Backflip","All Out Attack"],"picked":"Noxious Fumes","floor":38},{"not_picked":["Sucker Punch","Endless Agony"],"picked":"PiercingWail+1","floor":40},{"not_picked":["Backflip","Bane"],"picked":"Bouncing Flask+1","floor":42},{"not_picked":["Grand Finale","Prepared","Dagger Throw+1"],"picked":"SKIP","floor":44},{"not_picked":["Predator+1","Setup"],"picked":"Deadly Poison+1","floor":47},{"not_picked":["Heel Hook","Dagger Throw"],"picked":"Acrobatics+1","floor":48}],"player_experience":670927,"relics_obtained":[{"floor":7,"key":"StoneCalendar"},{"floor":9,"key":"The Specimen"},{"floor":14,"key":"Juzu Bracelet"},{"floor":23,"key":"Mercury Hourglass"},{"floor":26,"key":"Anchor"},{"floor":30,"key":"Nunchaku"},{"floor":37,"key":"Thread and Needle"},{"floor":42,"key":"Frozen Egg 2"}],"event_choices":[{"damage_healed":0,"gold_gain":0,"player_choice":"1 cards matched","damage_taken":0,"max_hp_gain":0,"max_hp_loss":0,"event_name":"Match and Keep!","floor":2,"gold_loss":0,"cards_obtained":["Noxious Fumes"]},{"damage_healed":0,"gold_gain":0,"player_choice":"Read","damage_taken":0,"max_hp_gain":0,"max_hp_loss":0,"event_name":"The Library","floor":19,"gold_loss":0,"cards_obtained":["Dash"]},{"damage_healed":0,"gold_gain":0,"player_choice":"Simplicity","damage_taken":0,"max_hp_gain":0,"max_hp_loss":0,"event_name":"Back to Basics","floor":20,"gold_loss":0,"cards_upgraded":["Defend_G","Defend_G","Defend_G","Defend_G","Defend_G","Strike_G","Strike_G","Strike_G","Strike_G"]},{"damage_healed":0,"gold_gain":0,"player_choice":"Obtained Relic","damage_taken":0,"relics_obtained":["Smiling Mask"],"max_hp_gain":0,"max_hp_loss":0,"event_name":"Addict","floor":21,"gold_loss":85},{"damage_healed":0,"gold_gain":0,"player_choice":"Max HP","damage_taken":0,"max_hp_gain":0,"max_hp_loss":3,"event_name":"Winding Halls","floor":36,"gold_loss":0},{"damage_healed":0,"gold_gain":0,"player_choice":"Fight","damage_taken":0,"max_hp_gain":0,"max_hp_loss":0,"event_name":"Mysterious Sphere","floor":37,"gold_loss":0},{"damage_healed":0,"gold_gain":0,"player_choice":"Paid","damage_taken":0,"relics_obtained":["Red Mask"],"max_hp_gain":0,"max_hp_loss":0,"event_name":"Tomb of Lord Red Mask","floor":46,"gold_loss":3}],"is_beta":false,"boss_relics":[{"not_picked":["Coffee Dripper","Eternal Feather"],"picked":"Ectoplasm"},{"not_picked":["WristBlade","HoveringKite"],"picked":"Lizard Tail"}],"items_purged_floors":[5],"is_endless":false,"potions_floor_spawned":[1,7,13,14,16,22,23,30,31,37,38,44,48],"killed_by":"Time Eater","ascension_level":20}