{"gold_per_floor":[16,27,43,43,63,63,88,88,88,88],"floor_reached":10,"playtime":330,"items_purged":[],"score":136,"play_id":"dd9110b6-ff0e-42d7-957d-796fbbf0f748","local_time":"20190726224338","is_ascension_mode":true,"campfire_choices":[{"data":"Bash","floor":6,"key":"SMITH"},{"floor":8,"key":"REST"}],"neow_cost":"NO_GOLD","seed_source_timestamp":519877964130529,"circlet_count":0,"master_deck":["AscendersBane","Strike_R","Strike_R","Strike_R","Strike_R","Strike_R","Defend_R","Defend_R","Defend_R","Defend_R+1","Bash+1","Demon Form+1","Cleave","Spot Weakness","Heavy Blade","Shockwave"],"relics":["Burning Blood","Happy Flower","Bronze Scales"],"potions_floor_usage":[10],"damage_taken":[{"damage":4,"enemies":"2 Louse","floor":1,"turns":3},{"damage":2,"enemies":"Small Slimes","floor":2,"turns":4},{"damage":7,"enemies":"Cultist","floor":3,"turns":4},{"damage":15,"enemies":"Exordium Wildlife","floor":5,"turns":3},{"damage":17,"enemies":"Lagavulin","floor":7,"turns":6},{"damage":57,"enemies":"Gremlin Nob","floor":10,"turns":4}],"seed_played":"-8492953053335894478","potions_obtained":[{"floor":5,"key":"SkillPotion"}],"is_trial":false,"path_per_floor":["M","M","M","?","M","R","E","R","T","E"],"character_chosen":"IRONCLAD","items_purchased":[],"campfire_rested":1,"item_purchase_floors":[],"current_hp_per_floor":[70,74,73,50,41,41,30,52,52,0],"gold":88,"neow_bonus":"THREE_RARE_CARDS","is_prod":false,"is_daily":false,"chose_seed":false,"campfire_upgraded":1,"win_rate":0,"timestamp":1564195418,"path_taken":["M","M","M","?","M","R","E","R","T","E"],"build_version":"2019-07-17","purchased_purges":0,"victory":false,"max_hp_per_floor":[75,75,75,75,75,75,75,75,75,75],"card_choices":[{"not_picked":["Limit Break","Barricade"],"picked":"Demon Form","floor":0},{"not_picked":["Armaments","Wild Strike"],"picked":"Cleave","floor":1},{"not_picked":["True Grit","Evolve"],"picked":"Spot Weakness","floor":2},{"not_picked":["Flex","Pommel Strike"],"picked":"Heavy Blade","floor":3},{"not_picked":["Clash","Perfected Strike","Blood for Blood"],"picked":"SKIP","floor":5},{"not_picked":["Cleave","Berserk"],"picked":"Shockwave","floor":7}],"player_experience":998084,"relics_obtained":[{"floor":7,"key":"Happy Flower"},{"floor":9,"key":"Bronze Scales"}],"event_choices":[{"damage_healed":0,"gold_gain":0,"player_choice":"Entered Light","damage_taken":23,"max_hp_gain":0,"max_hp_loss":0,"event_name":"Shining Light","floor":4,"gold_loss":0,"cards_upgraded":["Defend_R","Demon Form"]}],"is_beta":false,"boss_relics":[],"items_purged_floors":[],"is_endless":false,"potions_floor_spawned":[5],"killed_by":"Gremlin Nob","ascension_level":20}