{"gold_per_floor":[114,129,144,319,319,349,349,379,379,379,379,394,149,204,204,304,304,319,334,334,349,349,379,379,304,304,304,334,349,364,389,389,489,489,504,504,504,519,544,544,574,137,137,152,152,182,197,212,212,212],"floor_reached":51,"playtime":1320,"items_purged":["Normality"],"score":1228,"play_id":"7c266894-6bd6-4a57-a524-c0ccb52c901a","local_time":"20180904151228","daily_mods":["Specialized","Time Dilation","Night Terrors"],"is_ascension_mode":false,"campfire_choices":[{"data":"Backstab","floor":7,"key":"SMITH"},{"data":"Burst","floor":15,"key":"SMITH"},{"data":"Expertise","floor":24,"key":"SMITH"},{"data":"Burst","floor":27,"key":"SMITH"},{"data":"Finisher","floor":32,"key":"SMITH"},{"floor":40,"key":"REST"},{"data":"Mind Blast","floor":49,"key":"SMITH"}],"neow_cost":"","seed_source_timestamp":0,"circlet_count":0,"master_deck":["Defend_G+1","Defend_G+1","Defend_G+1","Defend_G+1","Defend_G+1","Strike_G+1","Strike_G+1","Strike_G+1","Survivor+1","Neutralize+1","Adrenaline+1","Adrenaline+1","Adrenaline+1","Adrenaline+1","Adrenaline+1","Dagger Spray+1","Outmaneuver+1","Burst+1","Doubt","Expertise+1","Backstab+1","Adrenaline+1","Dagger Throw+1","Burst+1","Sucker Punch+1","Decay","Finisher+1","All Out Attack+1","Acrobatics+1","Finisher+1","Blade Dance+1","Malaise+1","Writhe","Injury","Underhanded Strike+1","Writhe","Blade Dance+1","Choke","Quick Slash","Unload","Distraction","Mind Blast+1","Backflip","Glass Knife+1","PiercingWail+1","Crippling Poison+1"],"special_seed":17778,"relics":["Ring of the Snake","Tough Bandages","Ancient Tea Set","Ninja Scroll","Bag of Marbles","Tiny Chest","Runic Dome","Art of War","Dream Catcher","Meat on the Bone","Orichalcum","War Paint","Calling Bell","Happy Flower","Pear","Mango","Mark of the Bloom","Centennial Puzzle","StoneCalendar","Molten Egg 2","Question Card"],"potions_floor_usage":[6,47,50,50,50],"damage_taken":[{"damage":0,"enemies":"Cultist","floor":1,"turns":1},{"damage":0,"enemies":"2 Louse","floor":2,"turns":1},{"damage":0,"enemies":"Small Slimes","floor":3,"turns":1},{"damage":17,"enemies":"Lagavulin","floor":6,"turns":8},{"damage":0,"enemies":"Gremlin Nob","floor":8,"turns":2},{"damage":0,"enemies":"2 Fungi Beasts","floor":12,"turns":1},{"damage":0,"enemies":"Slime Boss","floor":16,"turns":1},{"damage":0,"enemies":"Chosen","floor":18,"turns":1},{"damage":0,"enemies":"3 Byrds","floor":19,"turns":2},{"damage":0,"enemies":"Centurion and Healer","floor":21,"turns":1},{"damage":0,"enemies":"Book of Stabbing","floor":23,"turns":1},{"damage":0,"enemies":"Gremlin Leader","floor":28,"turns":1},{"damage":0,"enemies":"Shelled Parasite and Fungi","floor":29,"turns":1},{"damage":0,"enemies":"Snecko","floor":30,"turns":1},{"damage":0,"enemies":"Automaton","floor":33,"turns":1},{"damage":2,"enemies":"3 Shapes","floor":35,"turns":3},{"damage":0,"enemies":"Orb Walker","floor":38,"turns":1},{"damage":0,"enemies":"Nemesis","floor":41,"turns":1},{"damage":0,"enemies":"Maw","floor":44,"turns":2},{"damage":0,"enemies":"Giant Head","floor":46,"turns":3},{"damage":0,"enemies":"Transient","floor":47,"turns":1},{"damage":0,"enemies":"Spire Growth","floor":48,"turns":1},{"damage":3,"enemies":"Donu and Deca","floor":50,"turns":5}],"seed_played":"899177994719070386","potions_obtained":[{"floor":1,"key":"Regen Potion"},{"floor":2,"key":"FearPotion"},{"floor":3,"key":"Explosive Potion"},{"floor":16,"key":"SteroidPotion"},{"floor":41,"key":"Swift Potion"},{"floor":48,"key":"FearPotion"}],"is_trial":false,"path_per_floor":["M","M","M","?","?","E","R","E","T","?","?","M","$","T","R","B",null,"M","M","?","M","?","E","R","?","T","R","E","M","M","T","R","B",null,"M","?","?","M","T","R","E","$","T","M","?","E","M","M","R","B"],"character_chosen":"THE_SILENT","items_purchased":["Bag of Marbles","Dagger Throw","AttackPotion","Quick Slash","Well Laid Plans","Unload","Distraction","Mind Blast"],"campfire_rested":1,"item_purchase_floors":[13,13,13,42,42,42,42,42],"current_hp_per_floor":[70,70,70,70,70,53,53,53,53,39,32,32,32,32,32,32,70,70,70,70,70,70,70,70,70,70,70,70,70,70,70,70,70,94,92,92,92,92,92,89,89,89,89,89,89,89,89,89,89,86],"gold":212,"neow_bonus":"","is_prod":false,"is_daily":true,"chose_seed":false,"campfire_upgraded":6,"win_rate":0,"timestamp":1536048748,"path_taken":["M","M","?","?","?","E","R","E","T","?","?","?","?","?","R","BOSS","M","M","?","M","?","E","R","?","T","R","E","M","?","?","R","BOSS","M","?","?","?","?","R","E","$","T","M","?","E","M","M","R","BOSS"],"build_version":"2018-09-03","purchased_purges":1,"victory":true,"max_hp_per_floor":[70,70,70,70,70,70,70,70,70,70,70,70,70,70,70,70,70,70,70,70,70,70,70,70,70,70,70,70,70,70,70,70,70,94,94,94,94,94,94,89,89,89,89,89,89,89,89,89,89,89],"card_choices":[{"not_picked":["PiercingWail","Reflex"],"picked":"Dagger Spray","floor":1},{"not_picked":["Bouncing Flask","Underhanded Strike"],"picked":"Outmaneuver","floor":2},{"not_picked":["Poisoned Stab","Finisher"],"picked":"Burst","floor":3},{"not_picked":["Prepared","Flying Knee"],"picked":"Backstab","floor":6},{"not_picked":["Setup","Outmaneuver","Prepared"],"picked":"SKIP","floor":8},{"not_picked":["Riddle With Holes","Outmaneuver"],"picked":"Adrenaline","floor":12},{"not_picked":["Doppelganger","Venomology"],"picked":"Burst","floor":16},{"not_picked":["Deflect","Bane+1","Eviscerate"],"picked":"SKIP","floor":18},{"not_picked":["Tactician+1","Dagger Throw"],"picked":"Sucker Punch","floor":19},{"not_picked":["Dodge and Roll","Finisher+1","Choke"],"picked":"SKIP","floor":21},{"not_picked":["Dodge and Roll","Choke"],"picked":"Finisher+1","floor":21},{"not_picked":["Caltrops+1","Venomology"],"picked":"All Out Attack","floor":23},{"not_picked":["PiercingWail+1","Deflect"],"picked":"Acrobatics+1","floor":28},{"not_picked":["Choke","All Out Attack"],"picked":"Finisher","floor":29},{"not_picked":["Finisher","Setup+1"],"picked":"Blade Dance","floor":30},{"not_picked":["Envenom","Corpse Explosion"],"picked":"Malaise","floor":33},{"not_picked":["Slice","Outmaneuver"],"picked":"Underhanded Strike+1","floor":35},{"not_picked":["Flechettes","Outmaneuver+1","Poisoned Stab"],"picked":"SKIP","floor":38},{"not_picked":["Skewer+1","Flying Knee+1"],"picked":"Blade Dance+1","floor":40},{"not_picked":["Deflect","Dagger Spray+1"],"picked":"Choke","floor":41},{"not_picked":["Footwork","Well Laid Plans+1"],"picked":"Backflip","floor":44},{"not_picked":["Accuracy+1","Flying Knee+1"],"picked":"Glass Knife+1","floor":46},{"not_picked":["Outmaneuver","Slice+1","Poisoned Stab+1"],"picked":"PiercingWail+1","floor":47},{"not_picked":["All Out Attack+1","Masterful Stab+1","Caltrops+1"],"picked":"Crippling Poison+1","floor":48}],"player_experience":336348,"relics_obtained":[{"floor":6,"key":"Tough Bandages"},{"floor":8,"key":"Ancient Tea Set"},{"floor":9,"key":"Ninja Scroll"},{"floor":14,"key":"Tiny Chest"},{"floor":23,"key":"Dream Catcher"},{"floor":26,"key":"Meat on the Bone"},{"floor":28,"key":"Orichalcum"},{"floor":31,"key":"War Paint"},{"floor":34,"key":"Happy Flower"},{"floor":34,"key":"Pear"},{"floor":34,"key":"Mango"},{"floor":39,"key":"Centennial Puzzle"},{"floor":41,"key":"StoneCalendar"},{"floor":43,"key":"Molten Egg 2"},{"floor":46,"key":"Question Card"}],"event_choices":[{"event_name":"Liars Game","player_choice":"agreed","floor":4,"damage_taken":0},{"event_name":"Living Wall","player_choice":"Change","floor":5,"damage_taken":0},{"event_name":"Shining Light","player_choice":"Entered Light","floor":10,"damage_taken":0},{"event_name":"Wheel of Change","player_choice":"Damage","floor":11,"damage_taken":0},{"event_name":"Forgotten Altar","player_choice":"Smashed Altar","floor":20,"damage_taken":0},{"event_name":"The Mausoleum","player_choice":"Yes","floor":22,"damage_taken":0},{"event_name":"Beggar","player_choice":"Gave Gold","floor":25,"damage_taken":0},{"event_name":"MindBloom","player_choice":"Upgrade","floor":36,"damage_taken":0},{"event_name":"Winding Halls","player_choice":"Writhe","floor":37,"damage_taken":0},{"event_name":"Falling","player_choice":"Removed Power","floor":45,"damage_taken":0}],"is_beta":true,"boss_relics":[{"not_picked":["Snecko Eye","Velvet Choker"],"picked":"Runic Dome"},{"not_picked":["Pandora\u0027s Box","Ring of the Serpent"],"picked":"Calling Bell"}],"items_purged_floors":[42],"is_endless":false,"potions_floor_spawned":[1,2,3,16,18,30,41,44,48],"ascension_level":0}