{"gold_per_floor":[119,137,150,167,186,186,205,236,318,318,200,200,227,227,227,322,322,341,361,379,294,294,294,31,31,77,97,122,138,138,154,154,154],"floor_reached":33,"playtime":1418,"items_purged":["Strike_R","Strike_R"],"score":622,"play_id":"c9268a90-3c56-4fbc-b8e4-bf26998fcb63","local_time":"20190926220630","is_ascension_mode":true,"campfire_choices":[{"data":"Rage","floor":6,"key":"SMITH"},{"data":"Anger","floor":10,"key":"SMITH"},{"data":"Feed","floor":12,"key":"SMITH"},{"data":"Fire Breathing","floor":15,"key":"SMITH"},{"floor":23,"key":"REST"},{"floor":25,"key":"REST"},{"floor":32,"key":"REST"}],"neow_cost":"NONE","seed_source_timestamp":855370941371800,"circlet_count":0,"master_deck":["AscendersBane","Strike_R","Strike_R","Strike_R","Defend_R","Defend_R","Defend_R","Defend_R","Bash","Anger+1","Wild Strike","Battle Trance","Rage+1","Feel No Pain","Feed+1","Fire Breathing+1","Shrug It Off","Offering","Reaper","Dark Embrace","Metallicize","Armaments","Shrug It Off","Second Wind"],"relics":["Burning Blood","Vajra","Blue Candle","Regal Pillow","Golden Idol","Fusion Hammer","StoneCalendar","Membership Card","Omamori"],"potions_floor_usage":[8,16,20,27,27,33],"damage_taken":[{"damage":4,"enemies":"Small Slimes","floor":1,"turns":4},{"damage":4,"enemies":"Jaw Worm","floor":2,"turns":4},{"damage":7,"enemies":"2 Louse","floor":3,"turns":3},{"damage":8,"enemies":"2 Fungi Beasts","floor":4,"turns":4},{"damage":6,"enemies":"3 Louse","floor":5,"turns":4},{"damage":9,"enemies":"Exordium Wildlife","floor":7,"turns":6},{"damage":30,"enemies":"Lagavulin","floor":8,"turns":7},{"damage":14,"enemies":"3 Sentries","floor":13,"turns":7},{"damage":0,"enemies":"Slime Boss","floor":16,"turns":5},{"damage":42,"enemies":"Shell Parasite","floor":18,"turns":8},{"damage":23,"enemies":"2 Thieves","floor":19,"turns":3},{"damage":14,"enemies":"Chosen and Byrds","floor":20,"turns":4},{"damage":23,"enemies":"Snecko","floor":27,"turns":5},{"damage":28,"enemies":"Centurion and Healer","floor":28,"turns":6},{"damage":42,"enemies":"Snake Plant","floor":29,"turns":6},{"damage":26,"enemies":"Snecko","floor":31,"turns":7},{"damage":65,"enemies":"Automaton","floor":33,"turns":6}],"seed_played":"-682764595111541496","potions_obtained":[{"floor":4,"key":"AttackPotion"},{"floor":5,"key":"Ancient Potion"},{"floor":13,"key":"Fire Potion"},{"floor":18,"key":"PowerPotion"},{"floor":20,"key":"Explosive Potion"},{"floor":29,"key":"SkillPotion"}],"is_trial":false,"path_per_floor":["M","M","M","M","M","R","M","E","T","R","$","R","E","?","R","B",null,"M","M","M","?","?","R","$","R","T","M","M","M","?","M","R","B"],"character_chosen":"IRONCLAD","items_purchased":["Fire Breathing","Membership Card","Dark Embrace"],"campfire_rested":3,"item_purchase_floors":[11,24,24],"current_hp_per_floor":[77,79,78,76,76,76,73,49,49,49,49,49,41,41,41,47,67,31,18,10,10,10,48,48,78,78,65,57,25,25,10,52,0],"gold":154,"neow_bonus":"TEN_PERCENT_HP_BONUS","is_prod":false,"is_daily":false,"chose_seed":false,"campfire_upgraded":4,"win_rate":0,"timestamp":1569560790,"path_taken":["M","M","M","M","M","R","M","E","T","R","$","R","E","?","R","BOSS","M","M","M","?","?","R","$","R","T","M","M","M","?","M","R","BOSS"],"build_version":"2019-09-26","purchased_purges":2,"victory":false,"max_hp_per_floor":[82,82,82,82,82,82,82,82,82,82,82,82,82,74,74,74,74,74,78,78,78,78,78,78,78,78,82,86,90,90,90,90,90],"card_choices":[{"not_picked":["Clash","Reckless Charge"],"picked":"Anger","floor":1},{"not_picked":["Heavy Blade","Perfected Strike"],"picked":"Wild Strike","floor":2},{"not_picked":["Rupture","Twin Strike"],"picked":"Battle Trance","floor":3},{"not_picked":["Havoc","Thunderclap","Dual Wield"],"picked":"SKIP","floor":4},{"not_picked":["Wild Strike","Headbutt"],"picked":"Rage","floor":5},{"not_picked":["Clash","Armaments"],"picked":"Feel No Pain","floor":7},{"not_picked":["Wild Strike","Clash"],"picked":"Feed","floor":8},{"not_picked":["Warcry","Flex"],"picked":"Shrug It Off","floor":13},{"not_picked":["Juggernaut","Berserk"],"picked":"Offering","floor":16},{"not_picked":["Sword Boomerang","Twin Strike","Havoc"],"picked":"SKIP","floor":18},{"not_picked":["Entrench","Headbutt+1","Flex"],"picked":"SKIP","floor":19},{"not_picked":["Rage","Pommel Strike"],"picked":"Reaper","floor":20},{"not_picked":["Cleave","Headbutt+1"],"picked":"Metallicize","floor":27},{"not_picked":["Clothesline","Carnage"],"picked":"Armaments","floor":28},{"not_picked":["Flex","Sword Boomerang"],"picked":"Shrug It Off","floor":29},{"not_picked":["Armaments","Havoc","Thunderclap"],"picked":"SKIP","floor":31}],"player_experience":1049578,"relics_obtained":[{"floor":8,"key":"Vajra"},{"floor":9,"key":"Blue Candle"},{"floor":13,"key":"Regal Pillow"},{"floor":26,"key":"Omamori"}],"event_choices":[{"damage_healed":0,"gold_gain":0,"player_choice":"Lose Max HP","damage_taken":0,"relics_obtained":["Golden Idol"],"max_hp_gain":0,"max_hp_loss":8,"event_name":"Golden Idol","floor":14,"gold_loss":0},{"damage_healed":0,"gold_gain":0,"player_choice":"Obtained Relic","damage_taken":0,"relics_obtained":["StoneCalendar"],"max_hp_gain":0,"max_hp_loss":0,"event_name":"Addict","floor":21,"gold_loss":85},{"damage_healed":0,"gold_gain":0,"player_choice":"Ignored","damage_taken":0,"max_hp_gain":0,"max_hp_loss":0,"event_name":"The Mausoleum","floor":22,"gold_loss":0},{"damage_healed":0,"gold_gain":0,"player_choice":"Read","damage_taken":0,"max_hp_gain":0,"max_hp_loss":0,"event_name":"The Library","floor":30,"gold_loss":0,"cards_obtained":["Second Wind"]}],"is_beta":true,"boss_relics":[{"not_picked":["Black Blood","SlaversCollar"],"picked":"Fusion Hammer"}],"items_purged_floors":[11,24],"is_endless":false,"potions_floor_spawned":[4,5,13,18,20,29],"killed_by":"Automaton","ascension_level":20}