{"gold_per_floor":[115,125,27,39,57,88,99,99,123,134,134,151,184,198,198,297,297,313,332,332,343,343],"floor_reached":22,"playtime":2033,"items_purged":["Defend_B"],"score":315,"play_id":"b5cc24d4-9a6b-4264-82cb-384ec4a8c748","local_time":"20180910201129","is_ascension_mode":true,"campfire_choices":[{"floor":8.0,"key":"REST"},{"data":"Zap","floor":11.0,"key":"SMITH"},{"data":"Dualcast","floor":15.0,"key":"SMITH"}],"neow_cost":"NONE","seed_source_timestamp":0,"circlet_count":0,"master_deck":["Strike_B","Defend_B","Defend_B","Defend_B","Zap+1","Dualcast+1","Heatsinks+1","Stack+1","White Noise+1","Coolheaded","Ball Lightning","Go for the Eyes","Ball Lightning","Hologram","Electrodynamics","Loop","Reinforced Body+1","Go for the Eyes","Amplify"],"special_seed":0,"relics":["Astrolabe","PreservedInsect","Oddly Smooth Stone","Art of War","Busted Crown"],"potions_floor_usage":[19,22,22],"damage_taken":[{"damage":0.0,"enemies":"Cultist","floor":1.0,"turns":4.0},{"damage":7.0,"enemies":"2 Louse","floor":2.0,"turns":3.0},{"damage":11.0,"enemies":"Jaw Worm","floor":4.0,"turns":4.0},{"damage":14.0,"enemies":"3 Louse","floor":5.0,"turns":3.0},{"damage":24.0,"enemies":"Gremlin Nob","floor":6.0,"turns":4.0},{"damage":0.0,"enemies":"Exordium Thugs","floor":7.0,"turns":3.0},{"damage":0.0,"enemies":"Looter","floor":10.0,"turns":3.0},{"damage":0.0,"enemies":"3 Louse","floor":12.0,"turns":1.0},{"damage":10.0,"enemies":"3 Sentries","floor":13.0,"turns":2.0},{"damage":0.0,"enemies":"2 Fungi Beasts","floor":14.0,"turns":3.0},{"damage":0.0,"enemies":"Slime Boss","floor":16.0,"turns":3.0},{"damage":16.0,"enemies":"Shell Parasite","floor":18.0,"turns":4.0},{"damage":5,"enemies":"2 Thieves","floor":19,"turns":4},{"damage":13,"enemies":"Cultist and Chosen","floor":21,"turns":4},{"damage":2,"enemies":"Colosseum Slavers","floor":22,"turns":4},{"damage":32,"enemies":"Colosseum Nobs","floor":22,"turns":3}],"seed_played":"-7138999817284415420","potions_obtained":[{"floor":2.0,"key":"SkillPotion"},{"floor":5.0,"key":"SpeedPotion"},{"floor":7.0,"key":"AttackPotion"},{"floor":12.0,"key":"SpeedPotion"},{"floor":16.0,"key":"Strength Potion"},{"floor":19,"key":"SpeedPotion"}],"is_trial":false,"path_per_floor":["M","M","$","M","M","E","M","R","T","M","R","M","E","M","R","B",null,"M","M","?","M"],"character_chosen":"DEFECT","items_purchased":["Go for the Eyes"],"campfire_rested":1,"item_purchase_floors":[3],"current_hp_per_floor":[75,68,68,57,43,19,19,41,41,41,41,48,38,38,38,38,66,50,45,45,32,0],"gold":343,"neow_bonus":"BOSS_RELIC","is_prod":false,"is_daily":false,"chose_seed":false,"campfire_upgraded":2,"win_rate":0,"timestamp":1536628289,"path_taken":["M","M","$","M","M","E","M","R","T","M","R","M","E","M","R","BOSS","M","?","?","M","?"],"build_version":"2018-09-06","purchased_purges":1,"victory":false,"max_hp_per_floor":[75,75,75,75,75,75,75,75,75,75,75,75,75,75,75,75,75,75,75,75,75,75],"card_choices":[{"not_picked":["Redo","Gash"],"picked":"Coolheaded","floor":1.0},{"not_picked":["Scrape","Gash"],"picked":"Ball Lightning","floor":2.0},{"not_picked":["Melter","Redo"],"picked":"Ball Lightning","floor":4.0},{"not_picked":["Tempest","Gash"],"picked":"Hologram","floor":5.0},{"not_picked":["Coolheaded","Barrage"],"picked":"Electrodynamics","floor":6.0},{"not_picked":["Stack","Sweeping Beam","Rebound"],"picked":"SKIP","floor":7.0},{"not_picked":["Ball Lightning","Double Energy"],"picked":"Loop","floor":10.0},{"not_picked":["Cold Snap","Coolheaded"],"picked":"Reinforced Body","floor":12.0},{"not_picked":["Gash","Lockon","Undo"],"picked":"SKIP","floor":13.0},{"not_picked":["Beam Cell","Barrage"],"picked":"Go for the Eyes","floor":14.0},{"not_picked":["Multi-Cast","Fission"],"picked":"Amplify","floor":16.0},{"not_picked":["Beam Cell"],"picked":"SKIP","floor":18.0},{"not_picked":["Beam Cell"],"picked":"SKIP","floor":19},{"not_picked":["Ball Lightning"],"picked":"SKIP","floor":21}],"player_experience":493854,"relics_obtained":[{"floor":6.0,"key":"PreservedInsect"},{"floor":9.0,"key":"Oddly Smooth Stone"},{"floor":13.0,"key":"Art of War"}],"event_choices":[{"event_name":"Upgrade Shrine","player_choice":"Upgraded","floor":20,"damage_taken":0},{"event_name":"Colosseum","player_choice":"Fight","floor":22,"damage_taken":0},{"event_name":"Colosseum","player_choice":"Fought Nobs","floor":22,"damage_taken":0}],"is_beta":false,"boss_relics":[{"not_picked":["Snecko Eye","Philosopher\u0027s Stone"],"picked":"Busted Crown"}],"items_purged_floors":[3],"is_endless":false,"potions_floor_spawned":[2,5,7,12,14,16,19,22],"killed_by":"Colosseum Nobs","ascension_level":5}