{"gold_per_floor":[112,112,112,135,14,58,73,106,153,153,153,176,176,176,176,295,295,310,310,326,251,183,222,222,222,222,82,117,133,156,176,176,307,307,322,342,217,550,595,624,624,624,624,651,664,113,145,156,156,156,156,156,2,31,31],"floor_reached":56,"playtime":21360,"items_purged":["Strike_R","Strike_R","Defend_R","Defend_R"],"score":1558,"play_id":"669ea005-28be-402a-837f-c6f8829b0169","local_time":"20190203163119","is_ascension_mode":true,"campfire_choices":[{"data":"Inflame","floor":10,"key":"SMITH"},{"floor":15,"key":"REST"},{"floor":24,"key":"REST"},{"floor":32,"key":"REST"},{"floor":42,"key":"REST"},{"floor":49,"key":"RECALL"},{"data":"Limit Break","floor":52,"key":"SMITH"}],"neow_cost":"NONE","seed_source_timestamp":1936892750341475,"circlet_count":0,"master_deck":["Defend_R","Defend_R","Bash+1","Armaments+1","Clothesline","Shrug It Off","Inflame+1","Uppercut+1","Offering","Flame Barrier","Whirlwind","Feed","Body Slam","Metallicize","Flame Barrier","Shrug It Off","True Grit+1","Limit Break+1","Uppercut+1","Demon Form","Heavy Blade","Iron Wave+1"],"relics":["Burning Blood","NeowsBlessing","Ornamental Fan","Lantern","Bag of Marbles","Blue Candle","Snecko Eye","Happy Flower","Calipers","Shuriken","Runic Dome","Shovel","Meat on the Bone","Pen Nib","Pantograph","Boot","Whetstone","Art of War","Charon\u0027s Ashes","Bag of Preparation","Gambling Chip"],"potions_floor_usage":[8,12,16,29,39,39,47,50],"damage_taken":[{"damage":0,"enemies":"2 Louse","floor":1,"turns":1},{"damage":0,"enemies":"Small Slimes","floor":4,"turns":1},{"damage":0,"enemies":"3 Sentries","floor":6,"turns":1},{"damage":0,"enemies":"Cultist","floor":7,"turns":3},{"damage":18,"enemies":"Gremlin Nob","floor":8,"turns":4},{"damage":10,"enemies":"Lots of Slimes","floor":12,"turns":5},{"damage":49,"enemies":"Hexaghost","floor":16,"turns":11},{"damage":30,"enemies":"2 Thieves","floor":18,"turns":5},{"damage":0,"enemies":"Spheric Guardian","floor":20,"turns":3},{"damage":27,"enemies":"Gremlin Leader","floor":23,"turns":6},{"damage":12,"enemies":"Book of Stabbing","floor":28,"turns":6},{"damage":27,"enemies":"3 Cultists","floor":29,"turns":6},{"damage":9,"enemies":"Centurion and Healer","floor":30,"turns":6},{"damage":0,"enemies":"Snake Plant","floor":31,"turns":2},{"damage":20,"enemies":"Automaton","floor":33,"turns":8},{"damage":0,"enemies":"3 Shapes","floor":35,"turns":5},{"damage":15,"enemies":"3 Darklings","floor":36,"turns":4},{"damage":37,"enemies":"2 Orb Walkers","floor":39,"turns":5},{"damage":27,"enemies":"Reptomancer","floor":40,"turns":5},{"damage":50,"enemies":"Giant Head","floor":44,"turns":9},{"damage":10,"enemies":"Spire Growth","floor":45,"turns":4},{"damage":31,"enemies":"Reptomancer","floor":47,"turns":5},{"damage":6,"enemies":"Sphere and 2 Shapes","floor":48,"turns":5},{"damage":41,"enemies":"Awakened One","floor":50,"turns":7},{"damage":17,"enemies":"Shield and Spear","floor":54,"turns":5},{"damage":79,"enemies":"The Heart","floor":55,"turns":8}],"seed_played":"2735894168784267585","potions_obtained":[{"floor":4,"key":"Explosive Potion"},{"floor":8,"key":"SpeedPotion"},{"floor":12,"key":"Poison Potion"},{"floor":20,"key":"Ancient Potion"},{"floor":23,"key":"Block Potion"},{"floor":35,"key":"FearPotion"},{"floor":36,"key":"SpeedPotion"},{"floor":40,"key":"SpeedPotion"},{"floor":44,"key":"SteroidPotion"},{"floor":45,"key":"Explosive Potion"},{"floor":48,"key":"Explosive Potion"}],"is_trial":false,"path_per_floor":["M","?","?","M","$","E","M","E","T","R","?","M","?","?","R","B",null,"M","?","M","?","$","E","R","T","T","$","E","M","M","M","R","B",null,"M","M","$","?","?","E","T","R","T","E","M","$","E","M","R","B",null,"R","$","E","B",null],"character_chosen":"IRONCLAD","items_purchased":["Shrug It Off","Feed","Metallicize","Whetstone","Heavy Blade","Art of War","Regen Potion","Bag of Preparation"],"campfire_rested":4,"item_purchase_floors":[5,22,27,46,46,46,46,53],"current_hp_per_floor":[80,60,60,66,66,72,78,66,66,66,59,55,52,52,76,33,68,44,44,50,50,50,33,58,58,58,58,52,35,35,41,68,54,82,91,85,85,85,54,36,36,66,66,34,42,42,34,49,49,54,93,93,93,82,45],"gold":31,"neow_bonus":"THREE_ENEMY_KILL","is_prod":false,"is_daily":false,"chose_seed":false,"campfire_upgraded":2,"win_rate":0,"timestamp":1549233079,"path_taken":["M","?","?","?","?","E","M","E","T","R","?","M","?","?","R","BOSS","M","?","M","?","$","E","R","?","T","$","E","M","M","M","R","BOSS","M","M","$","?","?","E","?","R","T","E","?","$","E","M","R","BOSS","R","$","E","BOSS"],"build_version":"2019-01-23","purchased_purges":4,"victory":true,"max_hp_per_floor":[80,80,80,80,80,80,80,80,80,80,80,80,80,80,80,80,80,80,80,80,80,80,84,84,84,84,84,84,88,91,91,91,91,91,94,97,97,97,97,100,100,100,100,100,100,100,100,103,103,106,106,106,106,106,106],"card_choices":[{"not_picked":["Feel No Pain","Clothesline"],"picked":"Armaments","floor":1},{"not_picked":["Perfected Strike","Thunderclap"],"picked":"Clothesline","floor":4},{"not_picked":["Feel No Pain","Thunderclap","Wild Strike"],"picked":"SKIP","floor":6},{"not_picked":["Dropkick","Reckless Charge","Armaments"],"picked":"SKIP","floor":7},{"not_picked":["Clash","Pommel Strike"],"picked":"Inflame","floor":8},{"not_picked":["Blood for Blood","Carnage"],"picked":"Uppercut","floor":12},{"not_picked":["Impervious","Reaper"],"picked":"Offering","floor":16},{"not_picked":["Clothesline","Feel No Pain+1"],"picked":"Flame Barrier","floor":18},{"not_picked":["Flex+1","Perfected Strike+1","Clash"],"picked":"SKIP","floor":20},{"not_picked":["Clash","Headbutt"],"picked":"Body Slam","floor":23},{"not_picked":["Havoc","Barricade"],"picked":"Flame Barrier","floor":28},{"not_picked":["Headbutt","Clothesline"],"picked":"Shrug It Off","floor":29},{"not_picked":["Clothesline","Sword Boomerang+1"],"picked":"True Grit+1","floor":30},{"not_picked":["Armaments","Iron Wave","Rampage"],"picked":"SKIP","floor":31},{"not_picked":["Juggernaut","Immolate"],"picked":"Limit Break","floor":33},{"not_picked":["Dual Wield+1","Heavy Blade+1"],"picked":"Uppercut+1","floor":35},{"not_picked":["Perfected Strike+1","Sentinel+1","Blood for Blood"],"picked":"SKIP","floor":36},{"not_picked":["Bloodletting+1","Feed","Armaments"],"picked":"SKIP","floor":40},{"not_picked":["Bloodletting+1","Headbutt+1"],"picked":"Demon Form","floor":44},{"not_picked":["Ghostly Armor","Thunderclap","Clash"],"picked":"SKIP","floor":45},{"not_picked":["Fiend Fire","Pummel+1","Body Slam+1"],"picked":"SKIP","floor":47},{"not_picked":["Sword Boomerang+1","Flex+1","True Grit"],"picked":"SKIP","floor":48},{"not_picked":["Power Through","Corruption+1"],"picked":"Iron Wave+1","floor":54}],"player_experience":1060693,"relics_obtained":[{"floor":6,"key":"Ornamental Fan"},{"floor":8,"key":"Lantern"},{"floor":9,"key":"Bag of Marbles"},{"floor":23,"key":"Happy Flower"},{"floor":25,"key":"Calipers"},{"floor":28,"key":"Shuriken"},{"floor":39,"key":"Shovel"},{"floor":40,"key":"Meat on the Bone"},{"floor":41,"key":"Pen Nib"},{"floor":43,"key":"Pantograph"},{"floor":44,"key":"Boot"},{"floor":47,"key":"Charon\u0027s Ashes"},{"floor":54,"key":"Gambling Chip"}],"event_choices":[{"damage_healed":0,"gold_gain":0,"player_choice":"Take Damage","damage_taken":20,"relics_obtained":["Golden Idol"],"max_hp_gain":0,"max_hp_loss":0,"event_name":"Golden Idol","floor":2,"gold_loss":0},{"damage_healed":0,"gold_gain":0,"player_choice":"Upgraded","damage_taken":0,"max_hp_gain":0,"max_hp_loss":0,"event_name":"Upgrade Shrine","floor":3,"gold_loss":0,"cards_upgraded":["Armaments"]},{"cards_removed":["Strike_R"],"damage_healed":0,"gold_gain":0,"player_choice":"Card Removal","damage_taken":7,"max_hp_gain":0,"max_hp_loss":0,"event_name":"Golden Wing","floor":11,"gold_loss":0},{"damage_healed":0,"gold_gain":0,"player_choice":"Success","damage_taken":3,"relics_obtained":["Blue Candle"],"max_hp_gain":0,"max_hp_loss":0,"event_name":"Scrap Ooze","floor":13,"gold_loss":0},{"cards_removed":["Strike_R"],"damage_healed":0,"gold_gain":0,"player_choice":"Purged","damage_taken":0,"max_hp_gain":0,"max_hp_loss":0,"event_name":"Purifier","floor":14,"gold_loss":0},{"damage_healed":0,"gold_gain":0,"player_choice":"Read","damage_taken":0,"max_hp_gain":0,"max_hp_loss":0,"event_name":"The Library","floor":19,"gold_loss":0,"cards_obtained":["Whirlwind"]},{"cards_removed":["Strike_R"],"damage_healed":0,"gold_gain":0,"player_choice":"Gave Gold","damage_taken":0,"max_hp_gain":0,"max_hp_loss":0,"event_name":"Beggar","floor":21,"gold_loss":75},{"damage_healed":0,"gold_gain":333,"player_choice":"Gave Idol","damage_taken":0,"max_hp_gain":0,"max_hp_loss":0,"event_name":"The Moai Head","floor":38,"relics_lost":["Golden Idol"],"gold_loss":0},{"damage_healed":0,"gold_gain":0,"player_choice":"Fight","damage_taken":0,"max_hp_gain":0,"max_hp_loss":0,"event_name":"Mysterious Sphere","floor":39,"gold_loss":0}],"is_beta":false,"boss_relics":[{"not_picked":["Tiny House","Eternal Feather"],"picked":"Snecko Eye"},{"not_picked":["Philosopher\u0027s Stone","Astrolabe"],"picked":"Runic Dome"}],"items_purged_floors":[5,27,37,46],"is_endless":false,"potions_floor_spawned":[4,8,12,20,23,35,36,40,44,45,48],"ascension_level":5}