{"gold_per_floor":[115,127,146,169,189,189,246,246,246,278,278,278,278,75,75,148,148,163,177,177,177,177,190,219,219,219,246,146,162,162,176,176,176],"floor_reached":33,"playtime":5859,"items_purged":["Decay","Storm"],"score":566,"play_id":"ee3ed50b-0212-4f2b-96ba-dd1540296f15","local_time":"20190505161619","is_ascension_mode":true,"campfire_choices":[{"data":"Hyperbeam","floor":6.0,"key":"SMITH"},{"data":"Undo","floor":8.0,"key":"SMITH"},{"floor":15,"key":"REST"},{"data":"Seek","floor":25,"key":"SMITH"},{"data":"Hyperbeam","floor":30,"key":"SMITH"},{"floor":32,"key":"REST"}],"neow_cost":"NONE","seed_source_timestamp":0,"circlet_count":0,"master_deck":["AscendersBane","Zap","Dualcast","Conserve Battery","Undo+1","Sweeping Beam","Hyperbeam+1","Core Surge","Cold Snap","Hello World","Beam Cell","Purity","Hyperbeam+1","Conserve Battery","Redo","Seek+1","Coolheaded","Sunder+1","Rip and Tear","Hologram+1","BootSequence","Leap","Leap","Melter+1","Conserve Battery","Beam Cell"],"special_seed":0,"relics":["Cracked Core","Vajra","Tiny Chest","Cables","Pear","Pandora\u0027s Box","Bottled Lightning","StoneCalendar","Du-Vu Doll","Gremlin Horn","Whetstone"],"potions_floor_usage":[24,33,33],"damage_taken":[{"damage":1.0,"enemies":"Cultist","floor":1.0,"turns":3.0},{"damage":5.0,"enemies":"Small Slimes","floor":2.0,"turns":3.0},{"damage":2.0,"enemies":"2 Louse","floor":3.0,"turns":4.0},{"damage":7.0,"enemies":"Exordium Wildlife","floor":5.0,"turns":5.0},{"damage":3.0,"enemies":"3 Sentries","floor":7.0,"turns":3.0},{"damage":31.0,"enemies":"Lagavulin","floor":10.0,"turns":5.0},{"damage":54,"enemies":"Hexaghost","floor":16,"turns":11},{"damage":15,"enemies":"3 Byrds","floor":18,"turns":3},{"damage":2,"enemies":"Spheric Guardian","floor":19,"turns":3},{"damage":2,"enemies":"Cultist and Chosen","floor":23,"turns":4},{"damage":0,"enemies":"Slavers","floor":24,"turns":2},{"damage":14,"enemies":"Gremlin Leader","floor":27,"turns":3},{"damage":10,"enemies":"Snecko","floor":29,"turns":3},{"damage":0,"enemies":"Centurion and Healer","floor":31,"turns":3},{"damage":66,"enemies":"Automaton","floor":33,"turns":8}],"seed_played":"-572585488709380203","potions_obtained":[{"floor":1.0,"key":"Dexterity Potion"},{"floor":5.0,"key":"SpeedPotion"},{"floor":7.0,"key":"Regen Potion"},{"floor":18,"key":"Fire Potion"},{"floor":23,"key":"SpeedPotion"},{"floor":24,"key":"Strength Potion"},{"floor":31,"key":"Strength Potion"}],"is_trial":false,"path_per_floor":["M","M","M","T","M","R","E","R","T","E","?","?","?","$","R","B",null,"M","M","?","T","T","M","E","R","T","E","$","M","R","M","R","B"],"character_chosen":"DEFECT","items_purchased":["Beam Cell","Purity"],"campfire_rested":2,"item_purchase_floors":[14,14],"current_hp_per_floor":[70,65,63,63,56,56,53,53,53,44,44,49,49,49,76,22,75,60,58,58,58,58,56,56,56,56,42,42,32,32,32,59,0],"gold":176,"neow_bonus":"TEN_PERCENT_HP_BONUS","is_prod":false,"is_daily":false,"chose_seed":false,"campfire_upgraded":4,"win_rate":0,"timestamp":1557090979,"path_taken":["M","M","M","?","?","R","E","R","T","E","?","?","?","$","R","BOSS","M","?","?","?","?","M","E","R","T","E","$","M","R","M","R","BOSS"],"build_version":"2019-01-23","purchased_purges":2,"victory":false,"max_hp_per_floor":[78,78,78,78,78,78,78,78,78,88,88,93,93,93,93,93,93,93,93,93,93,93,93,93,93,93,93,93,93,93,93,93,93],"card_choices":[{"not_picked":["Doom and Gloom","Gash"],"picked":"Conserve Battery","floor":1.0},{"not_picked":["Beam Cell","Hologram"],"picked":"Undo","floor":2.0},{"not_picked":["Reprogram","Redo"],"picked":"Sweeping Beam","floor":3.0},{"not_picked":["Rebound","Steam"],"picked":"Hyperbeam","floor":5.0},{"not_picked":["Hologram","Go for the Eyes"],"picked":"Core Surge","floor":7.0},{"not_picked":["Go for the Eyes","Storm"],"picked":"Cold Snap","floor":10.0},{"not_picked":["Thunder Strike","Meteor Strike"],"picked":"Hyperbeam","floor":16},{"not_picked":["Streamline","Redo"],"picked":"Hologram+1","floor":18},{"not_picked":["Self Repair","Barrage"],"picked":"BootSequence","floor":19},{"not_picked":["Heatsinks","Turbo"],"picked":"Leap","floor":23},{"not_picked":["Ball Lightning","Loop"],"picked":"Melter","floor":24},{"not_picked":["Auto Shields","Barrage"],"picked":"Conserve Battery","floor":27},{"not_picked":["Defragment","Scrape+1","Genetic Algorithm"],"picked":"SKIP","floor":29},{"not_picked":["All For One","Ball Lightning+1"],"picked":"Beam Cell","floor":31}],"player_experience":1175249,"relics_obtained":[{"floor":4.0,"key":"Vajra"},{"floor":7.0,"key":"Tiny Chest"},{"floor":9.0,"key":"Cables"},{"floor":10.0,"key":"Pear"},{"floor":21,"key":"Bottled Lightning"},{"floor":22,"key":"StoneCalendar"},{"floor":24,"key":"Du-Vu Doll"},{"floor":26,"key":"Gremlin Horn"},{"floor":27,"key":"Whetstone"}],"event_choices":[{"damage_healed":0.0,"max_hp_gain":0.0,"max_hp_loss":0.0,"gold_gain":0.0,"cards_transformed":["Strike_B"],"event_name":"Living Wall","player_choice":"Change","floor":11.0,"gold_loss":0.0,"damage_taken":0.0,"cards_obtained":["Hello World"]},{"damage_healed":0.0,"max_hp_gain":5.0,"max_hp_loss":0.0,"gold_gain":0.0,"event_name":"Big Fish","player_choice":"Donut","floor":12.0,"gold_loss":0.0,"damage_taken":0.0},{"damage_healed":0.0,"max_hp_gain":0.0,"max_hp_loss":0.0,"gold_gain":0.0,"event_name":"Wheel of Change","player_choice":"Cursed","floor":13.0,"gold_loss":0.0,"damage_taken":0.0,"cards_obtained":["Decay"]},{"damage_healed":0,"gold_gain":0,"player_choice":"Read","damage_taken":0,"max_hp_gain":0,"max_hp_loss":0,"event_name":"The Library","floor":20,"gold_loss":0,"cards_obtained":["Leap"]}],"is_beta":false,"boss_relics":[{"not_picked":["Calling Bell","Eternal Feather"],"picked":"Pandora\u0027s Box"}],"items_purged_floors":[14,28],"is_endless":false,"potions_floor_spawned":[1,5,7,18,23,24,31],"killed_by":"Automaton","ascension_level":14}