{"gold_per_floor":[210,225,244,264,282,316,316,344,344,33,33,55,90,104,104,104],"floor_reached":16,"playtime":1135,"items_purged":[],"score":244,"play_id":"842e28ba-1a1b-4f88-bb52-06b0d49d07d6","local_time":"20190729204441","is_ascension_mode":true,"campfire_choices":[{"floor":7.0,"key":"REST"},{"floor":11.0,"key":"REST"},{"data":"Glass Knife","floor":15.0,"key":"SMITH"}],"neow_cost":"NONE","seed_source_timestamp":770893272255280,"circlet_count":0,"master_deck":["AscendersBane","Strike_G","Strike_G","Strike_G","Strike_G","Strike_G","Defend_G","Defend_G","Defend_G","Defend_G","Defend_G","Survivor","Neutralize","Cloak And Dagger","Backstab","Dagger Throw","PiercingWail","Sucker Punch","Bouncing Flask","Footwork","Footwork","Dagger Spray","Glass Knife+1","Cloak And Dagger"],"special_seed":0,"relics":["Ring of the Snake","Snake Skull","Anchor","Dream Catcher","Paper Crane","Odd Mushroom","Strawberry"],"potions_floor_usage":[16],"damage_taken":[{"damage":4.0,"enemies":"Jaw Worm","floor":1.0,"turns":7.0},{"damage":1.0,"enemies":"Small Slimes","floor":2.0,"turns":5.0},{"damage":0.0,"enemies":"Cultist","floor":3.0,"turns":4.0},{"damage":0.0,"enemies":"Looter","floor":4.0,"turns":3.0},{"damage":5.0,"enemies":"2 Fungi Beasts","floor":5.0,"turns":3.0},{"damage":37.0,"enemies":"Lagavulin","floor":6.0,"turns":6.0},{"damage":19.0,"enemies":"Gremlin Nob","floor":8.0,"turns":4.0},{"damage":2.0,"enemies":"The Mushroom Lair","floor":12.0,"turns":6.0},{"damage":5.0,"enemies":"3 Sentries","floor":13.0,"turns":9.0},{"damage":0.0,"enemies":"3 Louse","floor":14.0,"turns":2.0},{"damage":48,"enemies":"Slime Boss","floor":16,"turns":11}],"seed_played":"-4744796994907586365","potions_obtained":[{"floor":2.0,"key":"FearPotion"},{"floor":3.0,"key":"Weak Potion"},{"floor":6.0,"key":"Ancient Potion"},{"floor":12.0,"key":"Poison Potion"}],"is_trial":false,"path_per_floor":["M","M","M","M","M","E","R","E","T","$","R","?","E","M","R","B"],"character_chosen":"THE_SILENT","items_purchased":["Paper Crane","Footwork"],"campfire_rested":2,"item_purchase_floors":[10,10],"current_hp_per_floor":[55,54,54,54,49,12,31,12,12,12,31,29,31,31,31,0],"gold":104,"neow_bonus":"HUNDRED_GOLD","is_prod":false,"is_daily":false,"chose_seed":false,"campfire_upgraded":1,"win_rate":0,"timestamp":1564447481,"path_taken":["M","M","M","M","M","E","R","E","T","$","R","?","E","M","R","BOSS"],"build_version":"2019-07-17","purchased_purges":0,"victory":false,"max_hp_per_floor":[66,66,66,66,66,66,66,66,66,66,66,66,73,73,73,73],"card_choices":[{"not_picked":["Bane","Reflex"],"picked":"Cloak And Dagger","floor":1.0},{"not_picked":["Deadly Poison","Backflip"],"picked":"Backstab","floor":2.0},{"not_picked":["Underhanded Strike","Night Terror"],"picked":"Dagger Throw","floor":3.0},{"not_picked":["Terror","Backflip"],"picked":"PiercingWail","floor":4.0},{"not_picked":["Concentrate","Slice"],"picked":"Sucker Punch","floor":5.0},{"not_picked":["Accuracy","Poisoned Stab"],"picked":"Bouncing Flask","floor":6.0},{"not_picked":["Flying Knee","Sucker Punch","Setup"],"picked":"SKIP","floor":8.0},{"not_picked":["Bullet Time","Deadly Poison"],"picked":"Footwork","floor":11.0},{"not_picked":["Quick Slash","All Out Attack"],"picked":"Dagger Spray","floor":12.0},{"not_picked":["Underhanded Strike","Outmaneuver"],"picked":"Glass Knife","floor":13.0},{"not_picked":["Acrobatics","Prepared"],"picked":"Cloak And Dagger","floor":14.0}],"player_experience":1005663,"relics_obtained":[{"floor":6.0,"key":"Snake Skull"},{"floor":8.0,"key":"Anchor"},{"floor":9.0,"key":"Dream Catcher"},{"floor":12.0,"key":"Odd Mushroom"},{"floor":13.0,"key":"Strawberry"}],"event_choices":[{"damage_healed":0.0,"max_hp_gain":0.0,"max_hp_loss":0.0,"gold_gain":0.0,"event_name":"Mushrooms","player_choice":"Fought Mushrooms","floor":12.0,"gold_loss":0.0,"damage_taken":0.0}],"is_beta":false,"boss_relics":[],"items_purged_floors":[],"is_endless":false,"potions_floor_spawned":[2,3,6,12],"killed_by":"Slime Boss","ascension_level":20}