{"gold_per_floor":[118,129,129,143,153,153,187,16,16,47,47,61,77,96,96,96],"floor_reached":16,"playtime":693,"items_purged":[],"score":228,"play_id":"487db432-be2c-487b-bef7-d4b35646e767","local_time":"20190925162401","is_ascension_mode":true,"campfire_choices":[{"data":"Spot Weakness","floor":6,"key":"SMITH"},{"floor":15,"key":"REST"}],"neow_cost":"NONE","seed_source_timestamp":749147076514000,"circlet_count":0,"master_deck":["AscendersBane","Strike_R","Strike_R","Strike_R","Strike_R","Defend_R","Defend_R","Defend_R","Defend_R","Bash","Panacea","Spot Weakness+1","Battle Trance","Feel No Pain","Headbutt","True Grit+1","Meditate"],"relics":["Burning Blood","Bag of Marbles","PrismaticShard","Centennial Puzzle","Sundial"],"potions_floor_usage":[7,10,12],"damage_taken":[{"damage":13,"enemies":"Cultist","floor":1,"turns":5},{"damage":5,"enemies":"Small Slimes","floor":2,"turns":3},{"damage":9,"enemies":"Jaw Worm","floor":4,"turns":5},{"damage":14,"enemies":"Blue Slaver","floor":5,"turns":6},{"damage":21,"enemies":"Gremlin Nob","floor":7,"turns":4},{"damage":17,"enemies":"3 Sentries","floor":10,"turns":7},{"damage":4,"enemies":"2 Fungi Beasts","floor":12,"turns":4},{"damage":13,"enemies":"Lots of Slimes","floor":13,"turns":6},{"damage":7,"enemies":"3 Louse","floor":14,"turns":3},{"damage":34,"enemies":"Slime Boss","floor":16,"turns":8}],"seed_played":"-3208842586708005819","potions_obtained":[{"floor":1,"key":"HeartOfIron"},{"floor":7,"key":"AttackPotion"},{"floor":10,"key":"Regen Potion"},{"floor":13,"key":"LiquidBronze"}],"is_trial":false,"path_per_floor":["M","M","?","M","M","R","E","$","T","E","?","M","M","M","R","B"],"character_chosen":"IRONCLAD","items_purchased":["PrismaticShard"],"campfire_rested":1,"item_purchase_floors":[8],"current_hp_per_floor":[61,62,55,52,44,44,29,29,29,18,18,32,25,24,46,12],"gold":96,"neow_bonus":"RANDOM_COLORLESS","is_prod":false,"is_daily":false,"chose_seed":false,"campfire_upgraded":1,"win_rate":0,"timestamp":1569453841,"path_taken":["M","?","?","M","M","R","E","$","T","E","?","M","M","M","R","BOSS"],"build_version":"2019-09-25","purchased_purges":0,"victory":false,"max_hp_per_floor":[75,75,75,75,75,75,75,75,75,75,75,75,75,75,75,75],"card_choices":[{"not_picked":["Finesse","Swift Strike"],"picked":"Panacea","floor":0},{"not_picked":["True Grit","Shockwave"],"picked":"Spot Weakness","floor":1},{"not_picked":["Armaments","Warcry"],"picked":"Battle Trance","floor":2},{"not_picked":["Fire Breathing","Sentinel"],"picked":"Feel No Pain","floor":4},{"not_picked":["Body Slam","True Grit"],"picked":"Headbutt","floor":5},{"not_picked":["Perfected Strike","Rage"],"picked":"True Grit","floor":7},{"not_picked":["Hello World","Headbutt","Choke"],"picked":"SKIP","floor":10},{"not_picked":["Reinforced Body","Blade Dance","SignatureMove"],"picked":"SKIP","floor":12},{"not_picked":["Cleave","FollowUp","Deflect"],"picked":"SKIP","floor":13},{"not_picked":["FlurryOfBlows","Compile Driver"],"picked":"Meditate","floor":14}],"player_experience":1036306,"relics_obtained":[{"floor":7,"key":"Bag of Marbles"},{"floor":9,"key":"Centennial Puzzle"},{"floor":10,"key":"Sundial"}],"event_choices":[{"cards_removed":["Strike_R"],"damage_healed":0,"gold_gain":0,"player_choice":"Card Removal","damage_taken":7,"max_hp_gain":0,"max_hp_loss":0,"event_name":"Golden Wing","floor":3,"gold_loss":0},{"damage_healed":0,"gold_gain":0,"player_choice":"Grow","damage_taken":0,"max_hp_gain":0,"max_hp_loss":0,"event_name":"Living Wall","floor":11,"gold_loss":0,"cards_upgraded":["True Grit"]}],"is_beta":true,"boss_relics":[],"items_purged_floors":[],"is_endless":false,"potions_floor_spawned":[1,7,10,13],"killed_by":"Slime Boss","ascension_level":20}