{"gold_per_floor":[114,134,144,162,181,209,228,17,17,17,30,30,42,69,69,142,142,159,174,174,188,203,203,218,218,218,218,238,252,269,296,296,367,367,384,394,187,199,199],"floor_reached":39,"playtime":2850,"items_purged":["Writhe"],"score":1021,"play_id":"d0dce70d-7bf5-4e30-93ca-8906839d07fa","local_time":"20190420202222","is_ascension_mode":true,"campfire_choices":[{"data":"Footwork","floor":10,"key":"SMITH"},{"data":"Neutralize","floor":12,"key":"SMITH"},{"data":"Deadly Poison","floor":15,"key":"SMITH"},{"data":"Backstab","floor":23,"key":"SMITH"},{"data":"Sucker Punch","floor":25,"key":"SMITH"},{"data":"Corpse Explosion","floor":27,"key":"SMITH"},{"floor":32,"key":"REST"}],"neow_cost":"NONE","seed_source_timestamp":0,"circlet_count":0,"master_deck":["AscendersBane","Defend_G","Defend_G","Defend_G","Defend_G","Defend_G","Strike_G+1","Strike_G+1","Survivor","Neutralize+1","Sucker Punch+1","Footwork+1","Quick Slash","Corpse Explosion+1","Cloak And Dagger","Backstab+1","Infinite Blades","Deflect","PiercingWail","Deadly Poison+1","Tools of the Trade","Finisher","PiercingWail","Footwork+1","Choke+1","Dodge and Roll+1","Leg Sweep","Infinite Blades","Catalyst","Glass Knife","Footwork+1","Flying Knee+1","Well Laid Plans+1","Leg Sweep","PiercingWail","Backflip","Caltrops"],"special_seed":0,"relics":["Runic Pyramid","Juzu Bracelet","Bronze Scales","Meat on the Bone","Whetstone","Cursed Key","MutagenicStrength","Ornamental Fan","Paper Crane","Astrolabe"],"potions_floor_usage":[5,6,16,29,33],"damage_taken":[{"damage":0.0,"enemies":"Cultist","floor":1.0,"turns":4.0},{"damage":4.0,"enemies":"Jaw Worm","floor":2.0,"turns":5.0},{"damage":0.0,"enemies":"Small Slimes","floor":3.0,"turns":4.0},{"damage":4.0,"enemies":"Looter","floor":4.0,"turns":4.0},{"damage":8,"enemies":"Gremlin Gang","floor":5,"turns":4},{"damage":10,"enemies":"Lagavulin","floor":6,"turns":10},{"damage":0,"enemies":"Exordium Wildlife","floor":7,"turns":4},{"damage":10,"enemies":"2 Fungi Beasts","floor":11,"turns":3},{"damage":2,"enemies":"Looter","floor":13,"turns":4},{"damage":37,"enemies":"Gremlin Nob","floor":14,"turns":4},{"damage":0,"enemies":"Hexaghost","floor":16,"turns":9},{"damage":16,"enemies":"Chosen","floor":18,"turns":6},{"damage":11,"enemies":"3 Byrds","floor":19,"turns":3},{"damage":18,"enemies":"Cultist and Chosen","floor":21,"turns":6},{"damage":0,"enemies":"3 Cultists","floor":22,"turns":2},{"damage":19,"enemies":"Shelled Parasite and Fungi","floor":24,"turns":5},{"damage":8,"enemies":"Centurion and Healer","floor":28,"turns":5},{"damage":27,"enemies":"Snecko","floor":29,"turns":6},{"damage":0,"enemies":"3 Cultists","floor":30,"turns":8},{"damage":27,"enemies":"Gremlin Leader","floor":31,"turns":7},{"damage":1,"enemies":"Champ","floor":33,"turns":15},{"damage":0,"enemies":"3 Shapes","floor":35,"turns":5},{"damage":10,"enemies":"Orb Walker","floor":36,"turns":4},{"damage":27,"enemies":"Spire Growth","floor":38,"turns":7},{"damage":54,"enemies":"Transient","floor":39,"turns":6}],"seed_played":"3980632079528378480","potions_obtained":[{"floor":1.0,"key":"AttackPotion"},{"floor":2.0,"key":"Explosive Potion"},{"floor":6,"key":"GamblersBrew"},{"floor":13,"key":"Energy Potion"},{"floor":14,"key":"Poison Potion"},{"floor":16,"key":"Fire Potion"},{"floor":19,"key":"Dexterity Potion"},{"floor":30,"key":"Strength Potion"},{"floor":31,"key":"PowerPotion"},{"floor":36,"key":"Regen Potion"}],"is_trial":false,"path_per_floor":["M","M","M","M","M","E","M","$","T","R","M","R","M","E","R","B",null,"M","M","?","M","M","R","M","R","T","R","M","M","M","E","R","B",null,"M","M","$","M","M"],"character_chosen":"THE_SILENT","items_purchased":["Bronze Scales","Deflect","Backflip","Caltrops"],"campfire_rested":1,"item_purchase_floors":[8,8,37,37],"current_hp_per_floor":[59,55,55,51,43,33,33,33,33,33,35,35,45,20,20,32,58,42,43,43,37,37,37,30,30,30,30,34,19,31,16,35,34,58,58,48,48,33,0],"gold":199,"neow_bonus":"BOSS_RELIC","is_prod":false,"is_daily":false,"chose_seed":false,"campfire_upgraded":6,"win_rate":0,"timestamp":1555806142,"path_taken":["M","M","M","M","M","E","M","$","T","R","M","R","M","E","R","BOSS","M","M","?","M","M","R","M","R","T","R","M","M","M","E","R","BOSS","M","M","$","M","M"],"build_version":"2019-01-23","purchased_purges":1,"victory":false,"max_hp_per_floor":[66,66,66,66,66,66,66,66,66,66,66,66,66,66,66,66,66,66,66,66,66,66,66,66,66,66,66,66,66,66,66,66,66,66,66,66,66,66,66],"card_choices":[{"not_picked":["Predator","Distraction"],"picked":"Sucker Punch","floor":1.0},{"not_picked":["Bouncing Flask","Dagger Spray"],"picked":"Footwork","floor":2.0},{"not_picked":["Acrobatics","Dodge and Roll"],"picked":"Quick Slash","floor":3.0},{"not_picked":["Backflip","Cloak And Dagger"],"picked":"Corpse Explosion","floor":4.0},{"not_picked":["Reflex","Accuracy"],"picked":"Cloak And Dagger","floor":5},{"not_picked":["Corpse Explosion","Endless Agony"],"picked":"Backstab","floor":6},{"not_picked":["Well Laid Plans","Outmaneuver"],"picked":"Infinite Blades","floor":7},{"not_picked":["Slice","Eviscerate"],"picked":"PiercingWail","floor":11},{"not_picked":["PiercingWail","Infinite Blades"],"picked":"Deadly Poison","floor":13},{"not_picked":["Endless Agony","Expertise","Flying Knee"],"picked":"SKIP","floor":14},{"not_picked":["Unload","Phantasmal Killer"],"picked":"Tools of the Trade","floor":16},{"not_picked":["Prepared","Setup"],"picked":"Finisher","floor":18},{"not_picked":["Deflect","Dagger Spray"],"picked":"PiercingWail","floor":19},{"not_picked":["PiercingWail","Prepared"],"picked":"Footwork+1","floor":21},{"not_picked":["Escape Plan+1","Infinite Blades+1"],"picked":"Choke+1","floor":22},{"not_picked":["Sucker Punch","Acrobatics"],"picked":"Dodge and Roll+1","floor":24},{"not_picked":["Sucker Punch","All Out Attack+1","Masterful Stab"],"picked":"SKIP","floor":28},{"not_picked":["Backstab","Reflex"],"picked":"Leg Sweep","floor":29},{"not_picked":["Endless Agony","Eviscerate"],"picked":"Infinite Blades","floor":30},{"not_picked":["Flechettes","Masterful Stab+1"],"picked":"Catalyst","floor":31},{"not_picked":["Phantasmal Killer","Storm of Steel"],"picked":"Glass Knife","floor":33},{"not_picked":["Distraction","Accuracy"],"picked":"Leg Sweep","floor":35},{"not_picked":["Acrobatics+1","Underhanded Strike"],"picked":"PiercingWail","floor":36},{"not_picked":["Dagger Spray","Backstab","Outmaneuver"],"picked":"SKIP","floor":38}],"player_experience":733974,"relics_obtained":[{"floor":6,"key":"Juzu Bracelet"},{"floor":9,"key":"Meat on the Bone"},{"floor":14,"key":"Whetstone"},{"floor":26,"key":"Ornamental Fan"},{"floor":31,"key":"Paper Crane"}],"event_choices":[{"damage_healed":0,"gold_gain":0,"player_choice":"Inject Mutagens","damage_taken":0,"relics_obtained":["MutagenicStrength"],"max_hp_gain":0,"max_hp_loss":0,"event_name":"Drug Dealer","floor":20,"gold_loss":0}],"is_beta":false,"boss_relics":[{"not_picked":["Sozu","Busted Crown"],"picked":"Cursed Key"},{"not_picked":["Calling Bell","Lizard Tail"],"picked":"Astrolabe"}],"items_purged_floors":[37],"is_endless":false,"potions_floor_spawned":[1,2,6,13,14,16,18,19,22,28,30,31,36],"killed_by":"Transient","ascension_level":20}