{"gold_per_floor":[17,35,47,63,80,80,112,138,198,268,280,307,319,290,302,418,430,457,469,481,504,534,546,573,603,639,683,445,445,471,481,481,584,584,604,618,618,631,57,57,68,68,145,145,145,19,19,29,29,29],"floor_reached":50,"playtime":5075,"items_purged":["Echo Form"],"score":635,"play_id":"0997aedd-8ac8-4c4e-b5f8-cc4fd9aceb72","local_time":"20190917021425","is_ascension_mode":true,"campfire_choices":[{"data":"Barrage","floor":6,"key":"SMITH"},{"floor":11,"key":"REST"},{"floor":15,"key":"REST"},{"floor":23,"key":"REST"},{"floor":29,"key":"REST"},{"data":"Machine Learning","floor":32,"key":"SMITH"},{"floor":40,"key":"REST"},{"data":"Self Repair","floor":42,"key":"SMITH"},{"floor":49,"key":"REST"}],"neow_cost":"NO_GOLD","seed_source_timestamp":382114217335400,"circlet_count":0,"master_deck":["Defend_B","Defend_B","Defend_B","Defend_B","Zap","Dualcast","Coolheaded","Ball Lightning","Barrage+1","Barrage","Rebound","Blizzard","Chill","Beam Cell","Meteor Strike","Rip and Tear+1","Ball Lightning+1","Glacier+1","Melter+1","Thunder Strike","Seek","Hello World","Coolheaded","Go for the Eyes+1","Cold Snap","Self Repair","Cold Snap","Machine Learning+1","Self Repair+1","Chaos+1","Self Repair+1","Cold Snap","Cold Snap","Bandage Up","Hologram","Ball Lightning","Purity","Good Instincts","Madness","Madness","Ball Lightning+1"],"relics":["Cracked Core","MawBank","Strawberry","Vajra","Astrolabe","Sundial","Happy Flower","Bag of Preparation","Bronze Scales","StoneCalendar","Runic Pyramid","FossilizedHelix","Darkstone Periapt"],"potions_floor_usage":[5,7,7,24,25,27,30,30,33,36,41,48,50,50],"damage_taken":[{"damage":5,"enemies":"Small Slimes","floor":1,"turns":3},{"damage":0,"enemies":"2 Louse","floor":2,"turns":2},{"damage":4,"enemies":"Jaw Worm","floor":3,"turns":3},{"damage":0,"enemies":"Large Slime","floor":4,"turns":4},{"damage":9,"enemies":"Gremlin Gang","floor":5,"turns":5},{"damage":29,"enemies":"3 Sentries","floor":7,"turns":5},{"damage":14,"enemies":"3 Louse","floor":8,"turns":3},{"damage":30,"enemies":"Lagavulin Event","floor":10,"turns":5},{"damage":13,"enemies":"Exordium Thugs","floor":12,"turns":4},{"damage":37,"enemies":"Hexaghost","floor":16,"turns":9},{"damage":0,"enemies":"Spheric Guardian","floor":18,"turns":3},{"damage":10,"enemies":"Shell Parasite","floor":21,"turns":4},{"damage":19,"enemies":"Snake Plant","floor":22,"turns":3},{"damage":0,"enemies":"Centurion and Healer","floor":24,"turns":4},{"damage":2,"enemies":"3 Cultists","floor":25,"turns":4},{"damage":25,"enemies":"Slavers","floor":27,"turns":4},{"damage":9,"enemies":"Book of Stabbing","floor":30,"turns":4},{"damage":7,"enemies":"Shelled Parasite and Fungi","floor":31,"turns":3},{"damage":71,"enemies":"Champ","floor":33,"turns":8},{"damage":3,"enemies":"Orb Walker","floor":35,"turns":3},{"damage":31,"enemies":"3 Darklings","floor":36,"turns":5},{"damage":35,"enemies":"Jaw Worm Horde","floor":38,"turns":6},{"damage":22,"enemies":"Sphere and 2 Shapes","floor":41,"turns":5},{"damage":27,"enemies":"3 Darklings","floor":48,"turns":4},{"damage":118,"enemies":"Time Eater","floor":50,"turns":10}],"seed_played":"9134152852946203011","potions_obtained":[{"floor":1,"key":"Weak Potion"},{"floor":2,"key":"SteroidPotion"},{"floor":4,"key":"GamblersBrew"},{"floor":10,"key":"GamblersBrew"},{"floor":12,"key":"GamblersBrew"},{"floor":16,"key":"Strength Potion"},{"floor":22,"key":"SteroidPotion"},{"floor":25,"key":"SkillPotion"},{"floor":31,"key":"PowerPotion"},{"floor":33,"key":"Energy Potion"},{"floor":41,"key":"Weak Potion"}],"is_trial":false,"path_per_floor":["M","M","M","M","M","R","E","M","T","?","R","M","?","?","R","B",null,"M","?","?","M","M","R","M","M","T","E","$","R","E","M","R","B",null,"M","M","?","M","$","R","M","R","T","?","?","$","?","M","R","B"],"character_chosen":"DEFECT","items_purchased":["Cold Snap","Bronze Scales","AttackPotion","Cold Snap","Bandage Up","SteroidPotion","FossilizedHelix","Dexterity Potion","Hologram","SkillPotion"],"campfire_rested":6,"item_purchase_floors":[28,28,28,39,39,39,39,39,39,46],"current_hp_per_floor":[84,84,80,80,71,71,42,28,35,5,33,20,20,20,48,11,96,96,96,96,86,67,95,95,93,93,68,68,96,87,87,87,16,96,93,69,69,58,58,86,88,88,88,83,71,71,71,75,96,0],"gold":29,"neow_bonus":"TWENTY_PERCENT_HP_BONUS","is_prod":false,"is_daily":false,"chose_seed":false,"campfire_upgraded":3,"win_rate":0,"timestamp":1568700865,"path_taken":["M","M","M","M","M","R","E","M","T","?","R","M","?","?","R","BOSS","M","?","?","M","M","R","M","M","T","E","$","R","E","M","R","BOSS","M","M","?","M","$","R","M","R","T","?","?","$","?","M","R","BOSS"],"build_version":"2019-07-17","purchased_purges":1,"victory":false,"max_hp_per_floor":[89,89,89,89,89,89,89,89,96,96,96,96,96,96,96,96,96,96,96,96,96,96,96,96,96,96,96,96,96,96,96,96,96,96,96,96,96,96,96,96,96,96,96,96,96,96,96,96,96,96],"card_choices":[{"not_picked":["Steam","Consume"],"picked":"Steam Power","floor":1},{"not_picked":["Sweeping Beam","Steam"],"picked":"Coolheaded","floor":2},{"not_picked":["Darkness","Sweeping Beam"],"picked":"Ball Lightning","floor":3},{"not_picked":["Storm","Gash"],"picked":"Barrage","floor":4},{"not_picked":["Turbo","Stack"],"picked":"Barrage","floor":5},{"not_picked":["Blizzard","Rip and Tear"],"picked":"Rebound","floor":7},{"not_picked":["Multi-Cast","Gash"],"picked":"Blizzard","floor":8},{"not_picked":["Streamline","Consume"],"picked":"Chill","floor":10},{"not_picked":["Compile Driver","Hello World"],"picked":"Beam Cell","floor":12},{"not_picked":["Thunder Strike","Electrodynamics"],"picked":"Meteor Strike","floor":16},{"not_picked":["Hologram","Stack"],"picked":"Melter+1","floor":18},{"not_picked":["Steam+1","Darkness"],"picked":"Hello World","floor":21},{"not_picked":["Stack","All For One"],"picked":"Coolheaded","floor":22},{"not_picked":["Streamline","Beam Cell+1"],"picked":"Go for the Eyes+1","floor":24},{"not_picked":["Beam Cell","Self Repair"],"picked":"Cold Snap","floor":25},{"not_picked":["Redo","Skim"],"picked":"Self Repair","floor":27},{"not_picked":["Beam Cell","Go for the Eyes"],"picked":"Machine Learning","floor":30},{"not_picked":["Coolheaded","Go for the Eyes"],"picked":"Self Repair+1","floor":31},{"not_picked":["All For One","Multi-Cast"],"picked":"Echo Form","floor":33},{"not_picked":["Redo+1","Rebound+1"],"picked":"Chaos+1","floor":35},{"not_picked":["Static Discharge","Sweeping Beam"],"picked":"Self Repair","floor":36},{"not_picked":["Redo","Gash"],"picked":"Cold Snap","floor":38},{"not_picked":["Storm","Coolheaded"],"picked":"Ball Lightning","floor":41},{"not_picked":["PanicButton","Magnetism"],"picked":"Purity","floor":44},{"not_picked":["Trip","Chrysalis"],"picked":"Good Instincts","floor":44},{"not_picked":["Sweeping Beam","Compile Driver"],"picked":"Ball Lightning+1","floor":48}],"player_experience":36000,"relics_obtained":[{"floor":7,"key":"MawBank"},{"floor":9,"key":"Strawberry"},{"floor":10,"key":"Vajra"},{"floor":26,"key":"Happy Flower"},{"floor":27,"key":"Bag of Preparation"},{"floor":30,"key":"StoneCalendar"},{"floor":43,"key":"Darkstone Periapt"}],"event_choices":[{"damage_healed":0,"gold_gain":30,"player_choice":"Searched \u00273\u0027 times","damage_taken":0,"max_hp_gain":0,"max_hp_loss":0,"event_name":"Dead Adventurer","floor":10,"gold_loss":0},{"damage_healed":0,"gold_gain":0,"player_choice":"Ignored","damage_taken":0,"max_hp_gain":0,"max_hp_loss":0,"event_name":"Shining Light","floor":13,"gold_loss":0},{"damage_healed":0,"gold_gain":0,"player_choice":"Left Gold","damage_taken":0,"max_hp_gain":0,"max_hp_loss":0,"event_name":"World of Goop","floor":14,"gold_loss":41},{"damage_healed":0,"gold_gain":0,"player_choice":"Opened","damage_taken":0,"relics_obtained":["Sundial"],"max_hp_gain":0,"max_hp_loss":0,"event_name":"The Mausoleum","floor":19,"gold_loss":0},{"damage_healed":0,"gold_gain":0,"cards_transformed":["Strike_B","Steam Power"],"player_choice":"Became Test Subject","damage_taken":0,"max_hp_gain":0,"max_hp_loss":0,"event_name":"Drug Dealer","floor":20,"gold_loss":0,"cards_obtained":["Thunder Strike","Seek"]},{"damage_healed":0,"gold_gain":0,"player_choice":"Ignored","damage_taken":0,"max_hp_gain":0,"max_hp_loss":0,"event_name":"Tomb of Lord Red Mask","floor":37,"gold_loss":0},{"damage_healed":0,"gold_gain":0,"player_choice":"Memory 2","damage_taken":5,"max_hp_gain":0,"max_hp_loss":0,"event_name":"SensoryStone","floor":44,"gold_loss":0},{"damage_healed":0,"gold_gain":0,"player_choice":"Embrace Madness","damage_taken":12,"max_hp_gain":0,"max_hp_loss":0,"event_name":"Winding Halls","floor":45,"gold_loss":0,"cards_obtained":["Madness","Madness"]},{"damage_healed":0,"gold_gain":0,"player_choice":"Ignored","damage_taken":0,"max_hp_gain":0,"max_hp_loss":0,"event_name":"Mysterious Sphere","floor":47,"gold_loss":0}],"is_beta":false,"boss_relics":[{"not_picked":["Coffee Dripper","Runic Dome"],"picked":"Astrolabe"},{"not_picked":["White Beast Statue","Black Star"],"picked":"Runic Pyramid"}],"items_purged_floors":[46],"is_endless":false,"potions_floor_spawned":[1,2,4,10,12,16,21,22,25,31,33,41],"killed_by":"Time Eater","ascension_level":1}