{"gold_per_floor":[114,114,124,138,153,184,202,202,202,202,277,304,304,329,329,329],"floor_reached":16,"playtime":555,"items_purged":[],"score":220,"play_id":"87b04cca-08b0-4bd0-8b62-a81c5623ba90","local_time":"20190925113157","is_ascension_mode":true,"campfire_choices":[{"data":"Armaments","floor":8,"key":"SMITH"},{"data":"Shockwave","floor":13,"key":"SMITH"},{"data":"Anger","floor":15,"key":"SMITH"}],"neow_cost":"NONE","seed_source_timestamp":731760547942500,"circlet_count":0,"master_deck":["AscendersBane","Strike_R","Strike_R","Strike_R","Strike_R","Defend_R","Defend_R","Defend_R","Defend_R","Bash","Headbutt","Shrug It Off","Anger+1","Shockwave+1","Feel No Pain","Armaments+1","Offering"],"relics":["Burning Blood","CultistMask","Ginger","Meat on the Bone","The Courier","Odd Mushroom"],"potions_floor_usage":[16],"damage_taken":[{"damage":7,"enemies":"Cultist","floor":1,"turns":4},{"damage":7,"enemies":"Small Slimes","floor":3,"turns":4},{"damage":8,"enemies":"2 Louse","floor":4,"turns":2},{"damage":8,"enemies":"Red Slaver","floor":5,"turns":4},{"damage":22,"enemies":"3 Sentries","floor":6,"turns":16},{"damage":5,"enemies":"3 Louse","floor":7,"turns":5},{"damage":11,"enemies":"Gremlin Nob","floor":12,"turns":3},{"damage":31,"enemies":"The Mushroom Lair","floor":14,"turns":6},{"damage":55,"enemies":"Hexaghost","floor":16,"turns":9}],"seed_played":"3978071543063337998","potions_obtained":[{"floor":3,"key":"FairyPotion"},{"floor":7,"key":"GamblersBrew"},{"floor":12,"key":"Dexterity Potion"}],"is_trial":false,"path_per_floor":["M","?","M","M","M","E","M","R","T","?","?","E","R","?","R","B"],"character_chosen":"IRONCLAD","items_purchased":[],"campfire_rested":0,"item_purchase_floors":[],"current_hp_per_floor":[67,67,66,64,62,46,47,47,47,47,36,43,43,30,30,0],"gold":329,"neow_bonus":"TRANSFORM_CARD","is_prod":false,"is_daily":false,"chose_seed":false,"campfire_upgraded":3,"win_rate":0,"timestamp":1569436317,"path_taken":["M","?","M","?","M","E","M","R","T","?","?","E","R","?","R","BOSS"],"build_version":"2019-09-24","purchased_purges":0,"victory":false,"max_hp_per_floor":[75,75,75,75,75,75,75,75,75,75,75,75,75,75,75,75],"card_choices":[{"not_picked":["Thunderclap","Headbutt"],"picked":"Shrug It Off","floor":1},{"not_picked":["Armaments","True Grit"],"picked":"Anger","floor":3},{"not_picked":["Second Wind","Pummel"],"picked":"Shockwave","floor":4},{"not_picked":["Flame Barrier","Havoc"],"picked":"Feel No Pain","floor":5},{"not_picked":["Twin Strike","True Grit"],"picked":"Armaments","floor":6},{"not_picked":["Sword Boomerang","Second Wind"],"picked":"Offering","floor":7},{"not_picked":["Clash","Anger","Wild Strike"],"picked":"SKIP","floor":12}],"player_experience":1026924,"relics_obtained":[{"floor":6,"key":"Ginger"},{"floor":9,"key":"Meat on the Bone"},{"floor":12,"key":"The Courier"},{"floor":14,"key":"Odd Mushroom"}],"event_choices":[{"damage_healed":0,"gold_gain":0,"player_choice":"Trade","damage_taken":0,"relics_obtained":["CultistMask"],"max_hp_gain":0,"max_hp_loss":0,"event_name":"FaceTrader","floor":2,"gold_loss":0},{"damage_healed":0,"gold_gain":0,"player_choice":"Ignored","damage_taken":0,"max_hp_gain":0,"max_hp_loss":0,"event_name":"Liars Game","floor":10,"gold_loss":0},{"damage_healed":0,"gold_gain":75,"player_choice":"Gather Gold","damage_taken":11,"max_hp_gain":0,"max_hp_loss":0,"event_name":"World of Goop","floor":11,"gold_loss":0},{"damage_healed":0,"gold_gain":0,"player_choice":"Fought Mushrooms","damage_taken":0,"max_hp_gain":0,"max_hp_loss":0,"event_name":"Mushrooms","floor":14,"gold_loss":0}],"is_beta":true,"boss_relics":[],"items_purged_floors":[],"is_endless":false,"potions_floor_spawned":[3,7,12],"killed_by":"Hexaghost","ascension_level":20}