{"gold_per_floor":[219,234,10,25,42,42,67,102,102,136,136,153,164,5,5,82,82,101,16,16,16,14,43,43,43],"floor_reached":25,"playtime":1327,"items_purged":["Strike_R"],"score":462,"play_id":"7f4110dc-b733-4d4a-bf75-24ff4cee5b6f","local_time":"20190415170919","is_ascension_mode":true,"campfire_choices":[{"data":"Armaments","floor":6.0,"key":"SMITH"},{"data":"Bash","floor":11.0,"key":"SMITH"},{"data":"Inflame","floor":15.0,"key":"SMITH"},{"data":"Flame Barrier","floor":24,"key":"SMITH"}],"neow_cost":"NONE","seed_source_timestamp":256554405228775,"circlet_count":0,"master_deck":["AscendersBane","Strike_R","Defend_R","Defend_R","Defend_R","Defend_R","Bash+1","Armaments+1","Twin Strike","Shrug It Off","Flame Barrier+1","Twin Strike","Offering","Evolve","Inflame+1","Offering","True Grit+1","Havoc+1","Shrug It Off"],"special_seed":0,"relics":["Burning Blood","Anchor","Happy Flower","Juzu Bracelet","Pear","Pantograph","Empty Cage","Oddly Smooth Stone","Art of War"],"potions_floor_usage":[23],"damage_taken":[{"damage":8.0,"enemies":"Cultist","floor":1.0,"turns":5.0},{"damage":1.0,"enemies":"Small Slimes","floor":2.0,"turns":4.0},{"damage":2.0,"enemies":"Jaw Worm","floor":4.0,"turns":3.0},{"damage":1.0,"enemies":"Looter","floor":5.0,"turns":3.0},{"damage":48.0,"enemies":"Gremlin Nob","floor":8.0,"turns":5.0},{"damage":26.0,"enemies":"3 Sentries","floor":10.0,"turns":9.0},{"damage":2.0,"enemies":"Lots of Slimes","floor":12.0,"turns":5.0},{"damage":4.0,"enemies":"Large Slime","floor":13.0,"turns":8.0},{"damage":38.0,"enemies":"The Guardian","floor":16.0,"turns":15.0},{"damage":13.0,"enemies":"Spheric Guardian","floor":18.0,"turns":3.0},{"damage":12,"enemies":"2 Thieves","floor":22,"turns":4},{"damage":29,"enemies":"Book of Stabbing","floor":23,"turns":7},{"damage":51,"enemies":"Snecko","floor":25,"turns":6}],"seed_played":"2255206759961471301","potions_obtained":[{"floor":1.0,"key":"PowerPotion"},{"floor":2.0,"key":"Dexterity Potion"},{"floor":10.0,"key":"Regen Potion"},{"floor":12.0,"key":"BloodPotion"},{"floor":13.0,"key":"Swift Potion"},{"floor":18.0,"key":"Explosive Potion"},{"floor":23,"key":"LiquidBronze"}],"is_trial":false,"path_per_floor":["M","M","$","M","M","R","T","E","T","E","R","M","M","$","R","B",null,"M","?","?","?","M","E","R","M"],"character_chosen":"IRONCLAD","items_purchased":["Anchor","Shrug It Off","Inflame"],"campfire_rested":0,"item_purchase_floors":[3,3,14],"current_hp_per_floor":[66,71,71,75,75,75,75,33,43,23,23,27,37,37,37,30,71,64,64,64,64,58,50,50,0],"gold":43,"neow_bonus":"HUNDRED_GOLD","is_prod":false,"is_daily":false,"chose_seed":false,"campfire_upgraded":4,"win_rate":0,"timestamp":1555362559,"path_taken":["M","M","$","M","M","R","?","E","T","E","R","M","M","$","R","BOSS","M","?","?","?","M","E","R","M"],"build_version":"2019-01-23","purchased_purges":1,"victory":false,"max_hp_per_floor":[75,75,75,75,75,75,75,75,85,85,85,85,85,85,85,85,85,85,85,85,85,85,85,85,85],"card_choices":[{"not_picked":["Second Wind","Fire Breathing"],"picked":"Armaments","floor":1.0},{"not_picked":["Flex","Body Slam"],"picked":"Twin Strike","floor":2.0},{"not_picked":["Anger","Pummel"],"picked":"Flame Barrier","floor":4.0},{"not_picked":["Cleave","Iron Wave"],"picked":"Twin Strike","floor":5.0},{"not_picked":["Rupture","Rage","Sever Soul"],"picked":"SKIP","floor":8.0},{"not_picked":["Shrug It Off","Berserk"],"picked":"Offering","floor":10.0},{"not_picked":["Havoc","Sword Boomerang"],"picked":"Evolve","floor":12.0},{"not_picked":["Clash","Corruption","Thunderclap"],"picked":"SKIP","floor":13.0},{"not_picked":["Bludgeon","Impervious"],"picked":"Offering","floor":16.0},{"not_picked":["Infernal Blade+1","Havoc"],"picked":"True Grit","floor":18.0},{"not_picked":["Cleave","Body Slam"],"picked":"Havoc+1","floor":22},{"not_picked":["Pommel Strike","Sentinel"],"picked":"Shrug It Off","floor":23}],"player_experience":696231,"relics_obtained":[{"floor":7.0,"key":"Happy Flower"},{"floor":8.0,"key":"Juzu Bracelet"},{"floor":9.0,"key":"Pear"},{"floor":10.0,"key":"Pantograph"},{"floor":23,"key":"Art of War"}],"event_choices":[{"damage_healed":0.0,"max_hp_gain":0.0,"max_hp_loss":0.0,"gold_gain":0.0,"event_name":"Addict","player_choice":"Obtained Relic","floor":19.0,"gold_loss":85.0,"damage_taken":0.0,"relics_obtained":["Oddly Smooth Stone"]},{"cards_removed":["Strike_R"],"damage_healed":0,"gold_gain":0,"player_choice":"Offered Basic","damage_taken":0,"max_hp_gain":0,"max_hp_loss":0,"event_name":"Bonfire Elementals","floor":20,"gold_loss":0},{"damage_healed":0,"gold_gain":0,"player_choice":"Forge","damage_taken":0,"max_hp_gain":0,"max_hp_loss":0,"event_name":"Accursed Blacksmith","floor":21,"gold_loss":0,"cards_upgraded":["True Grit"]}],"is_beta":false,"boss_relics":[{"not_picked":["Eternal Feather","Lizard Tail"],"picked":"Empty Cage"}],"items_purged_floors":[14],"is_endless":false,"potions_floor_spawned":[1,2,10,12,13,18,22,23],"killed_by":"Snecko","ascension_level":20}