{"gold_per_floor":[113,133,133,144,159,159,191,205,276,296,296,296,83,118,118,197,197,212,35,35,35,52,52,52,52,52,52,52,78,98,98,98,172,172,185,185,60,40,58,86,86,119,166,191,205,47,47,47,47,47,47,47,47,47,47],"floor_reached":55,"playtime":3135,"items_purged":["Strike_B","Strike_B","Shame"],"score":1933,"play_id":"3a049d69-e274-4668-90c6-a783ca09fb66","local_time":"20190421113621","is_ascension_mode":true,"campfire_choices":[{"data":"Barrage","floor":6.0,"key":"SMITH"},{"floor":11.0,"key":"REST"},{"data":"Capacitor","floor":15.0,"key":"SMITH"},{"floor":23.0,"key":"REST"},{"data":"Seek","floor":25.0,"key":"SMITH"},{"data":"Coolheaded","floor":28.0,"key":"SMITH"},{"floor":32.0,"key":"REST"},{"floor":41.0,"key":"REST"},{"data":"Consume","floor":47.0,"key":"SMITH"},{"floor":49.0,"key":"RECALL"},{"data":"Loop","floor":53,"key":"SMITH"}],"neow_cost":"NONE","seed_source_timestamp":318634646894137,"circlet_count":0,"master_deck":["AscendersBane","Strike_B","Defend_B","Defend_B","Defend_B","Defend_B","Zap","Dualcast","Ball Lightning","Barrage+1","Cold Snap","Cold Snap","Sweeping Beam","Leap","Capacitor+1","Coolheaded+1","Coolheaded","Seek+1","Conserve Battery","Doom and Gloom","Necronomicurse","Recycle","Glacier","White Noise","Decay","Rainbow","Glacier+1","Force Field","Double Energy","Consume+1","Go for the Eyes+1","Loop+1","Glacier","Doubt"],"special_seed":0,"relics":["Cracked Core","Darkstone Periapt","Nunchaku","Shuriken","Happy Flower","Snecko Eye","Necronomicon","Juzu Bracelet","Blue Candle","Vajra","Sozu","Girya","Bottled Flame","Orichalcum"],"potions_floor_usage":[55],"damage_taken":[{"damage":2.0,"enemies":"Jaw Worm","floor":1.0,"turns":4.0},{"damage":0.0,"enemies":"Cultist","floor":2.0,"turns":3.0},{"damage":0.0,"enemies":"2 Louse","floor":4.0,"turns":3.0},{"damage":25.0,"enemies":"Red Slaver","floor":5.0,"turns":4.0},{"damage":32.0,"enemies":"3 Sentries","floor":7.0,"turns":8.0},{"damage":7.0,"enemies":"3 Louse","floor":8.0,"turns":3.0},{"damage":4.0,"enemies":"Looter","floor":10.0,"turns":2.0},{"damage":25.0,"enemies":"Gremlin Nob","floor":14.0,"turns":4.0},{"damage":15.0,"enemies":"Slime Boss","floor":16.0,"turns":8.0},{"damage":24.0,"enemies":"Spheric Guardian","floor":18.0,"turns":4.0},{"damage":17.0,"enemies":"Shell Parasite","floor":22.0,"turns":4.0},{"damage":11.0,"enemies":"Book of Stabbing","floor":29.0,"turns":4.0},{"damage":8.0,"enemies":"Shelled Parasite and Fungi","floor":30.0,"turns":5.0},{"damage":36.0,"enemies":"Automaton","floor":33.0,"turns":8.0},{"damage":14.0,"enemies":"Orb Walker","floor":35.0,"turns":2.0},{"damage":7.0,"enemies":"3 Darklings","floor":39.0,"turns":3.0},{"damage":7.0,"enemies":"Reptomancer","floor":40.0,"turns":4.0},{"damage":23.0,"enemies":"Nemesis","floor":42.0,"turns":9.0},{"damage":28.0,"enemies":"Giant Head","floor":44.0,"turns":8.0},{"damage":5.0,"enemies":"Sphere and 2 Shapes","floor":45.0,"turns":7.0},{"damage":24,"enemies":"Time Eater","floor":50,"turns":15},{"damage":27,"enemies":"Donu and Deca","floor":51,"turns":14},{"damage":94,"enemies":"Shield and Spear","floor":55,"turns":6}],"seed_played":"2453642038528074830","potions_obtained":[{"floor":2.0,"key":"Poison Potion"},{"floor":7.0,"key":"Energy Potion"},{"floor":10.0,"key":"Swift Potion"},{"floor":18.0,"key":"Fire Potion"},{"floor":30.0,"key":"GamblersBrew"}],"is_trial":false,"path_per_floor":["M","M","?","M","M","R","E","M","T","M","R","?","$","E","R","B",null,"M","$","?","?","M","R","$","R","T","?","R","E","M","?","R","B",null,"M","?","$","?","M","E","R","E","T","E","M","$","R","?","R","B","B",null,"R","$","E"],"character_chosen":"DEFECT","items_purchased":["Capacitor","Coolheaded","Doom and Gloom","Loop","Glacier"],"campfire_rested":4,"item_purchase_floors":[13,13,19,46,46],"current_hp_per_floor":[69,69,69,69,44,44,12,5,5,1,24,78,78,53,53,38,68,44,44,29,35,18,45,45,45,45,45,45,34,26,32,60,24,78,64,64,64,64,57,50,78,55,55,27,22,22,22,102,102,78,51,89,89,89,0],"gold":47,"neow_bonus":"TEN_PERCENT_HP_BONUS","is_prod":false,"is_daily":false,"chose_seed":false,"campfire_upgraded":6,"win_rate":0,"timestamp":1555860981,"path_taken":["M","M","?","M","M","R","E","M","T","?","R","?","$","E","R","BOSS","M","?","?","?","M","R","$","R","T","?","R","E","M","?","R","BOSS","M","?","$","?","M","E","R","E","T","E","M","?","R","?","R","BOSS","BOSS","R","$","E"],"build_version":"2019-01-23","purchased_purges":3,"victory":false,"max_hp_per_floor":[78,78,78,78,78,78,78,78,78,78,78,78,78,78,78,78,78,78,78,84,90,90,90,90,90,90,90,90,90,90,96,96,96,96,96,96,96,96,96,96,96,96,96,96,96,96,96,102,102,102,102,102,102,102,102],"card_choices":[{"not_picked":["Sweeping Beam","Rebound"],"picked":"Ball Lightning","floor":1.0},{"not_picked":["Heatsinks","Turbo"],"picked":"Barrage","floor":2.0},{"not_picked":["Steam","Chaos"],"picked":"Consume","floor":4.0},{"not_picked":["Steam","Buffer"],"picked":"Cold Snap","floor":5.0},{"not_picked":["Redo","Lockon"],"picked":"Cold Snap","floor":7.0},{"not_picked":["Scrape","Stack"],"picked":"Sweeping Beam","floor":8.0},{"not_picked":["Gash","Hello World"],"picked":"Leap","floor":10.0},{"not_picked":["Cold Snap","Sweeping Beam"],"picked":"Coolheaded","floor":14.0},{"not_picked":["Hyperbeam","Reboot"],"picked":"Seek","floor":16.0},{"not_picked":["Steam+1","Reprogram"],"picked":"Conserve Battery","floor":18.0},{"not_picked":["Cold Snap","Chill","Redo"],"picked":"SKIP","floor":22.0},{"not_picked":["Lockon","Go for the Eyes"],"picked":"Glacier","floor":29.0},{"not_picked":["Stack","Leap"],"picked":"White Noise","floor":30.0},{"not_picked":["Seek","Amplify"],"picked":"Rainbow","floor":33.0},{"not_picked":["Hologram+1","Gash+1"],"picked":"Glacier+1","floor":35.0},{"not_picked":["Chill+1","Turbo+1"],"picked":"Double Energy","floor":39.0},{"not_picked":["Lockon","Self Repair","Steam"],"picked":"SKIP","floor":40.0},{"not_picked":["Loop","Leap"],"picked":"Consume","floor":42.0},{"not_picked":["Steam+1","BootSequence+1"],"picked":"Go for the Eyes+1","floor":44.0},{"not_picked":["Ball Lightning","Leap","Force Field"],"picked":"SKIP","floor":45.0}],"player_experience":745259,"relics_obtained":[{"floor":7.0,"key":"Nunchaku"},{"floor":9.0,"key":"Shuriken"},{"floor":14.0,"key":"Happy Flower"},{"floor":20.0,"key":"Necronomicon"},{"floor":26.0,"key":"Blue Candle"},{"floor":29.0,"key":"Vajra"},{"floor":40.0,"key":"Girya"},{"floor":42.0,"key":"Bottled Flame"},{"floor":44.0,"key":"Orichalcum"}],"event_choices":[{"damage_healed":0.0,"max_hp_gain":0.0,"max_hp_loss":0.0,"gold_gain":0.0,"event_name":"WeMeetAgain","player_choice":"Gave Potion","floor":3.0,"gold_loss":0.0,"damage_taken":0.0,"relics_obtained":["Darkstone Periapt"]},{"cards_removed":["Consume"],"damage_healed":54.0,"max_hp_gain":0.0,"max_hp_loss":0.0,"gold_gain":0.0,"event_name":"Bonfire Elementals","player_choice":"Offered Uncommon","floor":12.0,"gold_loss":0.0,"damage_taken":0.0},{"damage_healed":0.0,"max_hp_gain":0.0,"max_hp_loss":0.0,"gold_gain":0.0,"event_name":"Cursed Tome","player_choice":"Obtained Book","floor":20.0,"gold_loss":0.0,"damage_taken":21.0},{"damage_healed":0.0,"max_hp_gain":0.0,"max_hp_loss":0.0,"gold_gain":0.0,"event_name":"Addict","player_choice":"Stole Relic","floor":21.0,"gold_loss":0.0,"damage_taken":0.0,"relics_obtained":["Juzu Bracelet"],"cards_obtained":["Shame"]},{"damage_healed":0.0,"max_hp_gain":0.0,"max_hp_loss":0.0,"gold_gain":0.0,"event_name":"The Library","player_choice":"Read","floor":27.0,"gold_loss":0.0,"damage_taken":0.0,"cards_obtained":["Recycle"]},{"damage_healed":0.0,"max_hp_gain":0.0,"max_hp_loss":0.0,"gold_gain":0.0,"event_name":"Wheel of Change","player_choice":"Cursed","floor":31.0,"gold_loss":0.0,"damage_taken":0.0,"cards_obtained":["Decay"]},{"damage_healed":0.0,"max_hp_gain":0.0,"max_hp_loss":0.0,"gold_gain":0.0,"cards_transformed":["Strike_B"],"event_name":"Transmorgrifier","player_choice":"Transformed","floor":36.0,"gold_loss":0.0,"damage_taken":0.0,"cards_obtained":["Force Field"]},{"damage_healed":0.0,"max_hp_gain":0.0,"max_hp_loss":0.0,"gold_gain":0.0,"event_name":"The Woman in Blue","player_choice":"Bought 1 Potion","floor":38.0,"gold_loss":0.0,"damage_taken":0.0},{"damage_healed":74.0,"max_hp_gain":0.0,"max_hp_loss":0.0,"gold_gain":0.0,"event_name":"MindBloom","player_choice":"Heal","floor":48.0,"gold_loss":0.0,"damage_taken":0.0,"cards_obtained":["Doubt"]}],"is_beta":false,"boss_relics":[{"not_picked":["Calling Bell","Velvet Choker"],"picked":"Snecko Eye"},{"not_picked":["Astrolabe","Runic Dome"],"picked":"Sozu"}],"items_purged_floors":[13,19,37],"is_endless":false,"potions_floor_spawned":[2,7,10,18,30,35,42,44,45],"killed_by":"Shield and Spear","ascension_level":20}