{"gold_per_floor":[118,136,151,165,179,179,213,213,286,317,335,350,350,385,385,459,459,474,219,245,20,37,37,48,74,74,89,89,89,89,102,102,175,175,190,190,210,225,240,240,57,83,109,140,140,159,206,218,218,218],"floor_reached":51,"playtime":5525,"items_purged":["Strike_G","Strike_G","Decay"],"score":1461,"play_id":"b5c5ad99-acb9-406f-8996-0b67af56c9b0","local_time":"20190929160900","is_ascension_mode":true,"campfire_choices":[{"data":"Skewer","floor":6.0,"key":"SMITH"},{"floor":8.0,"key":"REST"},{"floor":13.0,"key":"REST"},{"floor":15.0,"key":"REST"},{"floor":23.0,"key":"REST"},{"floor":30.0,"key":"REST"},{"floor":32.0,"key":"REST"},{"floor":40.0,"key":"REST"},{"floor":45,"key":"REST"},{"floor":49,"key":"REST"}],"neow_cost":"NONE","seed_source_timestamp":0,"circlet_count":0,"master_deck":["AscendersBane","Strike_G","Defend_G+1","Defend_G+1","Defend_G","Defend_G","Defend_G","Survivor","Neutralize","All Out Attack","Footwork","Dagger Throw","Glass Knife","Skewer+1","Bouncing Flask+1","Catalyst+1","Acrobatics+1","Deadly Poison+1","Prepared+1","Phantasmal Killer+1","Noxious Fumes","Dodge and Roll+1","Deep Breath+1","Tactician+1","Crippling Poison+1","Blur+1","Infinite Blades","Crippling Poison+1","Bouncing Flask+1","Footwork","Deadly Poison+1","Night Terror+1","Noxious Fumes","Die Die Die","Well Laid Plans+1","Leg Sweep+1","Dodge and Roll+1","Catalyst+1","Burst+1","Blur+1","Backflip+1"],"special_seed":0,"relics":["Runic Dome","Toxic Egg 2","Mummified Hand","Ice Cream","War Paint","Lizard Tail","Red Mask","Prayer Wheel","Vajra","FossilizedHelix","Empty Cage","Smiling Mask","Oddly Smooth Stone","Question Card","Incense Burner"],"potions_floor_usage":[46,47,48,50],"damage_taken":[{"damage":0.0,"enemies":"2 Louse","floor":1.0,"turns":3.0},{"damage":4.0,"enemies":"Jaw Worm","floor":2.0,"turns":5.0},{"damage":5.0,"enemies":"Small Slimes","floor":3.0,"turns":4.0},{"damage":14.0,"enemies":"Gremlin Gang","floor":4.0,"turns":4.0},{"damage":2.0,"enemies":"2 Fungi Beasts","floor":5.0,"turns":3.0},{"damage":28.0,"enemies":"3 Sentries","floor":7.0,"turns":8.0},{"damage":21.0,"enemies":"Lagavulin","floor":10.0,"turns":4.0},{"damage":1.0,"enemies":"Blue Slaver","floor":11.0,"turns":2.0},{"damage":0.0,"enemies":"Lots of Slimes","floor":12.0,"turns":2.0},{"damage":28.0,"enemies":"Gremlin Nob","floor":14.0,"turns":4.0},{"damage":6.0,"enemies":"The Guardian","floor":16.0,"turns":5.0},{"damage":2.0,"enemies":"Chosen","floor":18.0,"turns":3.0},{"damage":28.0,"enemies":"Masked Bandits","floor":20.0,"turns":4.0},{"damage":1.0,"enemies":"3 Byrds","floor":22.0,"turns":5.0},{"damage":2.0,"enemies":"Cultist and Chosen","floor":24.0,"turns":5.0},{"damage":3.0,"enemies":"Gremlin Leader","floor":25.0,"turns":5.0},{"damage":13.0,"enemies":"Chosen and Byrds","floor":27.0,"turns":4.0},{"damage":15.0,"enemies":"Colosseum Slavers","floor":28.0,"turns":3.0},{"damage":13.0,"enemies":"Centurion and Healer","floor":31.0,"turns":5.0},{"damage":0.0,"enemies":"Champ","floor":33.0,"turns":5.0},{"damage":0.0,"enemies":"Orb Walker","floor":35.0,"turns":2.0},{"damage":11.0,"enemies":"3 Darklings","floor":37.0,"turns":5.0},{"damage":16.0,"enemies":"4 Shapes","floor":38.0,"turns":6.0},{"damage":3.0,"enemies":"Transient","floor":39.0,"turns":6.0},{"damage":20,"enemies":"Giant Head","floor":42,"turns":6},{"damage":5,"enemies":"Nemesis","floor":44,"turns":5},{"damage":0,"enemies":"Maw","floor":46,"turns":5},{"damage":15,"enemies":"2 Orb Walkers","floor":47,"turns":4},{"damage":5,"enemies":"Spire Growth","floor":48,"turns":4},{"damage":26,"enemies":"Awakened One","floor":50,"turns":9}],"seed_played":"-2303825849800452325","potions_obtained":[{"floor":1.0,"key":"GhostInAJar"},{"floor":3.0,"key":"Regen Potion"},{"floor":11.0,"key":"SkillPotion"},{"floor":16.0,"key":"Strength Potion"},{"floor":22.0,"key":"AttackPotion"},{"floor":27.0,"key":"SkillPotion"},{"floor":33.0,"key":"Fruit Juice"},{"floor":37.0,"key":"GamblersBrew"},{"floor":42,"key":"GamblersBrew"},{"floor":46,"key":"FearPotion"},{"floor":47,"key":"Strength Potion"}],"is_trial":false,"path_per_floor":["M","M","M","M","M","R","E","R","T","E","M","M","R","E","R","B",null,"M","$","?","$","M","R","M","E","T","M","?","T","R","M","R","B",null,"M","?","M","M","M","R","$","E","T","E","R","M","?","M","R","B",null],"character_chosen":"THE_SILENT","items_purchased":["Noxious Fumes","Dodge and Roll+1","Deep Breath+1","Crippling Poison+1","Blur+1","Dodge and Roll+1"],"campfire_rested":9,"item_purchase_floors":[19,19,19,21,21,41],"current_hp_per_floor":[59,55,50,36,34,34,21,40,40,19,18,18,37,9,28,22,55,53,53,25,25,24,43,41,38,38,25,10,10,29,16,35,35,63,63,63,52,36,33,54,54,34,34,29,50,50,35,30,51,25],"gold":218,"neow_bonus":"BOSS_RELIC","is_prod":false,"is_daily":false,"chose_seed":false,"campfire_upgraded":1,"win_rate":0,"timestamp":1569791340,"path_taken":["M","M","M","M","M","R","E","R","T","E","M","M","R","E","R","BOSS","M","$","?","$","M","R","M","E","T","M","?","?","R","M","R","BOSS","M","?","?","M","?","R","$","E","T","E","R","M","?","M","R","BOSS"],"build_version":"2019-07-17","purchased_purges":3,"victory":true,"max_hp_per_floor":[66,66,66,66,66,66,66,66,66,66,66,66,66,66,66,66,66,66,66,66,66,66,66,66,66,66,66,66,66,66,66,66,66,71,71,71,71,71,71,71,71,71,71,71,71,71,71,71,71,71],"card_choices":[{"not_picked":["Infinite Blades","PiercingWail"],"picked":"All Out Attack","floor":1.0},{"not_picked":["Backflip","Predator"],"picked":"Footwork","floor":2.0},{"not_picked":["Flying Knee","Blade Dance"],"picked":"Dagger Throw","floor":3.0},{"not_picked":["Acrobatics","Sucker Punch"],"picked":"Glass Knife","floor":4.0},{"not_picked":["Poisoned Stab","Catalyst"],"picked":"Skewer","floor":5.0},{"not_picked":["Concentrate","Dodge and Roll"],"picked":"Bouncing Flask","floor":7.0},{"not_picked":["Underhanded Strike","Finisher"],"picked":"Catalyst+1","floor":10.0},{"not_picked":["Slice","Dagger Throw"],"picked":"Acrobatics+1","floor":11.0},{"not_picked":["Blade Dance+1","Predator"],"picked":"Deadly Poison+1","floor":12.0},{"not_picked":["Flechettes","Quick Slash"],"picked":"Prepared+1","floor":14.0},{"not_picked":["Unload","Wraith Form v2"],"picked":"Phantasmal Killer+1","floor":16.0},{"not_picked":["Quick Slash","Flechettes","PiercingWail+1"],"picked":"SKIP","floor":18.0},{"not_picked":["Deadly Poison+1","All Out Attack"],"picked":"Tactician+1","floor":20.0},{"not_picked":["Cloak And Dagger+1","Dagger Spray","Bane"],"picked":"SKIP","floor":22.0},{"not_picked":["Sucker Punch","Dagger Throw"],"picked":"Infinite Blades","floor":24.0},{"not_picked":["Predator","Bouncing Flask+1"],"picked":"Crippling Poison+1","floor":25.0},{"not_picked":["Accuracy","Dagger Spray+1"],"picked":"Bouncing Flask+1","floor":27.0},{"not_picked":["Dagger Spray","Corpse Explosion+1"],"picked":"Footwork","floor":27.0},{"not_picked":["Backstab","Outmaneuver+1"],"picked":"Deadly Poison+1","floor":31.0},{"not_picked":["Heel Hook","Tactician+1","Slice"],"picked":"SKIP","floor":31.0},{"not_picked":["Venomology+1","Envenom"],"picked":"Night Terror+1","floor":33.0},{"not_picked":["Outmaneuver+1","Cloak And Dagger+1"],"picked":"Noxious Fumes","floor":35.0},{"not_picked":["Accuracy+1","Skewer","Blade Dance+1"],"picked":"SKIP","floor":35.0},{"not_picked":["Acrobatics+1","All Out Attack"],"picked":"Die Die Die","floor":37.0},{"not_picked":["Skewer","Dash","Deflect+1"],"picked":"SKIP","floor":37.0},{"not_picked":["Caltrops","All Out Attack+1"],"picked":"Well Laid Plans+1","floor":38.0},{"not_picked":["Choke","Caltrops"],"picked":"Leg Sweep+1","floor":38.0},{"not_picked":["Endless Agony","Sucker Punch","Deflect+1"],"picked":"SKIP","floor":39.0},{"not_picked":["Crippling Poison+1","Slice","Outmaneuver+1"],"picked":"SKIP","floor":39.0},{"not_picked":["Quick Slash+1","Reflex+1","Outmaneuver+1"],"picked":"SKIP","floor":42},{"not_picked":["Prepared+1","Reflex+1","Masterful Stab+1"],"picked":"SKIP","floor":44},{"not_picked":["Predator+1","Dagger Throw","All Out Attack"],"picked":"Catalyst+1","floor":46},{"not_picked":["Poisoned Stab+1","Outmaneuver+1","Prepared+1"],"picked":"Burst+1","floor":46},{"not_picked":["Dodge and Roll+1","Backstab","Skewer"],"picked":"Blur+1","floor":47},{"not_picked":["Dagger Spray","Prepared+1","PiercingWail+1"],"picked":"Backflip+1","floor":48},{"not_picked":["Finisher","Footwork","Crippling Poison+1","All Out Attack"],"picked":"SKIP","floor":48}],"player_experience":1660226,"relics_obtained":[{"floor":7.0,"key":"Toxic Egg 2"},{"floor":9.0,"key":"Mummified Hand"},{"floor":10.0,"key":"Ice Cream"},{"floor":14.0,"key":"War Paint"},{"floor":20.0,"key":"Red Mask"},{"floor":25.0,"key":"Prayer Wheel"},{"floor":26.0,"key":"Vajra"},{"floor":29.0,"key":"FossilizedHelix"},{"floor":42,"key":"Smiling Mask"},{"floor":43,"key":"Oddly Smooth Stone"},{"floor":44,"key":"Question Card"},{"floor":47,"key":"Incense Burner"}],"event_choices":[{"damage_healed":0.0,"max_hp_gain":0.0,"max_hp_loss":0.0,"gold_gain":0.0,"event_name":"Masked Bandits","player_choice":"Fought Bandits","floor":20.0,"gold_loss":0.0,"damage_taken":0.0},{"damage_healed":0.0,"max_hp_gain":0.0,"max_hp_loss":0.0,"gold_gain":0.0,"event_name":"Colosseum","player_choice":"Fight","floor":28.0,"gold_loss":0.0,"damage_taken":0.0},{"damage_healed":0.0,"max_hp_gain":0.0,"max_hp_loss":0.0,"gold_gain":0.0,"event_name":"Colosseum","player_choice":"Fled From Nobs","floor":28.0,"gold_loss":0.0,"damage_taken":0.0},{"damage_healed":0.0,"max_hp_gain":0.0,"max_hp_loss":0.0,"gold_gain":0.0,"event_name":"Wheel of Change","player_choice":"Cursed","floor":36.0,"gold_loss":0.0,"damage_taken":0.0,"cards_obtained":["Decay"]},{"damage_healed":0,"gold_gain":0,"player_choice":"Fight","damage_taken":0,"max_hp_gain":0,"max_hp_loss":0,"event_name":"Mysterious Sphere","floor":47,"gold_loss":0}],"is_beta":false,"boss_relics":[{"not_picked":["Fusion Hammer","Snecko Eye"],"picked":"Lizard Tail"},{"not_picked":["Tiny House","Philosopher\u0027s Stone"],"picked":"Empty Cage"}],"items_purged_floors":[19,21,41],"is_endless":false,"potions_floor_spawned":[1,3,5,11,16,22,27,33,37,42,46,47],"ascension_level":17}