{"gold_per_floor":[113,113,125,345,135,157,157,182,182,182,196,210,232,243,243,243],"floor_reached":16,"playtime":439,"items_purged":["Regret"],"score":270,"play_id":"794878a2-33cc-4779-bf92-58c1ad1c7fcd","local_time":"20190811184149","is_ascension_mode":true,"campfire_choices":[{"floor":7.0,"key":"REST"},{"data":"True Grit","floor":10,"key":"SMITH"},{"data":"Bash","floor":15,"key":"SMITH"}],"neow_cost":"NONE","seed_source_timestamp":105607079916641,"circlet_count":0,"master_deck":["Strike_R","Strike_R","Strike_R","Strike_R","Strike_R","Defend_R","Defend_R","Defend_R","Defend_R","Bash+1","AscMod:ascendersbane","True Grit+1","Spot Weakness","Shrug It Off","Clothesline","Impervious","Injury","Battle Trance","Feel No Pain+1","Infernal Blade"],"special_seed":0,"relics":["Cursed Key","Turnip","Lantern","Dream Catcher","Frozen Egg 2","Mummified Hand"],"potions_floor_usage":[8,13,13],"damage_taken":[{"damage":4.0,"enemies":"Small Slimes","floor":1.0,"turns":3.0},{"damage":0.0,"enemies":"2 Louse","floor":3.0,"turns":3.0},{"damage":29.0,"enemies":"Lagavulin","floor":6.0,"turns":8.0},{"damage":6,"enemies":"Gremlin Nob","floor":8,"turns":3},{"damage":0,"enemies":"Cultist","floor":11,"turns":4},{"damage":13,"enemies":"Gremlin Gang","floor":12,"turns":6},{"damage":3,"enemies":"3 Sentries","floor":13,"turns":8},{"damage":0,"enemies":"Exordium Wildlife","floor":14,"turns":5},{"damage":6,"enemies":"The Guardian","floor":16,"turns":4}],"seed_played":"-1583577748560643736","potions_obtained":[{"floor":1.0,"key":"SteroidPotion"},{"floor":3.0,"key":"EssenceOfSteel"},{"floor":12,"key":"Fire Potion"}],"is_trial":false,"path_per_floor":["M","?","M","?","$","E","R","E","T","R","M","M","E","M","R","B"],"character_chosen":"IRONCLAD","items_purchased":["Shrug It Off","Clothesline"],"campfire_rested":1,"item_purchase_floors":[5,5],"current_hp_per_floor":[64,38,38,38,38,9,27,21,21,21,21,8,5,5,5,0],"gold":243,"neow_bonus":"BOSS_RELIC","is_prod":false,"is_daily":false,"chose_seed":false,"campfire_upgraded":2,"win_rate":0,"timestamp":1565523709,"path_taken":["M","?","M","?","$","E","R","E","T","R","?","M","E","?","R","BOSS"],"build_version":"2019-07-18","purchased_purges":1,"victory":false,"max_hp_per_floor":[75,75,75,75,75,75,75,75,75,75,75,75,75,75,75,75],"card_choices":[{"not_picked":["Hemokinesis","Second Wind"],"picked":"True Grit","floor":1.0},{"not_picked":["Pommel Strike","Heavy Blade"],"picked":"Spot Weakness","floor":3.0},{"not_picked":["Sentinel","Body Slam","Warcry"],"picked":"SKIP","floor":6.0},{"not_picked":["Anger","Spot Weakness"],"picked":"Impervious","floor":8},{"not_picked":["Pummel","Warcry","Iron Wave"],"picked":"SKIP","floor":11},{"not_picked":["Clash","Cleave"],"picked":"Battle Trance","floor":12},{"not_picked":["Barricade+1","Clothesline"],"picked":"Feel No Pain+1","floor":13},{"not_picked":["Havoc","Sentinel","Infernal Blade"],"picked":"SKIP","floor":14},{"not_picked":["Havoc","Sentinel"],"picked":"Infernal Blade","floor":14}],"player_experience":1063037,"relics_obtained":[{"floor":6.0,"key":"Lantern"},{"floor":8,"key":"Dream Catcher"},{"floor":9,"key":"Frozen Egg 2"},{"floor":13,"key":"Mummified Hand"}],"event_choices":[{"damage_healed":0.0,"max_hp_gain":0.0,"max_hp_loss":0.0,"gold_gain":0.0,"event_name":"Scrap Ooze","player_choice":"Success","floor":2.0,"gold_loss":0.0,"damage_taken":26.0,"relics_obtained":["Turnip"]},{"damage_healed":0.0,"max_hp_gain":0.0,"max_hp_loss":0.0,"gold_gain":275.0,"event_name":"Golden Shrine","player_choice":"Desecrate","floor":4.0,"gold_loss":0.0,"damage_taken":0.0,"cards_obtained":["Regret"]}],"is_beta":true,"boss_relics":[],"items_purged_floors":[5],"is_endless":false,"potions_floor_spawned":[1,3,12],"killed_by":"The Guardian","ascension_level":25}