{"gold_per_floor":[119,119,137,137,156,156,172,190,190,190,190,190,221,221,221,347,347,372,447,467,200,200,200,11,11,11,11,11,31,51,91,91,91],"floor_reached":33,"playtime":1290,"items_purged":["Injury"],"score":302,"play_id":"cb17ea67-94c5-4891-82c0-83c0e67233eb","local_time":"20190925031329","is_ascension_mode":true,"campfire_choices":[{"data":"Carnage","floor":6,"key":"SMITH"},{"floor":11,"key":"REST"},{"data":"Anger","floor":15,"key":"SMITH"},{"floor":23,"key":"REST"},{"floor":25,"key":"REST"},{"floor":32,"key":"REST"}],"neow_cost":"CURSE","seed_source_timestamp":1080649809914900,"circlet_count":0,"master_deck":["Strike_R","Strike_R","Strike_R","Defend_R","Defend_R","Defend_R","Defend_R","Clumsy","Carnage+1","Flex","Inflame","Hemokinesis","Anger+1","Cleave","Impervious","Reaper","Spot Weakness","Flame Barrier","Feed+1","Pummel","Combust","Heavy Blade","Blood for Blood"],"relics":["Burning Blood","Ice Cream","Ornamental Fan","Bottled Lightning","Golden Idol","WingedGreaves","Mark of Pain","Happy Flower","Blood Vial","Matryoshka","Shuriken"],"potions_floor_usage":[13,16,18,29,31],"damage_taken":[{"damage":0,"enemies":"2 Louse","floor":1,"turns":2},{"damage":10,"enemies":"Small Slimes","floor":3,"turns":4},{"damage":1,"enemies":"Cultist","floor":5,"turns":3},{"damage":32,"enemies":"Exordium Thugs","floor":7,"turns":4},{"damage":6,"enemies":"Blue Slaver","floor":8,"turns":2},{"damage":18,"enemies":"3 Sentries","floor":13,"turns":4},{"damage":55,"enemies":"Hexaghost","floor":16,"turns":10},{"damage":20,"enemies":"3 Byrds","floor":18,"turns":4},{"damage":49,"enemies":"Spheric Guardian","floor":20,"turns":6},{"damage":20,"enemies":"Snake Plant","floor":29,"turns":5},{"damage":32,"enemies":"Centurion and Healer","floor":30,"turns":6},{"damage":65,"enemies":"Gremlin Leader","floor":31,"turns":7},{"damage":46,"enemies":"Automaton","floor":33,"turns":6}],"seed_played":"1909198616387930409","potions_obtained":[{"floor":3,"key":"Strength Potion"},{"floor":8,"key":"Block Potion"},{"floor":16,"key":"LiquidBronze"},{"floor":20,"key":"LiquidBronze"},{"floor":31,"key":"Fruit Juice"}],"is_trial":false,"path_per_floor":["M","?","M","?","M","R","M","M","T","T","R","?","E","?","R","B",null,"M","?","M","$","T","R","$","R","T","$","?","M","M","E","R","B"],"character_chosen":"IRONCLAD","items_purchased":["Flame Barrier","Feed","Pummel","Blood Vial"],"campfire_rested":4,"item_purchase_floors":[21,21,24,24],"current_hp_per_floor":[80,73,69,69,74,74,48,48,48,48,72,72,60,60,60,11,80,71,63,21,21,21,45,45,69,69,69,69,60,52,18,44,0],"gold":91,"neow_bonus":"ONE_RARE_RELIC","is_prod":false,"is_daily":false,"chose_seed":false,"campfire_upgraded":2,"win_rate":0,"timestamp":1569395609,"path_taken":["M","?","M","?","?","R","M","M","T","?","R","?","E","?","R","BOSS","M","?","M","$","?","R","$","R","T","?","?","?","M","E","R","BOSS"],"build_version":"2019-07-17","purchased_purges":1,"victory":false,"max_hp_per_floor":[80,80,80,80,80,80,80,80,80,80,80,80,80,80,80,80,80,80,80,80,80,80,80,80,80,80,80,80,80,84,89,89,89],"card_choices":[{"not_picked":["Anger","Flex"],"picked":"Carnage","floor":1},{"not_picked":["Power Through","Iron Wave"],"picked":"Flex","floor":3},{"not_picked":["Carnage","Heavy Blade"],"picked":"Inflame","floor":5},{"not_picked":["Dropkick","Armaments"],"picked":"Hemokinesis","floor":7},{"not_picked":["Wild Strike","Flame Barrier"],"picked":"Anger","floor":8},{"not_picked":["Anger","Body Slam"],"picked":"Cleave","floor":13},{"not_picked":["Fiend Fire","Brutality"],"picked":"Reaper","floor":16},{"not_picked":["Pommel Strike","Clothesline"],"picked":"Spot Weakness","floor":18},{"not_picked":["Shrug It Off","Perfected Strike","Warcry"],"picked":"SKIP","floor":20},{"not_picked":["Ghostly Armor","True Grit"],"picked":"Combust","floor":29},{"not_picked":["Warcry+1","Fiend Fire"],"picked":"Heavy Blade","floor":30},{"not_picked":["Thunderclap+1","Juggernaut"],"picked":"Blood for Blood","floor":31}],"player_experience":81622,"relics_obtained":[{"floor":9,"key":"Ornamental Fan"},{"floor":10,"key":"Bottled Lightning"},{"floor":13,"key":"WingedGreaves"},{"floor":22,"key":"Happy Flower"},{"floor":26,"key":"Matryoshka"},{"floor":31,"key":"Shuriken"}],"event_choices":[{"cards_removed":["Strike_R"],"damage_healed":0,"gold_gain":0,"player_choice":"Card Removal","damage_taken":7,"max_hp_gain":0,"max_hp_loss":0,"event_name":"Golden Wing","floor":2,"gold_loss":0},{"cards_removed":["Bash"],"damage_healed":0,"gold_gain":0,"player_choice":"Offered Basic","damage_taken":0,"max_hp_gain":0,"max_hp_loss":0,"event_name":"Bonfire Elementals","floor":4,"gold_loss":0},{"damage_healed":0,"gold_gain":0,"player_choice":"Take Wound","damage_taken":0,"relics_obtained":["Golden Idol"],"max_hp_gain":0,"max_hp_loss":0,"event_name":"Golden Idol","floor":12,"gold_loss":0,"cards_obtained":["Injury"]},{"damage_healed":0,"gold_gain":0,"cards_transformed":["Strike_R"],"player_choice":"Change","damage_taken":0,"max_hp_gain":0,"max_hp_loss":0,"event_name":"Living Wall","floor":14,"gold_loss":0,"cards_obtained":["Impervious"]},{"damage_healed":0,"gold_gain":75,"player_choice":"Touch","damage_taken":8,"max_hp_gain":0,"max_hp_loss":0,"event_name":"FaceTrader","floor":19,"gold_loss":0},{"damage_healed":0,"gold_gain":0,"player_choice":"Forge","damage_taken":0,"max_hp_gain":0,"max_hp_loss":0,"event_name":"Accursed Blacksmith","floor":28,"gold_loss":0,"cards_upgraded":["Feed"]}],"is_beta":false,"boss_relics":[{"not_picked":["Cursed Key","Empty Cage"],"picked":"Mark of Pain"}],"items_purged_floors":[21],"is_endless":false,"potions_floor_spawned":[3,8,16,20,31],"killed_by":"Automaton","ascension_level":3}