{"gold_per_floor":[115,115,129,129,150,150,174,199,274,274,295,316,341,266,266,266],"floor_reached":16,"playtime":1172,"items_purged":["A Thousand Cuts"],"score":121,"play_id":"2c0f0652-1269-4d6b-b37a-5cbb0d901570","local_time":"20190908224930","daily_mods":["SealedDeck","Shiny","Heirloom","Flight"],"is_ascension_mode":false,"campfire_choices":[{"floor":6,"key":"REST"},{"data":"Tools of the Trade","floor":10,"key":"SMITH"},{"data":"Adrenaline","floor":15,"key":"SMITH"}],"neow_cost":"","seed_source_timestamp":0,"circlet_count":0,"master_deck":["Venomology","Corpse Explosion","Malaise","Phantasmal Killer","Die Die Die","Adrenaline+1","Envenom","Doppelganger","Burst","Wraith Form v2","Tools of the Trade+1","Night Terror","Unload","After Image","Bullet Time","Storm of Steel","Glass Knife","Grand Finale","Footwork","Quick Slash","Outmaneuver","Outmaneuver","Leg Sweep","Leg Sweep","Prepared","Leg Sweep","Leg Sweep","Backflip","Footwork"],"relics":["Ring of the Snake","Dead Branch","Golden Idol","Turnip","Paper Crane"],"potions_floor_usage":[5,5,5,5,7,7,7,7,7,8,8,8,8,8,11,11,11,11,12,13,13,13,16,16,16,16,16],"damage_taken":[{"damage":0,"enemies":"Small Slimes","floor":1,"turns":3},{"damage":0,"enemies":"2 Louse","floor":3,"turns":7},{"damage":28,"enemies":"Cultist","floor":5,"turns":10},{"damage":3,"enemies":"Large Slime","floor":7,"turns":7},{"damage":13,"enemies":"Exordium Wildlife","floor":8,"turns":5},{"damage":3,"enemies":"Blue Slaver","floor":11,"turns":6},{"damage":20,"enemies":"3 Louse","floor":12,"turns":15},{"damage":9,"enemies":"2 Fungi Beasts","floor":13,"turns":3},{"damage":0,"enemies":"Slime Boss","floor":16,"turns":3}],"seed_played":"1081142311785898174","potions_obtained":[{"floor":3,"key":"Strength Potion"},{"floor":5,"key":"SteroidPotion"},{"floor":11,"key":"Dexterity Potion"},{"floor":12,"key":"FearPotion"}],"is_trial":true,"path_per_floor":["M","?","M","?","M","R","M","M","T","R","M","M","M","$","R","B"],"character_chosen":"THE_SILENT","items_purchased":[],"campfire_rested":1,"item_purchase_floors":[],"current_hp_per_floor":[70,65,65,58,30,49,46,33,33,33,30,10,1,1,1,1],"gold":266,"neow_bonus":"","is_prod":false,"is_daily":false,"chose_seed":false,"campfire_upgraded":2,"win_rate":0,"timestamp":1567957770,"path_taken":["M","?","M","?","M","R","M","M","T","R","M","M","M","$","R","BOSS"],"build_version":"2019-08-26","purchased_purges":1,"victory":false,"max_hp_per_floor":[70,65,65,65,65,65,65,65,65,65,65,65,65,65,65,65],"card_choices":[{"not_picked":["Blade Dance","Underhanded Strike","Cloak And Dagger"],"picked":"SKIP","floor":1},{"not_picked":["Poisoned Stab","Underhanded Strike","Deflect"],"picked":"SKIP","floor":3},{"not_picked":["Die Die Die","Dodge and Roll"],"picked":"Footwork","floor":5},{"not_picked":["Quick Slash","Blade Dance","Poisoned Stab"],"picked":"SKIP","floor":7},{"not_picked":["Slice","Outmaneuver","Skewer"],"picked":"SKIP","floor":8},{"not_picked":["Bullet Time","Prepared","Finisher"],"picked":"SKIP","floor":11},{"not_picked":["PiercingWail","Deadly Poison","Dagger Spray"],"picked":"SKIP","floor":12},{"not_picked":["Sucker Punch","Prepared","Outmaneuver"],"picked":"SKIP","floor":13}],"player_experience":1078507,"relics_obtained":[{"floor":9,"key":"Paper Crane"}],"event_choices":[{"damage_healed":0,"gold_gain":0,"player_choice":"Lose Max HP","damage_taken":0,"relics_obtained":["Golden Idol"],"max_hp_gain":0,"max_hp_loss":5,"event_name":"Golden Idol","floor":2,"gold_loss":0},{"damage_healed":0,"gold_gain":0,"player_choice":"Success","damage_taken":7,"relics_obtained":["Turnip"],"max_hp_gain":0,"max_hp_loss":0,"event_name":"Scrap Ooze","floor":4,"gold_loss":0}],"is_beta":true,"boss_relics":[],"items_purged_floors":[14],"is_endless":false,"potions_floor_spawned":[3,5,11,12],"killed_by":"Slime Boss","ascension_level":0}