{"gold_per_floor":[113,131,56,75,75,107,132,132,157,174,187,187,214,214,214,310,310,305,395,188,213,231,267,267,267],"floor_reached":25,"playtime":3927,"items_purged":["Strike_R","Injury"],"score":401,"play_id":"327d1f8b-d1cc-44b0-b1d2-b78ea5079d97","local_time":"20190620232317","is_ascension_mode":true,"campfire_choices":[{"floor":8.0,"key":"REST"},{"data":"Bloodletting","floor":15.0,"key":"SMITH"}],"neow_cost":"TEN_PERCENT_HP_LOSS","seed_source_timestamp":0,"circlet_count":0,"master_deck":["AscendersBane","Strike_R","Strike_R","Defend_R","Defend_R","Defend_R","Defend_R","Bash","Twin Strike","Intimidate","Second Wind","Pommel Strike","Impervious","Pommel Strike","Body Slam","Spot Weakness","Bloodletting+1","Reaper","Infernal Blade","Inflame","Carnage","True Grit+1"],"special_seed":0,"relics":["Burning Blood","Red Skull","Odd Mushroom","Anchor","Boot","Shuriken","Golden Idol","Runic Dome","Happy Flower","Kunai","Enchiridion"],"potions_floor_usage":[23],"damage_taken":[{"damage":6.0,"enemies":"Jaw Worm","floor":1.0,"turns":4.0},{"damage":2.0,"enemies":"2 Louse","floor":2.0,"turns":2.0},{"damage":4.0,"enemies":"Small Slimes","floor":4.0,"turns":3.0},{"damage":50.0,"enemies":"Lagavulin","floor":6.0,"turns":8.0},{"damage":16.0,"enemies":"The Mushroom Lair","floor":7.0,"turns":4.0},{"damage":10.0,"enemies":"Exordium Thugs","floor":10.0,"turns":4.0},{"damage":0.0,"enemies":"Looter","floor":11.0,"turns":2.0},{"damage":7.0,"enemies":"Gremlin Nob","floor":13.0,"turns":3.0},{"damage":46,"enemies":"The Guardian","floor":16,"turns":10},{"damage":20,"enemies":"2 Thieves","floor":18,"turns":4},{"damage":20,"enemies":"Spheric Guardian","floor":22,"turns":4},{"damage":18,"enemies":"Slavers","floor":23,"turns":5},{"damage":8,"enemies":"Centurion and Healer","floor":25,"turns":1}],"seed_played":"-8199035843341544305","potions_obtained":[{"floor":1.0,"key":"FairyPotion"},{"floor":4.0,"key":"AttackPotion"},{"floor":11.0,"key":"Weak Potion"},{"floor":16,"key":"LiquidBronze"}],"is_trial":false,"path_per_floor":["M","M","$","M","?","E","?","R","T","M","M","T","E","?","R","B",null,"M","?","$","T","M","E","?","M"],"character_chosen":"IRONCLAD","items_purchased":["Inflame","Carnage"],"campfire_rested":1,"item_purchase_floors":[20,20],"current_hp_per_floor":[68,68,68,68,73,29,19,40,40,36,42,42,41,41,41,9,57,53,39,39,39,25,23,2,0],"gold":267,"neow_bonus":"TRANSFORM_TWO_CARDS","is_prod":false,"is_daily":false,"chose_seed":false,"campfire_upgraded":1,"win_rate":0,"timestamp":1561090997,"path_taken":["M","M","$","M","?","E","?","R","T","M","M","?","E","?","R","BOSS","M","?","$","?","M","E","?","M"],"build_version":"2019-01-23","purchased_purges":2,"victory":false,"max_hp_per_floor":[68,68,68,68,73,73,73,73,73,73,73,73,73,73,73,73,73,73,73,73,73,73,73,73,73],"card_choices":[{"not_picked":["Combust","Headbutt"],"picked":"Second Wind","floor":1.0},{"not_picked":["Perfected Strike","Thunderclap"],"picked":"Pommel Strike","floor":2.0},{"not_picked":["True Grit","Heavy Blade"],"picked":"Impervious","floor":4.0},{"not_picked":["Flex","Warcry"],"picked":"Pommel Strike","floor":6.0},{"not_picked":["True Grit","Headbutt"],"picked":"Body Slam","floor":7.0},{"not_picked":["Clash","Dual Wield"],"picked":"Spot Weakness","floor":10.0},{"not_picked":["Twin Strike","Clash","Anger"],"picked":"SKIP","floor":11.0},{"not_picked":["Cleave","Iron Wave"],"picked":"Bloodletting","floor":13.0},{"not_picked":["Juggernaut","Demon Form"],"picked":"Reaper","floor":16},{"not_picked":["Twin Strike","Wild Strike"],"picked":"Infernal Blade","floor":18},{"not_picked":["Iron Wave","Clothesline","Hemokinesis"],"picked":"SKIP","floor":22},{"not_picked":["Juggernaut","Perfected Strike+1"],"picked":"True Grit+1","floor":23}],"player_experience":1343257,"relics_obtained":[{"floor":6.0,"key":"Red Skull"},{"floor":7.0,"key":"Odd Mushroom"},{"floor":9.0,"key":"Anchor"},{"floor":12.0,"key":"Boot"},{"floor":13.0,"key":"Shuriken"},{"floor":21,"key":"Happy Flower"},{"floor":23,"key":"Kunai"},{"floor":24,"key":"Enchiridion"}],"event_choices":[{"damage_healed":0.0,"max_hp_gain":5.0,"max_hp_loss":0.0,"gold_gain":0.0,"event_name":"Big Fish","player_choice":"Donut","floor":5.0,"gold_loss":0.0,"damage_taken":0.0},{"damage_healed":0.0,"max_hp_gain":0.0,"max_hp_loss":0.0,"gold_gain":0.0,"event_name":"Mushrooms","player_choice":"Fought Mushrooms","floor":7.0,"gold_loss":0.0,"damage_taken":0.0},{"damage_healed":0.0,"max_hp_gain":0.0,"max_hp_loss":0.0,"gold_gain":0.0,"event_name":"Golden Idol","player_choice":"Take Wound","floor":14.0,"gold_loss":0.0,"damage_taken":0.0,"relics_obtained":["Golden Idol"],"cards_obtained":["Injury"]},{"damage_healed":0,"gold_gain":90,"player_choice":"GOLD ","damage_taken":14,"max_hp_gain":0,"max_hp_loss":0,"event_name":"Knowing Skull","floor":19,"potions_obtained":[],"gold_loss":0,"cards_obtained":[]},{"damage_healed":0,"gold_gain":0,"player_choice":"Obtained Book","damage_taken":21,"max_hp_gain":0,"max_hp_loss":0,"event_name":"Cursed Tome","floor":24,"gold_loss":0}],"is_beta":false,"boss_relics":[{"not_picked":["Fusion Hammer","Astrolabe"],"picked":"Runic Dome"}],"items_purged_floors":[3,20],"is_endless":false,"potions_floor_spawned":[1,4,11,16],"killed_by":"Centurion and Healer","ascension_level":15}