{"gold_per_floor":[117,117,117,192,192,235,251,251,251,251,23,1,1,42,42,163,163,184,198,54,67,67,67,96,96,119,133,133,147,147,161,161,258,258,274,2,2,0,0,0,29,29,29,129,129,129,142,44,44,44],"floor_reached":51,"playtime":3386,"items_purged":["Strike_B"],"score":760,"play_id":"4606e21e-b935-4770-b52b-f3ecdec42369","local_time":"20190927200017","is_ascension_mode":true,"campfire_choices":[{"data":"Genetic Algorithm","floor":8.0,"key":"SMITH"},{"data":"Redo","floor":10.0,"key":"SMITH"},{"floor":13.0,"key":"REST"},{"data":"Zap","floor":15.0,"key":"SMITH"},{"floor":23.0,"key":"REST"},{"data":"Creative AI","floor":25.0,"key":"SMITH"},{"data":"Bandage Up","floor":28.0,"key":"SMITH"},{"floor":32.0,"key":"REST"},{"data":"Madness","floor":40.0,"key":"SMITH"},{"data":"Loop","floor":42.0,"key":"SMITH"},{"data":"Double Energy","floor":45,"key":"SMITH"},{"data":"Defragment","floor":49,"key":"SMITH"}],"neow_cost":"NONE","seed_source_timestamp":0,"circlet_count":0,"master_deck":["Strike_B","Strike_B","Defend_B","Defend_B","Defend_B","Zap+1","Dualcast","Redo+1","Coolheaded","Genetic Algorithm+1","Hologram","Bandage Up+1","Ball Lightning","Electrodynamics","Creative AI+1","Storm+1","Force Field","Double Energy+1","Ball Lightning","Steam","Necronomicurse","Meteor Strike","Leap+1","Barrage","Madness+1","Madness+1","Loop+1","Steam+1","Reboot","Defragment+1","Conserve Battery"],"special_seed":0,"relics":["Cracked Core","Bloody Idol","Pocketwatch","HornCleat","Sling","Vajra","Inserter","Strange Spoon","Juzu Bracelet","Necronomicon","Nuclear Battery","Bronze Scales","Red Mask","Bottled Lightning","Mummified Hand","Emotion Chip"],"potions_floor_usage":[44,50,50],"damage_taken":[{"damage":2.0,"enemies":"Jaw Worm","floor":1.0,"turns":3.0},{"damage":25.0,"enemies":"3 Sentries","floor":6.0,"turns":9.0},{"damage":9.0,"enemies":"2 Louse","floor":7.0,"turns":2.0},{"damage":7.0,"enemies":"Lagavulin","floor":14.0,"turns":5.0},{"damage":33.0,"enemies":"Hexaghost","floor":16.0,"turns":10.0},{"damage":43.0,"enemies":"3 Byrds","floor":18.0,"turns":5.0},{"damage":3.0,"enemies":"2 Thieves","floor":19.0,"turns":3.0},{"damage":19.0,"enemies":"Sentry and Sphere","floor":21.0,"turns":4.0},{"damage":10.0,"enemies":"Gremlin Leader","floor":24.0,"turns":5.0},{"damage":14.0,"enemies":"Snecko","floor":27.0,"turns":5.0},{"damage":18.0,"enemies":"Shelled Parasite and Fungi","floor":29.0,"turns":5.0},{"damage":8.0,"enemies":"Cultist and Chosen","floor":31.0,"turns":5.0},{"damage":34.0,"enemies":"Champ","floor":33.0,"turns":9.0},{"damage":13.0,"enemies":"3 Shapes","floor":35.0,"turns":3.0},{"damage":11.0,"enemies":"Nemesis","floor":41.0,"turns":7.0},{"damage":6,"enemies":"Mind Bloom Boss Battle","floor":44,"turns":6},{"damage":11,"enemies":"3 Darklings","floor":47,"turns":3},{"damage":29,"enemies":"Donu and Deca","floor":50,"turns":6}],"seed_played":"1592149318158347460","potions_obtained":[{"floor":1.0,"key":"PotionOfCapacity"},{"floor":21.0,"key":"LiquidBronze"},{"floor":24.0,"key":"Fruit Juice"},{"floor":31.0,"key":"SkillPotion"},{"floor":35.0,"key":"PotionOfCapacity"},{"floor":41.0,"key":"Energy Potion"},{"floor":44,"key":"Ancient Potion"}],"is_trial":false,"path_per_floor":["M","?","?","?","?","E","M","R","T","R","$","$","R","E","R","B",null,"M","M","$","M","?","R","E","R","T","M","R","M","?","M","R","B",null,"M","$","?","?","?","R","E","R","T","?","R","?","M","$","R","B",null],"character_chosen":"DEFECT","items_purchased":["Bandage Up","Sling","Ball Lightning","Strange Spoon","Bronze Scales","Barrage","Defragment","Conserve Battery"],"campfire_rested":3,"item_purchase_floors":[11,11,12,20,36,36,48,48],"current_hp_per_floor":[73,73,69,58,58,33,24,24,24,24,24,24,44,41,41,12,69,26,27,27,12,12,32,36,36,41,36,36,29,13,16,38,27,74,72,72,63,63,63,63,63,63,63,68,68,68,68,68,68,45],"gold":44,"neow_bonus":"TRANSFORM_CARD","is_prod":false,"is_daily":false,"chose_seed":false,"campfire_upgraded":9,"win_rate":0,"timestamp":1569632417,"path_taken":["M","?","?","?","?","E","?","R","T","R","?","$","R","E","R","BOSS","M","M","?","M","?","R","E","R","T","M","R","M","?","M","R","BOSS","M","$","?","?","?","R","E","R","T","?","R","?","M","?","R","BOSS"],"build_version":"2019-09-27","purchased_purges":1,"victory":true,"max_hp_per_floor":[75,75,69,69,69,69,69,69,69,69,69,69,69,69,69,69,69,69,69,69,69,69,69,74,74,74,74,74,74,74,74,74,74,74,74,74,74,74,74,74,74,74,74,74,74,74,74,74,74,74],"card_choices":[{"not_picked":["Skim","Cold Snap"],"picked":"Coolheaded","floor":1.0},{"not_picked":["Turbo","Hologram"],"picked":"Genetic Algorithm","floor":6.0},{"not_picked":["Darkness","Go for the Eyes"],"picked":"Hologram","floor":7.0},{"not_picked":["Leap","Doom and Gloom"],"picked":"Electrodynamics","floor":14.0},{"not_picked":["Fission","Machine Learning"],"picked":"Creative AI","floor":16.0},{"not_picked":["Stack","Static Discharge","Streamline"],"picked":"SKIP","floor":18.0},{"not_picked":["Static Discharge+1","Beam Cell"],"picked":"Storm+1","floor":19.0},{"not_picked":["Blizzard+1","Cold Snap"],"picked":"Force Field","floor":21.0},{"not_picked":["Coolheaded","Stack"],"picked":"Double Energy","floor":24.0},{"not_picked":["Coolheaded","Turbo"],"picked":"Ball Lightning","floor":27.0},{"not_picked":["Coolheaded","Genetic Algorithm"],"picked":"Steam","floor":29.0},{"not_picked":["Capacitor","Reprogram","Sweeping Beam+1"],"picked":"SKIP","floor":31.0},{"not_picked":["Buffer","Seek"],"picked":"Meteor Strike","floor":33.0},{"not_picked":["Force Field","Compile Driver"],"picked":"Leap+1","floor":35.0},{"not_picked":["Compile Driver+1","Go for the Eyes+1"],"picked":"Loop","floor":41.0},{"not_picked":["Go for the Eyes+1","Sweeping Beam+1"],"picked":"Steam+1","floor":44},{"not_picked":["Heatsinks+1","Rebound+1"],"picked":"Reboot","floor":47}],"player_experience":235453,"relics_obtained":[{"floor":6.0,"key":"Pocketwatch"},{"floor":9.0,"key":"HornCleat"},{"floor":14.0,"key":"Vajra"},{"floor":24.0,"key":"Juzu Bracelet"},{"floor":30.0,"key":"Necronomicon"},{"floor":41.0,"key":"Bottled Lightning"},{"floor":43.0,"key":"Mummified Hand"},{"floor":44,"key":"Emotion Chip"}],"event_choices":[{"damage_healed":0.0,"max_hp_gain":0.0,"max_hp_loss":0.0,"gold_gain":0.0,"event_name":"Liars Game","player_choice":"Ignored","floor":2.0,"gold_loss":0.0,"damage_taken":0.0},{"damage_healed":0.0,"max_hp_gain":0.0,"max_hp_loss":6.0,"gold_gain":0.0,"event_name":"Golden Idol","player_choice":"Lose Max HP","floor":3.0,"gold_loss":0.0,"damage_taken":0.0,"relics_obtained":["Golden Idol"]},{"damage_healed":0.0,"max_hp_gain":0.0,"max_hp_loss":0.0,"gold_gain":75.0,"event_name":"World of Goop","player_choice":"Gather Gold","floor":4.0,"gold_loss":0.0,"damage_taken":11.0},{"cards_removed":["Strike_B"],"damage_healed":0.0,"max_hp_gain":0.0,"max_hp_loss":0.0,"gold_gain":0.0,"event_name":"Living Wall","player_choice":"Forget","floor":5.0,"gold_loss":0.0,"damage_taken":0.0},{"damage_healed":0.0,"max_hp_gain":0.0,"max_hp_loss":0.0,"gold_gain":0.0,"event_name":"Forgotten Altar","player_choice":"Gave Idol","floor":22.0,"relics_lost":["Golden Idol"],"gold_loss":0.0,"damage_taken":0.0,"relics_obtained":["Bloody Idol"]},{"damage_healed":0.0,"max_hp_gain":0.0,"max_hp_loss":0.0,"gold_gain":0.0,"event_name":"Cursed Tome","player_choice":"Obtained Book","floor":30.0,"gold_loss":0.0,"damage_taken":16.0},{"damage_healed":0.0,"max_hp_gain":0.0,"max_hp_loss":0.0,"gold_gain":0.0,"event_name":"Winding Halls","player_choice":"Embrace Madness","floor":37.0,"gold_loss":0.0,"damage_taken":9.0,"cards_obtained":["Madness","Madness"]},{"damage_healed":0.0,"max_hp_gain":0.0,"max_hp_loss":0.0,"gold_gain":0.0,"event_name":"Tomb of Lord Red Mask","player_choice":"Paid","floor":38.0,"gold_loss":2.0,"damage_taken":0.0,"relics_obtained":["Red Mask"]},{"damage_healed":0.0,"max_hp_gain":0.0,"max_hp_loss":0.0,"gold_gain":0.0,"event_name":"Accursed Blacksmith","player_choice":"Forge","floor":39.0,"gold_loss":0.0,"damage_taken":0.0,"cards_upgraded":["Madness"]},{"damage_healed":0,"gold_gain":0,"player_choice":"Fight","damage_taken":0,"max_hp_gain":0,"max_hp_loss":0,"event_name":"MindBloom","floor":44,"gold_loss":0},{"damage_healed":0,"gold_gain":0,"player_choice":"Ignored","damage_taken":0,"max_hp_gain":0,"max_hp_loss":0,"event_name":"Mysterious Sphere","floor":46,"gold_loss":0}],"is_beta":true,"boss_relics":[{"not_picked":["SlaversCollar","Velvet Choker"],"picked":"Inserter"},{"not_picked":["Empty Cage","Cursed Key"],"picked":"Nuclear Battery"}],"items_purged_floors":[36],"is_endless":false,"potions_floor_spawned":[1,21,24,31,35,41,44],"ascension_level":2}