{"gold_per_floor":[114,129,204,454,469,469,484,484,484,514,529,559,574,589,589,689,689,704,224,474,489,504,534,457,457,532,532,547,577,592,607,607,707,707,722,722,722,722,737,767,147,162,162,162,192,207,207,27,27,27],"floor_reached":51,"playtime":2011,"items_purged":["Regret"],"score":959,"play_id":"c3a28a56-1a2e-4476-b4f1-1b2829a39aa4","local_time":"20180708091815","daily_mods":["Insanity","Time Dilation","Binary"],"is_ascension_mode":false,"campfire_choices":[{"data":"Storm","floor":6,"key":"SMITH"},{"data":"Seek","floor":8,"key":"SMITH"},{"data":"Steam Power","floor":15,"key":"SMITH"},{"data":"Buffer","floor":25,"key":"SMITH"},{"floor":27,"key":"REST"},{"floor":32,"key":"REST"},{"floor":44,"key":"REST"},{"floor":47,"key":"REST"},{"floor":49,"key":"REST"}],"neow_cost":"","seed_source_timestamp":0,"circlet_count":0,"master_deck":["Zap","Echo Form","Skim","Force Field","Hologram","Compile Driver","Force Field","Conserve Battery","All For One","Ball Lightning","Steam Power+1","FTL","Rainbow","Seek+1","Glacier","Defragment","White Noise","Auto Shields","Buffer+1","Darkness","Reprogram","BootSequence","Chaos","Rainbow","Rip and Tear","Turbo","Leap","Dualcast","Defragment","Beam Cell+1","Turbo","Echo Form","Self Repair","Lockon+1","Hyperbeam","Consume","Defragment","Amplify","Genetic Algorithm","Rebound","Echo Form","Defend_B","Force Field","Hologram","Fusion","Storm+1","White Noise","Fusion","Consume","Ball Lightning","Regret","Heatsinks","Steam Power+1","Electrodynamics","Thunder Strike","Tempest+1","Chaos+1","J.A.X.","Reboot","Amplify+1","Writhe","Defragment+1"],"special_seed":17720,"relics":["Cracked Core","The Courier","Symbiotic Virus","DataDisk","Runic Dome","Prayer Wheel","Tiny Chest","Oddly Smooth Stone","Frozen Egg 2","Orichalcum","Fusion Hammer","Gambling Chip","Singing Bowl","Lantern","Letter Opener","War Paint","Anchor","Whetstone","Ancient Tea Set"],"potions_floor_usage":[10,12,12,16,23,31,33,50,50,50],"damage_taken":[{"damage":0,"enemies":"2 Louse","floor":1,"turns":2},{"damage":0,"enemies":"Cultist","floor":2,"turns":2},{"damage":0,"enemies":"Small Slimes","floor":5,"turns":3},{"damage":10,"enemies":"Looter","floor":7,"turns":4},{"damage":0,"enemies":"Lagavulin","floor":10,"turns":5},{"damage":0,"enemies":"Gremlin Gang","floor":11,"turns":2},{"damage":4,"enemies":"Gremlin Nob","floor":12,"turns":5},{"damage":2,"enemies":"Blue Slaver","floor":13,"turns":2},{"damage":0,"enemies":"Looter","floor":14,"turns":2},{"damage":0,"enemies":"Slime Boss","floor":16,"turns":5},{"damage":10,"enemies":"2 Thieves","floor":18,"turns":2},{"damage":10,"enemies":"Chosen","floor":21,"turns":3},{"damage":31,"enemies":"Slaver and Parasite","floor":22,"turns":3},{"damage":18,"enemies":"Gremlin Leader","floor":23,"turns":5},{"damage":0,"enemies":"Sentry and Sphere","floor":28,"turns":3},{"damage":8,"enemies":"Slavers","floor":29,"turns":3},{"damage":11,"enemies":"Centurion and Healer","floor":30,"turns":3},{"damage":8,"enemies":"3 Cultists","floor":31,"turns":4},{"damage":36,"enemies":"Champ","floor":33,"turns":8},{"damage":15,"enemies":"3 Darklings","floor":35,"turns":4},{"damage":13,"enemies":"Flame Bruiser 1 Orb","floor":39,"turns":4},{"damage":9,"enemies":"2 Orb Walkers","floor":40,"turns":4},{"damage":0,"enemies":"Spire Growth","floor":42,"turns":3},{"damage":14,"enemies":"Nemesis","floor":45,"turns":3},{"damage":10,"enemies":"Maw","floor":46,"turns":5},{"damage":30,"enemies":"Awakened One","floor":50,"turns":6}],"seed_played":"5952392564398475268","potions_obtained":[{"floor":2,"key":"LiquidBronze"},{"floor":5,"key":"Weak Potion"},{"floor":7,"key":"FocusPotion"},{"floor":11,"key":"EssenceOfSteel"},{"floor":12,"key":"SkillPotion"},{"floor":18,"key":"FairyPotion"},{"floor":23,"key":"Weak Potion"},{"floor":28,"key":"Ancient Potion"},{"floor":29,"key":"Energy Potion"},{"floor":31,"key":"Energy Potion"},{"floor":33,"key":"FocusPotion"},{"floor":35,"key":"Ancient Potion"}],"is_trial":false,"path_per_floor":["M","M","?","?","M","R","M","R","T","E","M","E","M","M","R","B",null,"M","$","?","M","M","E","?","R","T","R","M","E","M","M","R","B",null,"M","?","?","?","M","E","$","M","T","R","E","M","R","$","R","B"],"character_chosen":"DEFECT","items_purchased":["Prayer Wheel","Tiny Chest","Oddly Smooth Stone","Singing Bowl","Lantern","Letter Opener","War Paint","Ancient Tea Set"],"campfire_rested":5,"item_purchase_floors":[19,19,19,41,41,41,41,48],"current_hp_per_floor":[75,75,64,64,71,71,68,68,68,68,68,64,62,62,62,62,75,72,72,72,62,38,27,27,27,27,49,49,48,37,36,58,29,75,60,75,75,75,62,60,60,64,64,79,67,75,85,85,85,69],"gold":27,"neow_bonus":"","is_prod":false,"is_daily":true,"chose_seed":false,"campfire_upgraded":4,"win_rate":0,"timestamp":1531018095,"path_taken":["M","M","?","?","?","R","M","R","T","E","M","E","M","M","R","BOSS","M","$","?","M","M","E","?","R","T","R","?","E","M","M","R","BOSS","M","?","?","?","M","E","$","?","T","R","E","M","R","?","R","BOSS"],"build_version":"2018-07-05","purchased_purges":1,"victory":true,"max_hp_per_floor":[75,75,75,75,75,75,75,75,75,75,75,75,75,75,75,75,75,75,75,75,75,75,75,75,75,75,75,75,75,75,75,75,75,75,75,75,75,75,75,75,75,79,79,79,81,85,85,85,85,85],"card_choices":[{"not_picked":["Gash","Streamline"],"picked":"SKIP","floor":1},{"not_picked":["Chaos"],"picked":"Ball Lightning","floor":2},{"not_picked":["Turbo","Auto Shields"],"picked":"SKIP","floor":5},{"not_picked":["Coolheaded","Rebound"],"picked":"SKIP","floor":7},{"not_picked":["Scrape"],"picked":"Heatsinks","floor":10},{"not_picked":["Coolheaded","Turbo"],"picked":"SKIP","floor":11},{"not_picked":["Undo"],"picked":"Steam Power","floor":12},{"not_picked":["Self Repair"],"picked":"Electrodynamics","floor":13},{"not_picked":["Barrage","Compile Driver"],"picked":"SKIP","floor":14},{"not_picked":["Amplify"],"picked":"Thunder Strike","floor":16},{"not_picked":["FTL"],"picked":"Tempest+1","floor":18},{"not_picked":["Static Discharge"],"picked":"Chaos+1","floor":21},{"not_picked":["Sweeping Beam","Compile Driver+1"],"picked":"SKIP","floor":21},{"not_picked":["Redo+1","Compile Driver"],"picked":"SKIP","floor":22},{"not_picked":["Redo+1","Static Discharge"],"picked":"SKIP","floor":22},{"not_picked":["Gash+1","Turbo"],"picked":"SKIP","floor":23},{"not_picked":["Leap+1","Go for the Eyes"],"picked":"SKIP","floor":28},{"not_picked":["Barrage","Gash"],"picked":"SKIP","floor":28},{"not_picked":["Stack","Rainbow"],"picked":"SKIP","floor":29},{"not_picked":["Glacier","Go for the Eyes"],"picked":"SKIP","floor":30},{"not_picked":["Go for the Eyes","Gash+1"],"picked":"SKIP","floor":30},{"not_picked":["Tempest"],"picked":"Reboot","floor":31},{"not_picked":["Turbo","Coolheaded"],"picked":"SKIP","floor":31},{"not_picked":["Rainbow"],"picked":"Amplify","floor":33},{"not_picked":["Redo","Genetic Algorithm+1"],"picked":"SKIP","floor":35},{"not_picked":["Doom and Gloom","Barrage+1"],"picked":"SKIP","floor":35},{"not_picked":["Turbo","Redo+1"],"picked":"SKIP","floor":39},{"not_picked":["Coolheaded+1","Steam"],"picked":"SKIP","floor":39},{"not_picked":["Leap","Rebound+1"],"picked":"SKIP","floor":40},{"not_picked":["Darkness+1","Steam Power"],"picked":"Singing Bowl","floor":42},{"not_picked":["Recycle+1","Chaos"],"picked":"Singing Bowl","floor":42},{"not_picked":["Undo+1","Rainbow"],"picked":"Singing Bowl","floor":45},{"not_picked":["Leap","Stack"],"picked":"Singing Bowl","floor":46},{"not_picked":["Conserve Battery+1","Go for the Eyes"],"picked":"Singing Bowl","floor":46}],"player_experience":158977,"relics_obtained":[{"floor":9,"key":"The Courier"},{"floor":10,"key":"Symbiotic Virus"},{"floor":12,"key":"DataDisk"},{"floor":26,"key":"Frozen Egg 2"},{"floor":29,"key":"Orichalcum"},{"floor":40,"key":"Gambling Chip"},{"floor":43,"key":"Anchor"},{"floor":45,"key":"Whetstone"}],"event_choices":[{"event_name":"World of Goop","player_choice":"Gather Gold","floor":3,"damage_taken":0},{"event_name":"Golden Shrine","player_choice":"Desecrate","floor":4,"damage_taken":0},{"event_name":"Golden Shrine","player_choice":"Desecrate","floor":20,"damage_taken":0},{"event_name":"Drug Dealer","player_choice":"Got JAXXED","floor":24,"damage_taken":0},{"event_name":"Winding Halls","player_choice":"Writhe","floor":36,"damage_taken":0},{"event_name":"Wheel of Change","player_choice":"Full Heal","floor":37,"damage_taken":0},{"event_name":"Transmorgrifier","player_choice":"Transform","floor":38,"damage_taken":0}],"boss_relics":[{"not_picked":["Tiny House","Inserter"],"picked":"Runic Dome"},{"not_picked":["White Beast Statue","Coffee Dripper"],"picked":"Fusion Hammer"}],"items_purged_floors":[48],"is_endless":false,"potions_floor_spawned":[2,5,7,11,12,18,23,28,29,31,33,35,42,46],"ascension_level":0}