{"gold_per_floor":[114,94,19,31,47,47,75,75,75,91,91,123,23,39,39,144,194,212,200,200,200,200,229,147,147,147,147,72,72,106,131,131,228,228,242,242,117,117,134,162,162,182,208,234,334,334,347,148,148,148,148,148,67,102,102],"floor_reached":55,"playtime":7663,"items_purged":["Strike_R","Strike_R","Writhe"],"score":1187,"play_id":"1df1da99-a850-40d0-870c-b9db35ea99b5","local_time":"20181225114058","is_ascension_mode":true,"campfire_choices":[{"data":"Searing Blow","floor":6.0,"key":"SMITH"},{"data":"Searing Blow+1","floor":8.0,"key":"SMITH"},{"floor":15.0,"key":"REST"},{"floor":27.0,"key":"REST"},{"floor":29.0,"key":"REST"},{"floor":32.0,"key":"REST"},{"floor":46,"key":"REST"},{"floor":49,"key":"RECALL"},{"data":"True Grit","floor":52,"key":"SMITH"}],"neow_cost":"PERCENT_DAMAGE","seed_source_timestamp":0,"circlet_count":0,"master_deck":["AscendersBane","Strike_R+1","Strike_R+1","Strike_R+1","Defend_R+1","Defend_R+1","Defend_R+1","Bash","Searing Blow+3","Shockwave","Offering","Barricade+1","Metallicize","Ghostly Armor+1","RitualDagger","Body Slam+1","Metallicize","Spot Weakness","Fiend Fire","True Grit+1","Dark Embrace+1","Rampage","Headbutt+1"],"special_seed":0,"relics":["Burning Blood","FossilizedHelix","Kunai","Happy Flower","Juzu Bracelet","Charon\u0027s Ashes","Tiny House","Blood Vial","Blue Candle","Gremlin Horn","Red Mask","Shuriken","Busted Crown","Frozen Egg 2","PreservedInsect","Champion Belt","Orichalcum","Paper Frog"],"potions_floor_usage":[45,50,50],"damage_taken":[{"damage":9.0,"enemies":"Jaw Worm","floor":1.0,"turns":4.0},{"damage":5.0,"enemies":"Cultist","floor":4.0,"turns":4.0},{"damage":0.0,"enemies":"Small Slimes","floor":5.0,"turns":3.0},{"damage":27.0,"enemies":"Gremlin Nob","floor":7.0,"turns":6.0},{"damage":1.0,"enemies":"2 Fungi Beasts","floor":10.0,"turns":4.0},{"damage":28.0,"enemies":"3 Sentries","floor":12.0,"turns":10.0},{"damage":0.0,"enemies":"3 Louse","floor":14.0,"turns":4.0},{"damage":37.0,"enemies":"The Guardian","floor":16.0,"turns":15.0},{"damage":32.0,"enemies":"Shell Parasite","floor":18.0,"turns":6.0},{"damage":13.0,"enemies":"2 Thieves","floor":19.0,"turns":4.0},{"damage":12.0,"enemies":"Colosseum Slavers","floor":20.0,"turns":7.0},{"damage":19.0,"enemies":"Slavers","floor":23.0,"turns":8.0},{"damage":9.0,"enemies":"Masked Bandits","floor":30.0,"turns":4.0},{"damage":18.0,"enemies":"Book of Stabbing","floor":31.0,"turns":7.0},{"damage":49.0,"enemies":"Champ","floor":33.0,"turns":13.0},{"damage":14.0,"enemies":"Orb Walker","floor":35.0,"turns":4.0},{"damage":12,"enemies":"3 Shapes","floor":39,"turns":3},{"damage":15,"enemies":"Reptomancer","floor":40,"turns":7},{"damage":54,"enemies":"Writhing Mass","floor":42,"turns":6},{"damage":0,"enemies":"Mind Bloom Boss Battle","floor":45,"turns":6},{"damage":0,"enemies":"Maw","floor":47,"turns":8},{"damage":37,"enemies":"Time Eater","floor":50,"turns":18},{"damage":67,"enemies":"Shield and Spear","floor":54,"turns":6},{"damage":40,"enemies":"The Heart","floor":55,"turns":2}],"seed_played":"2975240836607471299","potions_obtained":[{"floor":2.0,"key":"SkillPotion"},{"floor":4.0,"key":"Ancient Potion"},{"floor":10.0,"key":"SpeedPotion"},{"floor":14.0,"key":"EssenceOfSteel"},{"floor":17.0,"key":"SneckoOil"},{"floor":31.0,"key":"SteroidPotion"},{"floor":42,"key":"Dexterity Potion"},{"floor":45,"key":"GamblersBrew"},{"floor":54,"key":"SpeedPotion"}],"is_trial":false,"path_per_floor":["M","?","$","M","M","R","E","R","T","M","?","E","$","M","R","B",null,"M","M","?","?","?","E","$","?","T","R","$","R","?","E","R","B",null,"M","?","$","?","M","E","?","M","T","T","?","R","M","$","R","B",null,"R","$","E","B"],"character_chosen":"IRONCLAD","items_purchased":["Metallicize","Spot Weakness","Orichalcum","PowerPotion","Rampage"],"campfire_rested":5,"item_purchase_floors":[24,28,48,48,53],"current_hp_per_floor":[48,48,48,49,55,55,34,34,34,39,32,10,10,16,40,9,67,41,34,28,28,22,9,9,9,9,34,34,59,58,48,73,32,72,66,66,66,66,62,55,55,9,9,9,17,42,50,50,50,21,69,69,69,10,0],"gold":102,"neow_bonus":"ONE_RARE_RELIC","is_prod":false,"is_daily":false,"chose_seed":false,"campfire_upgraded":3,"win_rate":0,"timestamp":1545759658,"path_taken":["M","?","$","M","M","R","E","R","T","?","?","E","$","M","R","BOSS","M","M","?","?","?","E","$","?","T","R","$","R","?","E","R","BOSS","M","?","$","?","M","E","?","M","T","?","?","R","M","?","R","BOSS","R","$","E","BOSS"],"build_version":"2018-12-20","purchased_purges":3,"victory":false,"max_hp_per_floor":[80,80,80,80,80,80,80,80,80,80,80,80,80,80,80,80,85,85,85,85,85,85,85,85,85,85,85,85,85,85,85,85,85,85,85,85,85,85,85,85,85,85,85,85,85,85,85,85,85,85,85,85,85,85,85],"card_choices":[{"not_picked":["Twin Strike","Dual Wield"],"picked":"Searing Blow","floor":1.0},{"not_picked":["Thunderclap","Anger"],"picked":"Shockwave","floor":4.0},{"not_picked":["Anger","Clothesline","Body Slam"],"picked":"SKIP","floor":5.0},{"not_picked":["Clothesline","Shockwave","Perfected Strike"],"picked":"SKIP","floor":7.0},{"not_picked":["Perfected Strike","Wild Strike","Havoc"],"picked":"SKIP","floor":10.0},{"not_picked":["Flex","Twin Strike"],"picked":"Offering","floor":12.0},{"not_picked":["Havoc","Thunderclap","Corruption"],"picked":"SKIP","floor":14.0},{"not_picked":["Exhume","Limit Break"],"picked":"Barricade","floor":16.0},{"not_picked":["Pommel Strike","Fire Breathing"],"picked":"Metallicize","floor":17.0},{"not_picked":["Body Slam","Burning Pact"],"picked":"Ghostly Armor+1","floor":18.0},{"not_picked":["Pommel Strike","Sword Boomerang","Warcry"],"picked":"SKIP","floor":19.0},{"not_picked":["Hemokinesis","Pummel"],"picked":"Body Slam+1","floor":23.0},{"not_picked":["Infernal Blade","Reckless Charge","Wild Strike"],"picked":"SKIP","floor":31.0},{"not_picked":["Offering","Exhume"],"picked":"Fiend Fire","floor":33.0},{"not_picked":["Clash"],"picked":"SKIP","floor":35.0},{"not_picked":[],"picked":"True Grit","floor":39},{"not_picked":["Clothesline"],"picked":"SKIP","floor":40},{"not_picked":["Corruption+1"],"picked":"SKIP","floor":42},{"not_picked":["Headbutt"],"picked":"SKIP","floor":47},{"not_picked":[],"picked":"Headbutt+1","floor":54}],"player_experience":947652,"relics_obtained":[{"floor":7.0,"key":"Kunai"},{"floor":9.0,"key":"Happy Flower"},{"floor":12.0,"key":"Charon\u0027s Ashes"},{"floor":23.0,"key":"Blood Vial"},{"floor":26.0,"key":"Gremlin Horn"},{"floor":30.0,"key":"Red Mask"},{"floor":31.0,"key":"Shuriken"},{"floor":40,"key":"Frozen Egg 2"},{"floor":44,"key":"PreservedInsect"},{"floor":45,"key":"Champion Belt"},{"floor":54,"key":"Paper Frog"}],"event_choices":[{"damage_healed":0.0,"max_hp_gain":0.0,"max_hp_loss":0.0,"gold_gain":0.0,"event_name":"The Woman in Blue","player_choice":"Bought 1 Potion","floor":2.0,"gold_loss":0.0,"damage_taken":0.0},{"damage_healed":0.0,"max_hp_gain":0.0,"max_hp_loss":0.0,"gold_gain":0.0,"event_name":"Scrap Ooze","player_choice":"Success","floor":11.0,"gold_loss":0.0,"damage_taken":7.0,"relics_obtained":["Juzu Bracelet"]},{"damage_healed":0.0,"max_hp_gain":0.0,"max_hp_loss":0.0,"gold_gain":0.0,"event_name":"Colosseum","player_choice":"Fight","floor":20.0,"gold_loss":0.0,"damage_taken":0.0},{"damage_healed":0.0,"max_hp_gain":0.0,"max_hp_loss":0.0,"gold_gain":0.0,"event_name":"Colosseum","player_choice":"Fled From Nobs","floor":20.0,"gold_loss":0.0,"damage_taken":0.0},{"damage_healed":0.0,"max_hp_gain":0.0,"max_hp_loss":0.0,"gold_gain":0.0,"event_name":"Back to Basics","player_choice":"Simplicity","floor":21.0,"gold_loss":0.0,"damage_taken":0.0,"cards_upgraded":["Strike_R","Strike_R","Strike_R","Defend_R","Defend_R","Defend_R","Defend_R"]},{"damage_healed":0.0,"max_hp_gain":0.0,"max_hp_loss":0.0,"gold_gain":0.0,"event_name":"Nest","player_choice":"Joined the Cult","floor":22.0,"gold_loss":0.0,"damage_taken":6.0,"cards_obtained":["RitualDagger"]},{"damage_healed":0.0,"max_hp_gain":0.0,"max_hp_loss":0.0,"gold_gain":0.0,"event_name":"The Mausoleum","player_choice":"Opened","floor":25.0,"gold_loss":0.0,"damage_taken":0.0,"relics_obtained":["Blue Candle"],"cards_obtained":["Writhe"]},{"damage_healed":0.0,"max_hp_gain":0.0,"max_hp_loss":0.0,"gold_gain":0.0,"event_name":"Masked Bandits","player_choice":"Fought Bandits","floor":30.0,"gold_loss":0.0,"damage_taken":0.0},{"cards_removed":["Defend_R"],"damage_healed":0.0,"max_hp_gain":0.0,"max_hp_loss":0.0,"gold_gain":0.0,"event_name":"Falling","player_choice":"Removed Skill","floor":36.0,"gold_loss":0.0,"damage_taken":0.0},{"damage_healed":0,"gold_gain":0,"player_choice":"Upgraded","damage_taken":0,"max_hp_gain":0,"max_hp_loss":0,"event_name":"Upgrade Shrine","floor":38,"gold_loss":0,"cards_upgraded":["Searing Blow"]},{"damage_healed":0,"gold_gain":0,"player_choice":"1 cards matched","damage_taken":0,"max_hp_gain":0,"max_hp_loss":0,"event_name":"Match and Keep!","floor":41,"gold_loss":0,"cards_obtained":["Dark Embrace"]},{"damage_healed":0,"gold_gain":0,"player_choice":"1 cards matched","damage_taken":0,"max_hp_gain":0,"max_hp_loss":0,"event_name":"Match and Keep!","floor":41,"gold_loss":0,"cards_obtained":["Dark Embrace"]},{"damage_healed":0,"gold_gain":0,"player_choice":"Fight","damage_taken":0,"max_hp_gain":0,"max_hp_loss":0,"event_name":"MindBloom","floor":45,"gold_loss":0}],"is_beta":false,"boss_relics":[{"not_picked":["Philosopher\u0027s Stone","Black Blood"],"picked":"Tiny House"},{"not_picked":["Fusion Hammer","Runic Cube"],"picked":"Busted Crown"}],"items_purged_floors":[3,13,37],"is_endless":false,"potions_floor_spawned":[4,5,10,14,20,31,42,45,54],"killed_by":"The Heart","ascension_level":12}