{"gold_per_floor":[114,133,133,58,72,72,98,98,145,145],"floor_reached":10,"playtime":606,"items_purged":["Pain"],"score":132,"play_id":"8c4730c4-1b6f-4c37-bce3-8d791b85f94b","local_time":"20190403162054","is_ascension_mode":true,"campfire_choices":[{"floor":6,"key":"REST"}],"neow_cost":"NONE","seed_source_timestamp":500433663286005,"circlet_count":0,"master_deck":["AscendersBane","Strike_B","Strike_B","Strike_B","Strike_B","Defend_B","Defend_B","Defend_B","Defend_B","Zap","Dualcast","Decay","Normality","Coolheaded","BootSequence","White Noise","Coolheaded","Barrage","White Noise"],"relics":["Calling Bell","Strawberry","Kunai","Prayer Wheel","Lantern","Happy Flower","Oddly Smooth Stone"],"potions_floor_usage":[],"damage_taken":[{"damage":21,"enemies":"Jaw Worm","floor":1,"turns":6},{"damage":13,"enemies":"Cultist","floor":2,"turns":4},{"damage":5,"enemies":"Small Slimes","floor":5,"turns":6},{"damage":49,"enemies":"3 Sentries","floor":7,"turns":17},{"damage":36,"enemies":"Gremlin Gang","floor":10,"turns":3}],"seed_played":"4855989144233131925","potions_obtained":[{"floor":1,"key":"SkillPotion"}],"is_trial":false,"path_per_floor":["M","M","?","$","M","R","E","?","T","M"],"character_chosen":"DEFECT","items_purchased":[],"campfire_rested":1,"item_purchase_floors":[],"current_hp_per_floor":[50,37,37,37,32,55,6,32,32,0],"gold":145,"neow_bonus":"BOSS_RELIC","is_prod":false,"is_daily":false,"chose_seed":false,"campfire_upgraded":0,"win_rate":0,"timestamp":1554322854,"path_taken":["M","M","?","$","?","R","E","?","T","M"],"build_version":"2019-01-23","purchased_purges":1,"victory":false,"max_hp_per_floor":[78,78,78,78,78,78,78,78,78,78],"card_choices":[{"not_picked":["Beam Cell","Leap"],"picked":"Coolheaded","floor":1},{"not_picked":["Genetic Algorithm","Barrage"],"picked":"BootSequence","floor":1},{"not_picked":["Hologram","Go for the Eyes"],"picked":"White Noise","floor":2},{"not_picked":["BootSequence","Hologram","Stack"],"picked":"SKIP","floor":2},{"not_picked":["Hologram","Go for the Eyes"],"picked":"Coolheaded","floor":5},{"not_picked":["Auto Shields","Gash"],"picked":"Barrage","floor":5},{"not_picked":["Lockon","Static Discharge"],"picked":"White Noise","floor":7}],"player_experience":637926,"relics_obtained":[{"floor":0,"key":"Strawberry"},{"floor":0,"key":"Kunai"},{"floor":0,"key":"Prayer Wheel"},{"floor":7,"key":"Happy Flower"},{"floor":9,"key":"Oddly Smooth Stone"}],"event_choices":[{"damage_healed":0,"gold_gain":0,"player_choice":"Gave Potion","damage_taken":0,"relics_obtained":["Lantern"],"max_hp_gain":0,"max_hp_loss":0,"event_name":"WeMeetAgain","floor":3,"gold_loss":0},{"damage_healed":26,"gold_gain":0,"player_choice":"Banana","damage_taken":0,"max_hp_gain":0,"max_hp_loss":0,"event_name":"Big Fish","floor":8,"gold_loss":0}],"is_beta":false,"boss_relics":[],"items_purged_floors":[4],"is_endless":false,"potions_floor_spawned":[1],"killed_by":"Gremlin Gang","ascension_level":20}