{"gold_per_floor":[111,111,122,139,139,210,210,281,326,90,90,104,104,127,127,255,255,278,293,293,157,181,181,181,215,295,295,30,51,51,51,51,51],"floor_reached":33,"playtime":3678,"items_purged":["Strike_R","Strike_R","Strike_R"],"score":408,"play_id":"39722430-4467-44cc-b38e-16a1112ec496","local_time":"20181031221856","is_ascension_mode":true,"campfire_choices":[{"floor":7,"key":"REST"},{"data":"Immolate","floor":11,"key":"SMITH"},{"data":"Immolate","floor":13,"key":"SMITH"},{"data":"Bludgeon","floor":15,"key":"SMITH"},{"data":"J.A.X.","floor":23,"key":"SMITH"},{"data":"Whirlwind","floor":27,"key":"SMITH"},{"data":"Metallicize","floor":32,"key":"SMITH"}],"neow_cost":"NONE","seed_source_timestamp":1828324331776663,"circlet_count":0,"master_deck":["Strike_R","Defend_R","Defend_R","Defend_R","Defend_R","Bash","AscendersBane","Body Slam","Battle Trance","Whirlwind+1","Immolate+1","True Grit","Immolate+1","Bludgeon+1","Double Tap","Shrug It Off","J.A.X.+1","Metallicize+1","Reaper+1","Spot Weakness+1"],"relics":["Burning Blood","Regal Pillow","Golden Idol","Tiny Chest","Bronze Scales","Orichalcum","Busted Crown","Enchiridion","Prayer Wheel","Molten Egg 2","Torii"],"potions_floor_usage":[6,8,16,22,25,33],"damage_taken":[{"damage":7,"enemies":"Small Slimes","floor":1,"turns":5},{"damage":1,"enemies":"Cultist","floor":3,"turns":4},{"damage":4,"enemies":"2 Louse","floor":4,"turns":4},{"damage":50,"enemies":"3 Sentries","floor":6,"turns":12},{"damage":11,"enemies":"3 Sentries","floor":8,"turns":4},{"damage":0,"enemies":"Lots of Slimes","floor":12,"turns":1},{"damage":6,"enemies":"Looter","floor":14,"turns":2},{"damage":56,"enemies":"The Guardian","floor":16,"turns":9},{"damage":0,"enemies":"Spheric Guardian","floor":18,"turns":2},{"damage":0,"enemies":"Chosen","floor":19,"turns":3},{"damage":2,"enemies":"Snake Plant","floor":22,"turns":2},{"damage":16,"enemies":"Gremlin Leader","floor":25,"turns":4},{"damage":0,"enemies":"Centurion and Healer","floor":29,"turns":2},{"damage":91,"enemies":"Champ","floor":33,"turns":7}],"seed_played":"2683652106556381172","potions_obtained":[{"floor":4,"key":"GamblersBrew"},{"floor":6,"key":"EssenceOfSteel"},{"floor":12,"key":"BloodPotion"},{"floor":16,"key":"Block Potion"},{"floor":22,"key":"SteroidPotion"},{"floor":29,"key":"LiquidBronze"}],"is_trial":false,"path_per_floor":["M","?","M","M","?","E","R","?","T","$","R","M","R","M","R","B",null,"M","M","?","$","M","R","?","E","T","R","$","M","T","$","R"],"character_chosen":"IRONCLAD","items_purchased":["True Grit","Immolate","Metallicize","Reaper+1"],"campfire_rested":1,"item_purchase_floors":[10,10,21,28],"current_hp_per_floor":[71,71,76,78,58,14,53,48,48,48,48,54,54,54,54,12,63,69,75,75,75,79,79,63,53,53,53,53,63,63,63,63,0],"gold":51,"neow_bonus":"RANDOM_COMMON_RELIC","is_prod":false,"is_daily":false,"chose_seed":false,"campfire_upgraded":6,"win_rate":0,"timestamp":1541042336,"path_taken":["M","?","M","?","?","E","R","?","T","$","R","M","R","?","R","BOSS","M","?","?","$","M","R","?","E","T","R","$","?","?","?","R","BOSS"],"build_version":"2018-10-25v2","purchased_purges":3,"victory":false,"max_hp_per_floor":[80,80,80,80,80,80,80,80,80,80,80,80,80,80,80,80,80,80,80,80,80,80,80,80,80,80,80,80,80,80,80,80,80],"card_choices":[{"not_picked":["Wild Strike","Corruption"],"picked":"Body Slam","floor":1},{"not_picked":["Heavy Blade","Havoc"],"picked":"Battle Trance","floor":3},{"not_picked":["Shrug It Off","Iron Wave"],"picked":"Whirlwind","floor":4},{"not_picked":["Double Tap","Wild Strike"],"picked":"Immolate","floor":6},{"not_picked":["Sword Boomerang","Perfected Strike"],"picked":"Bludgeon","floor":12},{"not_picked":["Warcry","Havoc","Intimidate"],"picked":"SKIP","floor":14},{"not_picked":["Immolate","Berserk"],"picked":"Double Tap","floor":16},{"not_picked":["Heavy Blade"],"picked":"SKIP","floor":18},{"not_picked":[],"picked":"Shrug It Off","floor":19},{"not_picked":["Thunderclap"],"picked":"SKIP","floor":22},{"not_picked":["Combust"],"picked":"SKIP","floor":25},{"not_picked":[],"picked":"Spot Weakness+1","floor":29},{"not_picked":["Power Through"],"picked":"SKIP","floor":29}],"player_experience":848110,"relics_obtained":[{"floor":6,"key":"Tiny Chest"},{"floor":8,"key":"Bronze Scales"},{"floor":9,"key":"Orichalcum"},{"floor":24,"key":"Enchiridion"},{"floor":25,"key":"Prayer Wheel"},{"floor":26,"key":"Molten Egg 2"},{"floor":30,"key":"Torii"}],"event_choices":[{"cards_removed":["Strike_R"],"damage_healed":0,"gold_gain":0,"player_choice":"Purged","damage_taken":0,"max_hp_gain":0,"max_hp_loss":0,"event_name":"Purifier","floor":2,"gold_loss":0},{"damage_healed":0,"gold_gain":0,"player_choice":"Take Damage","damage_taken":20,"relics_obtained":["Golden Idol"],"max_hp_gain":0,"max_hp_loss":0,"event_name":"Golden Idol","floor":5,"gold_loss":0},{"damage_healed":0,"gold_gain":0,"player_choice":"Searched \u00271\u0027 times","damage_taken":0,"max_hp_gain":0,"max_hp_loss":0,"event_name":"Dead Adventurer","floor":8,"gold_loss":0},{"damage_healed":0,"gold_gain":0,"player_choice":"Obtain J.A.X.","damage_taken":0,"max_hp_gain":0,"max_hp_loss":0,"event_name":"Drug Dealer","floor":20,"gold_loss":0,"cards_obtained":["J.A.X."]},{"damage_healed":0,"gold_gain":0,"player_choice":"Obtained Book","damage_taken":16,"max_hp_gain":0,"max_hp_loss":0,"event_name":"Cursed Tome","floor":24,"gold_loss":0}],"is_beta":false,"boss_relics":[{"not_picked":["Orrery","Coffee Dripper"],"picked":"Busted Crown"}],"items_purged_floors":[10,21,28],"is_endless":false,"potions_floor_spawned":[4,6,12,16,22,29],"killed_by":"Champ","ascension_level":11}