{"gold_per_floor":[114,114,114,137,155,196,211,211,211,232,255,269,269,5,5,135,135,151,66,66,66,85,126,126,149,149,184,184,22,37,61,61,61],"floor_reached":33,"playtime":2035,"items_purged":["Strike_G"],"score":347,"play_id":"ce2de5df-78bc-43cc-823b-d5233e44c189","local_time":"20190927144356","is_ascension_mode":true,"campfire_choices":[{"floor":8,"key":"REST"},{"floor":13,"key":"REST"},{"data":"Unload","floor":15,"key":"SMITH"},{"floor":24,"key":"REST"},{"floor":32,"key":"RECALL"}],"neow_cost":"NONE","seed_source_timestamp":1294131584021800,"circlet_count":0,"master_deck":["Defend_G","Defend_G","Defend_G","Defend_G","Defend_G","Survivor","Neutralize","Noxious Fumes+1","Dash+1","Prepared+1","Distraction","Deflect","Backstab","Catalyst","Poisoned Stab","Backstab","Blur","Unload+1","Grand Finale","PiercingWail","Skewer","Unload","Well Laid Plans","Predator","Dagger Throw","Normality","Panache","Setup"],"relics":["Astrolabe","Golden Idol","Singing Bowl","Cursed Key","Letter Opener","Gremlin Horn","Matryoshka","Bag of Marbles"],"potions_floor_usage":[6,16,23,23,23,31,33,33],"damage_taken":[{"damage":0,"enemies":"Cultist","floor":1,"turns":3},{"damage":0,"enemies":"2 Louse","floor":4,"turns":2},{"damage":1,"enemies":"Small Slimes","floor":5,"turns":3},{"damage":26,"enemies":"Gremlin Nob","floor":6,"turns":5},{"damage":0,"enemies":"Blue Slaver","floor":7,"turns":5},{"damage":1,"enemies":"Looter","floor":10,"turns":4},{"damage":0,"enemies":"Gremlin Gang","floor":11,"turns":5},{"damage":6,"enemies":"3 Louse","floor":12,"turns":3},{"damage":16,"enemies":"Slime Boss","floor":16,"turns":10},{"damage":3,"enemies":"Shell Parasite","floor":18,"turns":6},{"damage":0,"enemies":"3 Byrds","floor":22,"turns":4},{"damage":34,"enemies":"Book of Stabbing","floor":23,"turns":5},{"damage":8,"enemies":"Snake Plant","floor":25,"turns":4},{"damage":27,"enemies":"Slavers","floor":27,"turns":8},{"damage":21,"enemies":"Centurion and Healer","floor":30,"turns":5},{"damage":3,"enemies":"Cultist and Chosen","floor":31,"turns":5},{"damage":69,"enemies":"Collector","floor":33,"turns":6}],"seed_played":"5080122878667141738","potions_obtained":[{"floor":1,"key":"SkillPotion"},{"floor":7,"key":"FearPotion"},{"floor":12,"key":"SteroidPotion"},{"floor":16,"key":"GamblersBrew"},{"floor":27,"key":"LiquidBronze"},{"floor":30,"key":"SkillPotion"},{"floor":31,"key":"PowerPotion"}],"is_trial":false,"path_per_floor":["M","?","?","M","M","E","M","R","T","M","M","M","R","$","R","B",null,"M","?","?","?","M","E","R","M","T","E","?","$","M","M","R","B"],"character_chosen":"THE_SILENT","items_purchased":["Unload","Explosive Potion","Panache"],"campfire_rested":3,"item_purchase_floors":[14,14,29],"current_hp_per_floor":[70,53,53,53,52,26,28,49,49,48,48,42,63,63,63,47,72,69,69,69,69,69,35,56,48,48,23,74,74,55,52,52,0],"gold":61,"neow_bonus":"BOSS_RELIC","is_prod":false,"is_daily":false,"chose_seed":false,"campfire_upgraded":1,"win_rate":0,"timestamp":1569609836,"path_taken":["M","?","?","M","M","E","M","R","T","M","M","?","R","$","R","BOSS","M","?","?","?","?","E","R","M","T","E","?","$","?","M","R","BOSS"],"build_version":"2019-07-17","purchased_purges":1,"victory":false,"max_hp_per_floor":[70,70,70,70,70,70,72,72,72,72,72,72,72,72,72,72,72,72,72,72,72,72,72,72,72,72,74,74,74,76,76,76,76],"card_choices":[{"not_picked":["Setup","Endless Agony"],"picked":"Distraction","floor":1},{"not_picked":["Tactician","Blade Dance"],"picked":"Deflect","floor":4},{"not_picked":["Terror","Bane"],"picked":"Backstab","floor":5},{"not_picked":["Dagger Throw","Dagger Spray"],"picked":"Catalyst","floor":6},{"not_picked":["Riddle With Holes","Outmaneuver","Masterful Stab"],"picked":"Singing Bowl","floor":7},{"not_picked":["Flechettes","Cloak And Dagger"],"picked":"Poisoned Stab","floor":10},{"not_picked":["Expertise","Poisoned Stab"],"picked":"Backstab","floor":11},{"not_picked":["Dagger Throw","Tactician"],"picked":"Blur","floor":12},{"not_picked":["Storm of Steel","Night Terror"],"picked":"Grand Finale","floor":16},{"not_picked":["Infinite Blades+1","Bane"],"picked":"PiercingWail","floor":18},{"not_picked":["Masterful Stab","Cloak And Dagger+1"],"picked":"Well Laid Plans","floor":22},{"not_picked":["Deadly Poison+1","Sucker Punch"],"picked":"Predator","floor":23},{"not_picked":["Infinite Blades","Deflect"],"picked":"Dagger Throw","floor":25},{"not_picked":["Accuracy","Slice","Finisher+1"],"picked":"Singing Bowl","floor":27},{"not_picked":["Accuracy","Escape Plan+1","Heel Hook"],"picked":"Singing Bowl","floor":30},{"not_picked":["Slice","All Out Attack"],"picked":"Setup","floor":31}],"player_experience":138513,"relics_obtained":[{"floor":6,"key":"Singing Bowl"},{"floor":23,"key":"Gremlin Horn"},{"floor":26,"key":"Matryoshka"},{"floor":27,"key":"Bag of Marbles"}],"event_choices":[{"damage_healed":0,"gold_gain":0,"player_choice":"Take Damage","damage_taken":17,"relics_obtained":["Golden Idol"],"max_hp_gain":0,"max_hp_loss":0,"event_name":"Golden Idol","floor":2,"gold_loss":0},{"cards_removed":["Strike_G"],"damage_healed":0,"gold_gain":0,"player_choice":"Purged","damage_taken":0,"max_hp_gain":0,"max_hp_loss":0,"event_name":"Purifier","floor":3,"gold_loss":0},{"damage_healed":0,"gold_gain":0,"player_choice":"Obtained Relic","damage_taken":0,"relics_obtained":["Letter Opener"],"max_hp_gain":0,"max_hp_loss":0,"event_name":"Addict","floor":19,"gold_loss":85},{"damage_healed":0,"gold_gain":0,"player_choice":"Read","damage_taken":0,"max_hp_gain":0,"max_hp_loss":0,"event_name":"The Library","floor":20,"gold_loss":0,"cards_obtained":["Skewer"]},{"damage_healed":0,"gold_gain":0,"player_choice":"2 cards matched","damage_taken":0,"max_hp_gain":0,"max_hp_loss":0,"event_name":"Match and Keep!","floor":21,"gold_loss":0,"cards_obtained":["Unload","Deep Breath"]},{"cards_removed":["Deep Breath"],"damage_healed":51,"gold_gain":0,"player_choice":"Offered Uncommon","damage_taken":0,"max_hp_gain":0,"max_hp_loss":0,"event_name":"Bonfire Elementals","floor":28,"gold_loss":0}],"is_beta":false,"boss_relics":[{"not_picked":["Runic Dome","Coffee Dripper"],"picked":"Cursed Key"}],"items_purged_floors":[14],"is_endless":false,"potions_floor_spawned":[1,7,12,16,27,30,31],"killed_by":"Collector","ascension_level":4}