{"gold_per_floor":[115,265,276,293,293,293,310,336,386,405,405,439,439,453,453,546,546,569,322,222],"floor_reached":20,"playtime":696,"items_purged":["Strike_G"],"score":368,"play_id":"dcb869c0-3793-4f4b-ae17-cfdaf250a1b2","local_time":"20190421215536","is_ascension_mode":true,"campfire_choices":[{"data":"Deadly Poison","floor":6,"key":"SMITH"},{"floor":11,"key":"REST"},{"floor":15,"key":"REST"}],"neow_cost":"NONE","seed_source_timestamp":358445899496436,"circlet_count":0,"master_deck":["AscendersBane","Defend_G","Defend_G","Defend_G","Defend_G","Defend_G","Strike_G","Strike_G","Survivor","Neutralize","Slice","Deadly Poison+1","Catalyst","Dash","A Thousand Cuts","PiercingWail","Backstab","Calculated Gamble","Adrenaline","Bouncing Flask+1","Well Laid Plans","Crippling Poison"],"relics":["WristBlade","Bottled Lightning","Ancient Tea Set","Dream Catcher","Golden Idol","Empty Cage"],"potions_floor_usage":[8,16,16],"damage_taken":[{"damage":0,"enemies":"Small Slimes","floor":1,"turns":5},{"damage":0,"enemies":"2 Louse","floor":3,"turns":2},{"damage":7,"enemies":"Jaw Worm","floor":4,"turns":5},{"damage":6,"enemies":"Red Slaver","floor":7,"turns":2},{"damage":39,"enemies":"Lagavulin","floor":8,"turns":7},{"damage":3,"enemies":"Looter","floor":10,"turns":3},{"damage":20,"enemies":"Gremlin Nob","floor":12,"turns":4},{"damage":1,"enemies":"Exordium Wildlife","floor":14,"turns":4},{"damage":8,"enemies":"The Guardian","floor":16,"turns":10},{"damage":25,"enemies":"Shell Parasite","floor":18,"turns":6},{"damage":25,"enemies":"2 Thieves","floor":20,"turns":3}],"seed_played":"35738852779272462","potions_obtained":[{"floor":7,"key":"SteroidPotion"},{"floor":8,"key":"Dexterity Potion"},{"floor":14,"key":"LiquidBronze"}],"is_trial":false,"path_per_floor":["M","?","M","M","?","R","M","E","T","M","R","E","?","M","R","B",null,"M","$","M"],"character_chosen":"THE_SILENT","items_purchased":["Well Laid Plans","Crippling Poison"],"campfire_rested":2,"item_purchase_floors":[19,19],"current_hp_per_floor":[59,59,59,52,52,52,46,7,7,4,23,3,3,2,20,12,48,23,23,0],"gold":222,"neow_bonus":"BOSS_RELIC","is_prod":false,"is_daily":false,"chose_seed":false,"campfire_upgraded":1,"win_rate":0,"timestamp":1555898136,"path_taken":["M","?","M","M","?","R","M","E","T","M","R","E","?","M","R","BOSS","M","$","M"],"build_version":"2019-01-23","purchased_purges":1,"victory":false,"max_hp_per_floor":[66,66,66,66,66,66,66,66,66,66,66,66,60,60,60,60,60,60,60,60],"card_choices":[{"not_picked":["Quick Slash","Sucker Punch"],"picked":"Slice","floor":1},{"not_picked":["Dagger Spray","Backflip"],"picked":"Deadly Poison","floor":3},{"not_picked":["Sucker Punch","Dagger Throw"],"picked":"Catalyst","floor":4},{"not_picked":["Outmaneuver","Setup","Reflex"],"picked":"SKIP","floor":7},{"not_picked":["Masterful Stab","Heel Hook"],"picked":"Dash","floor":8},{"not_picked":["Backflip","PiercingWail"],"picked":"A Thousand Cuts","floor":10},{"not_picked":["Dagger Spray","Poisoned Stab"],"picked":"PiercingWail","floor":12},{"not_picked":["Slice","Dagger Throw"],"picked":"Backstab","floor":14},{"not_picked":["Outmaneuver","Bane"],"picked":"Calculated Gamble","floor":15},{"not_picked":["Venomology","Glass Knife"],"picked":"Adrenaline","floor":16},{"not_picked":["Blade Dance","Acrobatics"],"picked":"Bouncing Flask+1","floor":18}],"player_experience":761903,"relics_obtained":[{"floor":8,"key":"Bottled Lightning"},{"floor":9,"key":"Ancient Tea Set"},{"floor":12,"key":"Dream Catcher"}],"event_choices":[{"damage_healed":0,"gold_gain":150,"player_choice":"AGREE","damage_taken":0,"max_hp_gain":0,"max_hp_loss":0,"event_name":"Liars Game","floor":2,"gold_loss":0,"cards_obtained":["Doubt"]},{"cards_removed":["Doubt"],"damage_healed":0,"gold_gain":0,"player_choice":"Forget","damage_taken":0,"max_hp_gain":0,"max_hp_loss":0,"event_name":"Living Wall","floor":5,"gold_loss":0},{"damage_healed":0,"gold_gain":0,"player_choice":"Lose Max HP","damage_taken":0,"relics_obtained":["Golden Idol"],"max_hp_gain":0,"max_hp_loss":6,"event_name":"Golden Idol","floor":13,"gold_loss":0}],"is_beta":false,"boss_relics":[{"not_picked":["Black Star","Fusion Hammer"],"picked":"Empty Cage"}],"items_purged_floors":[19],"is_endless":false,"potions_floor_spawned":[7,8,14],"killed_by":"2 Thieves","ascension_level":20}