{"gold_per_floor":[109,129,41,41,53,53,79,94,94,94,69,69,79,89,89,191,191,209,209,228,228,241,241,254,254,254,269,269,286,133,150,150,248,248,259,39,49,60,35,65,65,65,88,118,130,142],"floor_reached":46,"playtime":2312,"items_purged":["Strike_G"],"score":618,"play_id":"05264d7c-19a2-4781-af1b-6498a287f527","local_time":"20190820181939","is_ascension_mode":true,"campfire_choices":[{"data":"Bouncing Flask","floor":6,"key":"SMITH"},{"data":"Bandage Up","floor":10,"key":"SMITH"},{"data":"Footwork","floor":15,"key":"SMITH"},{"data":"A Thousand Cuts","floor":23,"key":"SMITH"},{"data":"Blur","floor":25,"key":"SMITH"},{"data":"Noxious Fumes","floor":32,"key":"SMITH"}],"neow_cost":"NONE","seed_source_timestamp":27670951413109,"circlet_count":0,"master_deck":["Strike_G","Strike_G+1","Strike_G+1","Defend_G","Defend_G","Defend_G","Defend_G","Defend_G","Survivor","Neutralize","Blade Dance","Bandage Up+1","All Out Attack","Bouncing Flask+1","Blur+1","Backstab","Footwork+1","A Thousand Cuts+1","Dodge and Roll+1","Necronomicurse","Deadly Poison+1","Poisoned Stab","Backflip+1","Ghostly+1","Ghostly+1","Ghostly+1","Ghostly+1","Ghostly+1","Crippling Poison+1","Noxious Fumes+1","Terror+1","Footwork","Leg Sweep+1","Prepared+1","Prepared+1","Backflip+1","Necronomicurse","Infinite Blades+1"],"relics":["Coffee Dripper","Whetstone","Toxic Egg 2","Blood Vial","WristBlade","Necronomicon","NlothsMask","Philosopher\u0027s Stone","PreservedInsect","Du-Vu Doll","MawBank"],"potions_floor_usage":[7,16,18,24,33,35,40],"damage_taken":[{"damage":1,"enemies":"2 Louse","floor":1,"turns":2},{"damage":0,"enemies":"Cultist","floor":2,"turns":4},{"damage":2,"enemies":"Small Slimes","floor":5,"turns":3},{"damage":10,"enemies":"3 Sentries","floor":7,"turns":6},{"damage":12,"enemies":"Exordium Wildlife","floor":8,"turns":5},{"damage":7,"enemies":"3 Louse","floor":13,"turns":2},{"damage":3,"enemies":"Blue Slaver","floor":14,"turns":3},{"damage":4,"enemies":"The Guardian","floor":16,"turns":10},{"damage":16,"enemies":"Spheric Guardian","floor":18,"turns":4},{"damage":8,"enemies":"Chosen","floor":20,"turns":4},{"damage":14,"enemies":"Centurion and Healer","floor":22,"turns":10},{"damage":7,"enemies":"Shelled Parasite and Fungi","floor":24,"turns":3},{"damage":5,"enemies":"Cultist and Chosen","floor":27,"turns":4},{"damage":1,"enemies":"Snecko","floor":29,"turns":6},{"damage":6,"enemies":"Centurion and Healer","floor":31,"turns":6},{"damage":24,"enemies":"Automaton","floor":33,"turns":11},{"damage":2,"enemies":"3 Shapes","floor":35,"turns":6},{"damage":12,"enemies":"3 Darklings","floor":37,"turns":8},{"damage":12,"enemies":"Maw","floor":38,"turns":8},{"damage":2,"enemies":"Reptomancer","floor":40,"turns":5},{"damage":28,"enemies":"Jaw Worm Horde","floor":44,"turns":4},{"damage":8,"enemies":"Nemesis","floor":46,"turns":1}],"seed_played":"-5972852140955364756","potions_obtained":[{"floor":1,"key":"Fire Potion"},{"floor":2,"key":"Fire Potion"},{"floor":13,"key":"Regen Potion"},{"floor":14,"key":"Fire Potion"},{"floor":22,"key":"Swift Potion"},{"floor":24,"key":"LiquidBronze"},{"floor":27,"key":"Energy Potion"},{"floor":33,"key":"Fire Potion"},{"floor":37,"key":"Weak Potion"},{"floor":38,"key":"GhostInAJar"}],"is_trial":false,"path_per_floor":["M","M","$","?","M","R","E","M","T","R","?","T","M","M","R","B",null,"M","?","M","?","M","R","M","R","T","M","?","M","$","M","R","B",null,"M","$","M","M","$","E","?","$","T","M","?","E"],"character_chosen":"THE_SILENT","items_purchased":["Bandage Up","Noxious Fumes","PreservedInsect","Footwork","Prepared+1"],"campfire_rested":0,"item_purchase_floors":[3,30,36,36,39],"current_hp_per_floor":[69,69,69,69,68,68,62,54,54,54,54,54,55,60,60,70,70,54,38,38,38,32,32,33,33,33,36,35,34,34,29,29,11,29,35,35,29,25,25,31,31,31,31,5,5,0],"gold":142,"neow_bonus":"BOSS_RELIC","is_prod":false,"is_daily":false,"chose_seed":false,"campfire_upgraded":6,"win_rate":0,"timestamp":1566317979,"path_taken":["M","M","$","?","M","R","E","?","T","R","?","?","M","M","R","BOSS","M","?","M","?","?","R","M","R","T","M","?","M","$","M","R","BOSS","M","$","M","M","$","E","?","?","T","M","?","E"],"build_version":"2019-07-17","purchased_purges":1,"victory":false,"max_hp_per_floor":[70,70,70,70,70,70,70,70,70,70,70,70,70,70,70,70,70,70,70,70,70,70,70,70,70,70,70,35,35,35,35,35,35,35,35,35,35,35,35,35,35,35,35,35,35,35],"card_choices":[{"not_picked":["Predator","Dagger Throw","Flechettes"],"picked":"SKIP","floor":1},{"not_picked":["Sucker Punch","Finisher"],"picked":"Blade Dance","floor":2},{"not_picked":["Outmaneuver","Prepared"],"picked":"Bouncing Flask","floor":5},{"not_picked":["Finisher","Blade Dance"],"picked":"Blur","floor":7},{"not_picked":["Dagger Throw","Blur"],"picked":"Backstab","floor":8},{"not_picked":["Endless Agony","Riddle With Holes","Dagger Spray"],"picked":"SKIP","floor":13},{"not_picked":["Dagger Throw","Slice"],"picked":"Footwork","floor":14},{"not_picked":["After Image","Night Terror+1"],"picked":"A Thousand Cuts","floor":16},{"not_picked":["Tactician+1","Deflect+1"],"picked":"Dodge and Roll+1","floor":18},{"not_picked":["Flying Knee+1","Bane"],"picked":"Deadly Poison+1","floor":20},{"not_picked":["Slice","Acrobatics+1"],"picked":"Poisoned Stab","floor":22},{"not_picked":["Doppelganger+1","Outmaneuver+1","Underhanded Strike+1"],"picked":"SKIP","floor":24},{"not_picked":["Dagger Spray+1","Sucker Punch"],"picked":"Backflip+1","floor":27},{"not_picked":["Poisoned Stab","Backstab"],"picked":"Crippling Poison+1","floor":29},{"not_picked":["Poisoned Stab","Crippling Poison+1"],"picked":"Terror+1","floor":31},{"not_picked":["Heel Hook","Sucker Punch","Flying Knee+1"],"picked":"SKIP","floor":35},{"not_picked":["Concentrate+1","Choke+1"],"picked":"Leg Sweep+1","floor":37},{"not_picked":["Dagger Spray+1","Blade Dance+1"],"picked":"Prepared+1","floor":38},{"not_picked":["Tactician+1","Calculated Gamble+1"],"picked":"Backflip+1","floor":40},{"not_picked":["Cloak And Dagger+1","Dodge and Roll+1"],"picked":"Infinite Blades+1","floor":44}],"player_experience":307779,"relics_obtained":[{"floor":7,"key":"Whetstone"},{"floor":9,"key":"Toxic Egg 2"},{"floor":12,"key":"Blood Vial"},{"floor":19,"key":"Necronomicon"},{"floor":40,"key":"Du-Vu Doll"},{"floor":43,"key":"MawBank"}],"event_choices":[{"damage_healed":0,"gold_gain":0,"cards_transformed":["Strike_G"],"player_choice":"Transformed","damage_taken":0,"max_hp_gain":0,"max_hp_loss":0,"event_name":"Transmorgrifier","floor":4,"gold_loss":0,"cards_obtained":["All Out Attack"]},{"damage_healed":0,"gold_gain":0,"player_choice":"Left Gold","damage_taken":0,"max_hp_gain":0,"max_hp_loss":0,"event_name":"World of Goop","floor":11,"gold_loss":25},{"damage_healed":0,"gold_gain":0,"player_choice":"Obtained Book","damage_taken":16,"max_hp_gain":0,"max_hp_loss":0,"event_name":"Cursed Tome","floor":19,"gold_loss":0},{"damage_healed":0,"gold_gain":0,"player_choice":"Trade","damage_taken":0,"relics_obtained":["NlothsMask"],"max_hp_gain":0,"max_hp_loss":0,"event_name":"FaceTrader","floor":21,"gold_loss":0},{"damage_healed":0,"gold_gain":0,"player_choice":"Became a Ghost","damage_taken":0,"max_hp_gain":0,"max_hp_loss":35,"event_name":"Ghosts","floor":28,"gold_loss":0,"cards_obtained":["Ghostly","Ghostly","Ghostly","Ghostly","Ghostly"]},{"damage_healed":0,"gold_gain":0,"player_choice":"Copied","damage_taken":0,"max_hp_gain":0,"max_hp_loss":0,"event_name":"Duplicator","floor":41,"gold_loss":0,"cards_obtained":["Necronomicurse"]},{"damage_healed":0,"gold_gain":0,"player_choice":"Ignored","damage_taken":0,"max_hp_gain":0,"max_hp_loss":0,"event_name":"Mysterious Sphere","floor":45,"gold_loss":0}],"is_beta":false,"boss_relics":[{"not_picked":["Tiny House","Ectoplasm"],"picked":"WristBlade"},{"not_picked":["Lizard Tail","Calling Bell"],"picked":"Philosopher\u0027s Stone"}],"items_purged_floors":[30],"is_endless":false,"potions_floor_spawned":[1,2,13,14,22,24,27,29,33,37,38],"killed_by":"Nemesis","ascension_level":5}