{"gold_per_floor":[114,62,62,62,91,130,142,168,203,235,247,287,326,338,350,459,471,495,527,539,569,206,235,235,235,235,235,235,160,160,178,178,283,283,300,400,301,58,58,58,84,0,0,0,0,100,100,100,100,100],"floor_reached":51,"playtime":2838,"items_purged":["Strike_R","Strike_R"],"score":903,"play_id":"83411a4a-a237-49b2-90f4-cbd4b59f634d","local_time":"20190602173145","is_ascension_mode":true,"campfire_choices":[{"data":"Shrug It Off","floor":7,"key":"SMITH"},{"data":"Armaments","floor":11,"key":"SMITH"},{"data":"Shrug It Off","floor":15,"key":"SMITH"},{"data":"Flame Barrier","floor":24,"key":"SMITH"},{"floor":28,"key":"REST"},{"data":"Bash","floor":32,"key":"SMITH"},{"data":"Shrug It Off","floor":40,"key":"SMITH"},{"floor":44,"key":"REST"},{"floor":49,"key":"REST"}],"neow_cost":"NONE","seed_source_timestamp":25299941412162,"circlet_count":0,"master_deck":["Strike_R","Defend_R","Defend_R","Defend_R","Bash+1","Fire Breathing+1","Shrug It Off+1","Headbutt","Armaments+1","Shrug It Off+1","Flame Barrier+1","Shrug It Off+1","Necronomicurse"],"relics":["Burning Blood","NeowsBlessing","MawBank","Gremlin Horn","Juzu Bracelet","Odd Mushroom","Self Forming Clay","Busted Crown","Strawberry","Red Skull","Kunai","Mercury Hourglass","Necronomicon","Black Star","Regal Pillow","Omamori","Charon\u0027s Ashes","Boot","Red Mask","Incense Burner","Unceasing Top"],"potions_floor_usage":[16,33,33,41,41,45],"damage_taken":[{"damage":0,"enemies":"Small Slimes","floor":1,"turns":1},{"damage":0,"enemies":"2 Louse","floor":5,"turns":1},{"damage":0,"enemies":"Lagavulin","floor":6,"turns":1},{"damage":2,"enemies":"Jaw Worm","floor":8,"turns":4},{"damage":3,"enemies":"3 Louse","floor":10,"turns":6},{"damage":16,"enemies":"The Mushroom Lair","floor":12,"turns":6},{"damage":19,"enemies":"3 Sentries","floor":13,"turns":9},{"damage":45,"enemies":"The Guardian","floor":16,"turns":19},{"damage":8,"enemies":"Chosen","floor":18,"turns":5},{"damage":27,"enemies":"3 Byrds","floor":19,"turns":7},{"damage":12,"enemies":"Colosseum Slavers","floor":20,"turns":6},{"damage":14,"enemies":"Snake Plant","floor":21,"turns":5},{"damage":27,"enemies":"Gremlin Leader","floor":23,"turns":8},{"damage":0,"enemies":"3 Cultists","floor":31,"turns":5},{"damage":33,"enemies":"Collector","floor":33,"turns":9},{"damage":16,"enemies":"3 Darklings","floor":35,"turns":7},{"damage":65,"enemies":"Reptomancer","floor":41,"turns":10},{"damage":18,"enemies":"Giant Head","floor":45,"turns":7},{"damage":4,"enemies":"Mind Bloom Boss Battle","floor":46,"turns":8},{"damage":60,"enemies":"Donu and Deca","floor":50,"turns":16}],"seed_played":"5494970954102872823","potions_obtained":[{"floor":5,"key":"Regen Potion"},{"floor":6,"key":"Swift Potion"},{"floor":13,"key":"SmokeBomb"},{"floor":19,"key":"PowerPotion"},{"floor":25,"key":"EntropicBrew"}],"is_trial":false,"path_per_floor":["M","$","?","?","M","E","R","M","T","M","R","?","E","?","R","B",null,"M","M","?","M","$","E","R","?","T","?","R","?","?","M","R","B",null,"M","?","?","$","?","R","E","?","T","R","E","?","?","?","R","B",null],"character_chosen":"IRONCLAD","items_purchased":["Shrug It Off","Strawberry","Red Skull","Omamori"],"campfire_rested":3,"item_purchase_floors":[2,22,22,38],"current_hp_per_floor":[80,80,80,77,80,80,80,80,80,80,80,70,57,50,50,16,80,78,57,51,43,50,29,29,29,29,13,39,39,39,45,45,18,87,77,77,77,77,77,77,18,18,18,59,47,49,49,49,83,29],"gold":100,"neow_bonus":"THREE_ENEMY_KILL","is_prod":false,"is_daily":false,"chose_seed":false,"campfire_upgraded":6,"win_rate":0,"timestamp":1559489505,"path_taken":["M","$","?","?","M","E","R","M","T","M","R","?","E","?","R","BOSS","M","M","?","M","$","E","R","?","T","?","R","?","?","M","R","BOSS","M","?","?","?","?","R","E","?","T","R","E","?","?","?","R","BOSS"],"build_version":"2019-01-23","purchased_purges":2,"victory":true,"max_hp_per_floor":[80,80,80,80,80,80,80,80,80,80,80,80,80,80,80,80,80,80,80,80,80,87,87,87,87,87,87,87,87,87,87,87,87,87,87,87,87,87,87,87,87,87,87,87,87,87,83,83,83,83],"card_choices":[{"not_picked":["Clash","Power Through"],"picked":"Fire Breathing","floor":1},{"not_picked":["Clothesline","Flex"],"picked":"Headbutt","floor":5},{"not_picked":["Exhume","Bloodletting"],"picked":"Armaments","floor":6},{"not_picked":["Perfected Strike","Twin Strike","Iron Wave"],"picked":"SKIP","floor":8},{"not_picked":["Rampage","Havoc","Second Wind"],"picked":"SKIP","floor":10},{"not_picked":["Heavy Blade","Cleave"],"picked":"Shrug It Off","floor":13},{"not_picked":["Pommel Strike"],"picked":"SKIP","floor":18},{"not_picked":["Iron Wave"],"picked":"SKIP","floor":19},{"not_picked":[],"picked":"Flame Barrier","floor":21},{"not_picked":[],"picked":"Shrug It Off","floor":23},{"not_picked":["Armaments"],"picked":"SKIP","floor":31},{"not_picked":["Disarm+1"],"picked":"SKIP","floor":35},{"not_picked":["Clothesline+1"],"picked":"SKIP","floor":41}],"player_experience":174190,"relics_obtained":[{"floor":6,"key":"Gremlin Horn"},{"floor":9,"key":"Juzu Bracelet"},{"floor":12,"key":"Odd Mushroom"},{"floor":13,"key":"Self Forming Clay"},{"floor":23,"key":"Kunai"},{"floor":26,"key":"Mercury Hourglass"},{"floor":27,"key":"Necronomicon"},{"floor":41,"key":"Charon\u0027s Ashes"},{"floor":41,"key":"Boot"},{"floor":43,"key":"Incense Burner"},{"floor":46,"key":"Unceasing Top"}],"event_choices":[{"cards_removed":["Strike_R"],"damage_healed":0,"gold_gain":0,"player_choice":"Forget","damage_taken":0,"max_hp_gain":0,"max_hp_loss":0,"event_name":"Living Wall","floor":3,"gold_loss":0},{"damage_healed":0,"gold_gain":0,"player_choice":"Success","damage_taken":3,"relics_obtained":["MawBank"],"max_hp_gain":0,"max_hp_loss":0,"event_name":"Scrap Ooze","floor":4,"gold_loss":0},{"damage_healed":0,"gold_gain":0,"player_choice":"Fought Mushrooms","damage_taken":0,"max_hp_gain":0,"max_hp_loss":0,"event_name":"Mushrooms","floor":12,"gold_loss":0},{"cards_removed":["Defend_R"],"damage_healed":0,"gold_gain":0,"player_choice":"Card Removal","damage_taken":7,"max_hp_gain":0,"max_hp_loss":0,"event_name":"Golden Wing","floor":14,"gold_loss":0},{"damage_healed":0,"gold_gain":0,"player_choice":"Fight","damage_taken":0,"max_hp_gain":0,"max_hp_loss":0,"event_name":"Colosseum","floor":20,"gold_loss":0},{"damage_healed":0,"gold_gain":0,"player_choice":"Fled From Nobs","damage_taken":0,"max_hp_gain":0,"max_hp_loss":0,"event_name":"Colosseum","floor":20,"gold_loss":0},{"damage_healed":0,"gold_gain":0,"player_choice":"Got Potions","damage_taken":0,"max_hp_gain":0,"max_hp_loss":0,"event_name":"Lab","floor":25,"gold_loss":0},{"damage_healed":0,"gold_gain":0,"player_choice":"Obtained Book","damage_taken":16,"max_hp_gain":0,"max_hp_loss":0,"event_name":"Cursed Tome","floor":27,"gold_loss":0},{"cards_removed":["Strike_R"],"damage_healed":0,"gold_gain":0,"player_choice":"Gave Gold","damage_taken":0,"max_hp_gain":0,"max_hp_loss":0,"event_name":"Beggar","floor":29,"gold_loss":75},{"damage_healed":0,"gold_gain":0,"player_choice":"Ignored","damage_taken":0,"max_hp_gain":0,"max_hp_loss":0,"event_name":"Ghosts","floor":30,"gold_loss":0},{"damage_healed":0,"gold_gain":100,"player_choice":"Pray","damage_taken":0,"max_hp_gain":0,"max_hp_loss":0,"event_name":"Golden Shrine","floor":36,"gold_loss":0},{"damage_healed":0,"gold_gain":0,"player_choice":"Paid Gold","damage_taken":0,"relics_obtained":["Regal Pillow"],"max_hp_gain":0,"max_hp_loss":0,"event_name":"WeMeetAgain","floor":37,"gold_loss":99},{"damage_healed":0,"gold_gain":0,"player_choice":"Forge","damage_taken":0,"max_hp_gain":0,"max_hp_loss":0,"event_name":"Accursed Blacksmith","floor":39,"gold_loss":0,"cards_upgraded":["Fire Breathing"]},{"damage_healed":0,"gold_gain":0,"player_choice":"Paid","damage_taken":0,"relics_obtained":["Red Mask"],"max_hp_gain":0,"max_hp_loss":0,"event_name":"Tomb of Lord Red Mask","floor":42,"gold_loss":84},{"damage_healed":0,"gold_gain":0,"player_choice":"Fight","damage_taken":0,"max_hp_gain":0,"max_hp_loss":0,"event_name":"MindBloom","floor":46,"gold_loss":0},{"damage_healed":0,"gold_gain":0,"player_choice":"Max HP","damage_taken":0,"max_hp_gain":0,"max_hp_loss":4,"event_name":"Winding Halls","floor":47,"gold_loss":0},{"damage_healed":0,"gold_gain":0,"player_choice":"Ignored","damage_taken":0,"max_hp_gain":0,"max_hp_loss":0,"event_name":"Mysterious Sphere","floor":48,"gold_loss":0}],"is_beta":false,"boss_relics":[{"not_picked":["Calling Bell","Tiny House"],"picked":"Busted Crown"},{"not_picked":["Coffee Dripper","Lizard Tail"],"picked":"Black Star"}],"items_purged_floors":[22,38],"is_endless":false,"potions_floor_spawned":[5,6,13,19,21],"ascension_level":3}