{"gold_per_floor":[118,118,118,137,155,213,213,246,246,263,263,263,288,311,323,412,424,451,477,489,501,532,544],"floor_reached":23,"playtime":2784,"items_purged":[],"score":335,"play_id":"09a920eb-d3dd-46cc-92e2-4cf6d83f4c9c","local_time":"20181228221454","is_ascension_mode":true,"campfire_choices":[{"floor":7,"key":"REST"},{"floor":11,"key":"REST"},{"floor":15,"key":"REST"}],"neow_cost":"NONE","seed_source_timestamp":651461211960785,"circlet_count":0,"master_deck":["AscendersBane","Defend_G","Defend_G","Defend_G","Defend_G","Defend_G","Strike_G","Strike_G","Strike_G","Strike_G","Strike_G","Survivor","Neutralize","Panacea","Well Laid Plans","Neutralize","Dramatic Entrance","Poisoned Stab","Infinite Blades","Crippling Poison","Footwork","Tools of the Trade","Quick Slash","Caltrops"],"relics":["Ring of the Snake","Tiny Chest","Tingsha","Ninja Scroll","MawBank","Busted Crown"],"potions_floor_usage":[6,6,16,22,23],"damage_taken":[{"damage":5,"enemies":"Small Slimes","floor":1,"turns":4},{"damage":1,"enemies":"Cultist","floor":4,"turns":4},{"damage":2,"enemies":"Jaw Worm","floor":5,"turns":4},{"damage":32,"enemies":"Lagavulin","floor":6,"turns":10},{"damage":37,"enemies":"3 Sentries","floor":8,"turns":9},{"damage":0,"enemies":"Lots of Slimes","floor":10,"turns":2},{"damage":2,"enemies":"3 Louse","floor":13,"turns":2},{"damage":1,"enemies":"Large Slime","floor":14,"turns":5},{"damage":10,"enemies":"The Guardian","floor":16,"turns":14},{"damage":15,"enemies":"Shell Parasite","floor":18,"turns":5},{"damage":13,"enemies":"Spheric Guardian","floor":19,"turns":5},{"damage":18,"enemies":"Colosseum Slavers","floor":20,"turns":5},{"damage":34,"enemies":"Snake Plant","floor":22,"turns":6},{"damage":11,"enemies":"Book of Stabbing","floor":23,"turns":3}],"seed_played":"-4858018597969918243","potions_obtained":[{"floor":1,"key":"GhostInAJar"},{"floor":5,"key":"Dexterity Potion"},{"floor":8,"key":"Ancient Potion"},{"floor":10,"key":"Dexterity Potion"},{"floor":19,"key":"Regen Potion"},{"floor":22,"key":"Block Potion"}],"is_trial":false,"path_per_floor":["M","?","?","M","M","E","R","E","T","M","R","T","M","M","R","B",null,"M","M","?","?","M","E"],"character_chosen":"THE_SILENT","items_purchased":[],"campfire_rested":3,"item_purchase_floors":[],"current_hp_per_floor":[58,63,63,62,60,28,50,13,13,13,35,35,33,32,54,44,67,52,39,21,21,1,0],"gold":544,"neow_bonus":"RANDOM_COLORLESS","is_prod":false,"is_daily":false,"chose_seed":false,"campfire_upgraded":0,"win_rate":0,"timestamp":1546056894,"path_taken":["M","?","?","?","M","E","R","E","T","M","R","?","M","?","R","BOSS","M","M","?","?","?","E"],"build_version":"2018-12-20","purchased_purges":0,"victory":false,"max_hp_per_floor":[70,75,75,75,75,75,75,75,75,75,75,75,75,75,75,75,75,75,75,75,75,75,75],"card_choices":[{"not_picked":["Sucker Punch","Deadly Poison"],"picked":"Well Laid Plans","floor":1},{"not_picked":["Sucker Punch","Reflex","Masterful Stab"],"picked":"SKIP","floor":4},{"not_picked":["Bouncing Flask","Endless Agony"],"picked":"Poisoned Stab","floor":5},{"not_picked":["Terror","Slice"],"picked":"Infinite Blades","floor":6},{"not_picked":["Outmaneuver","Dagger Spray"],"picked":"Crippling Poison","floor":8},{"not_picked":["Quick Slash","PiercingWail","Flying Knee"],"picked":"SKIP","floor":10},{"not_picked":["Quick Slash","Deflect","Dodge and Roll"],"picked":"SKIP","floor":13},{"not_picked":["Flechettes","Poisoned Stab"],"picked":"Footwork","floor":14},{"not_picked":["Adrenaline","Phantasmal Killer"],"picked":"Tools of the Trade","floor":16},{"not_picked":[],"picked":"Quick Slash","floor":18},{"not_picked":["Reflex"],"picked":"SKIP","floor":19},{"not_picked":[],"picked":"Caltrops","floor":22}],"player_experience":985606,"relics_obtained":[{"floor":6,"key":"Tiny Chest"},{"floor":8,"key":"Tingsha"},{"floor":9,"key":"Ninja Scroll"},{"floor":12,"key":"MawBank"}],"event_choices":[{"damage_healed":0,"gold_gain":0,"player_choice":"Donut","damage_taken":0,"max_hp_gain":5,"max_hp_loss":0,"event_name":"Big Fish","floor":2,"gold_loss":0},{"damage_healed":0,"gold_gain":0,"player_choice":"2 cards matched","damage_taken":0,"max_hp_gain":0,"max_hp_loss":0,"event_name":"Match and Keep!","floor":3,"gold_loss":0,"cards_obtained":["Neutralize","Dramatic Entrance"]},{"damage_healed":0,"gold_gain":0,"player_choice":"Fight","damage_taken":0,"max_hp_gain":0,"max_hp_loss":0,"event_name":"Colosseum","floor":20,"gold_loss":0},{"damage_healed":0,"gold_gain":0,"player_choice":"Fled From Nobs","damage_taken":0,"max_hp_gain":0,"max_hp_loss":0,"event_name":"Colosseum","floor":20,"gold_loss":0},{"damage_healed":0,"gold_gain":0,"player_choice":"Ignored","damage_taken":0,"max_hp_gain":0,"max_hp_loss":0,"event_name":"N\u0027loth","floor":21,"gold_loss":0}],"is_beta":false,"boss_relics":[{"not_picked":["Velvet Choker","Eternal Feather"],"picked":"Busted Crown"}],"items_purged_floors":[],"is_endless":false,"potions_floor_spawned":[1,5,8,10,19,22],"killed_by":"Book of Stabbing","ascension_level":13}