{"gold_per_floor":[110,110,110,110,110,140,140,153,176,240,250,263,338,350,350,350],"floor_reached":16,"playtime":2814,"items_purged":[],"score":138,"play_id":"522bd915-c6b6-4019-a9c6-e21f19db4c27","local_time":"20190128224544","is_ascension_mode":true,"campfire_choices":[{"floor":7,"key":"REST"},{"data":"Storm of Steel","floor":15,"key":"SMITH"}],"neow_cost":"NONE","seed_source_timestamp":1677256863389336,"circlet_count":0,"master_deck":["Defend_G","Defend_G","Defend_G","Defend_G","Defend_G","Strike_G","Strike_G","Strike_G","Strike_G","Strike_G","Survivor","Neutralize+1","Dodge and Roll","Footwork","Catalyst","Footwork","Poisoned Stab","Catalyst","Storm of Steel+1"],"relics":["Ring of the Snake","Snake Skull","Juzu Bracelet","Ninja Scroll","Pantograph","Tiny Chest"],"potions_floor_usage":[6,10,16,16],"damage_taken":[{"damage":2,"enemies":"Cultist","floor":1,"turns":4},{"damage":26,"enemies":"Gremlin Nob","floor":6,"turns":5},{"damage":3,"enemies":"Jaw Worm","floor":8,"turns":4},{"damage":20,"enemies":"Lagavulin","floor":10,"turns":8},{"damage":0,"enemies":"Small Slimes","floor":11,"turns":3},{"damage":5,"enemies":"Looter","floor":12,"turns":4},{"damage":1,"enemies":"Red Slaver","floor":14,"turns":3},{"damage":50,"enemies":"Hexaghost","floor":16,"turns":12}],"seed_played":"3233162668917888776","potions_obtained":[{"floor":1,"key":"Explosive Potion"},{"floor":6,"key":"AttackPotion"},{"floor":11,"key":"GamblersBrew"},{"floor":12,"key":"Swift Potion"}],"is_trial":false,"path_per_floor":["M","T","?","?","T","E","R","M","T","E","M","M","?","M","R","B"],"character_chosen":"THE_SILENT","items_purchased":[],"campfire_rested":1,"item_purchase_floors":[],"current_hp_per_floor":[68,68,61,66,66,40,62,59,59,39,39,34,23,22,22,0],"gold":350,"neow_bonus":"UPGRADE_CARD","is_prod":false,"is_daily":false,"chose_seed":false,"campfire_upgraded":1,"win_rate":0,"timestamp":1548737144,"path_taken":["M","?","?","?","?","E","R","M","T","E","M","M","?","M","R","BOSS"],"build_version":"2019-01-23","purchased_purges":0,"victory":false,"max_hp_per_floor":[70,70,70,75,75,75,75,75,75,75,75,75,75,75,75,75],"card_choices":[{"not_picked":["Masterful Stab","Slice"],"picked":"Dodge and Roll","floor":1},{"not_picked":["Flying Knee","Slice"],"picked":"Footwork","floor":6},{"not_picked":["Quick Slash","Slice"],"picked":"Catalyst","floor":8},{"not_picked":["Sucker Punch","Flechettes"],"picked":"Footwork","floor":10},{"not_picked":["Prepared","PiercingWail"],"picked":"Poisoned Stab","floor":11},{"not_picked":["Deflect","Sucker Punch"],"picked":"Catalyst","floor":12},{"not_picked":["Endless Agony","Acrobatics"],"picked":"Storm of Steel","floor":14}],"player_experience":1057879,"relics_obtained":[{"floor":2,"key":"Snake Skull"},{"floor":5,"key":"Ninja Scroll"},{"floor":6,"key":"Pantograph"},{"floor":10,"key":"Tiny Chest"}],"event_choices":[{"damage_healed":0,"gold_gain":0,"player_choice":"Success","damage_taken":7,"relics_obtained":["Juzu Bracelet"],"max_hp_gain":0,"max_hp_loss":0,"event_name":"Scrap Ooze","floor":3,"gold_loss":0},{"damage_healed":0,"gold_gain":0,"player_choice":"Donut","damage_taken":0,"max_hp_gain":5,"max_hp_loss":0,"event_name":"Big Fish","floor":4,"gold_loss":0},{"damage_healed":0,"gold_gain":75,"player_choice":"Gather Gold","damage_taken":11,"max_hp_gain":0,"max_hp_loss":0,"event_name":"World of Goop","floor":13,"gold_loss":0}],"is_beta":false,"boss_relics":[],"items_purged_floors":[],"is_endless":false,"potions_floor_spawned":[1,6,11,12],"killed_by":"Hexaghost","ascension_level":5}