{"gold_per_floor":[118,134,134,150,1,1,13,44,69,69,83,94,112,144,144,218,218,218,218,67,67,67,67,15,15,15,15,15,15,15,15,15,15],"floor_reached":33,"playtime":967,"items_purged":["Strike_R","Strike_R"],"score":562,"play_id":"814487de-9224-48a5-874f-5a0d311f0835","local_time":"20190927135646","is_ascension_mode":true,"campfire_choices":[{"data":"Demon Form","floor":6,"key":"SMITH"},{"floor":10,"key":"REST"},{"data":"Armaments","floor":15,"key":"SMITH"},{"floor":23,"key":"REST"},{"data":"Spot Weakness","floor":25,"key":"SMITH"},{"floor":32,"key":"REST"}],"neow_cost":"NONE","seed_source_timestamp":912839294804500,"circlet_count":0,"master_deck":["AscendersBane","Strike_R","Strike_R","Defend_R+1","Defend_R","Defend_R","Defend_R","Bash","Evolve","Second Wind","Demon Form+1","Anger","Spot Weakness+1","Shrug It Off","Sword Boomerang","Wild Strike","Armaments+1","Double Tap","Impervious","Shockwave+1","Combust","Sword Boomerang","Sword Boomerang","Shrug It Off+1","Flame Barrier+1","Immolate","Heavy Blade"],"relics":["Burning Blood","Toy Ornithopter","Red Skull","Art of War","Potion Belt","Ectoplasm","War Paint","Juzu Bracelet"],"potions_floor_usage":[8,14,16,27,33,33,33],"damage_taken":[{"damage":7,"enemies":"2 Louse","floor":1,"turns":3},{"damage":1,"enemies":"Cultist","floor":2,"turns":3},{"damage":14,"enemies":"Jaw Worm","floor":4,"turns":5},{"damage":16,"enemies":"Blue Slaver","floor":7,"turns":4},{"damage":29,"enemies":"Gremlin Nob","floor":8,"turns":4},{"damage":0,"enemies":"2 Fungi Beasts","floor":11,"turns":4},{"damage":9,"enemies":"Red Slaver","floor":12,"turns":5},{"damage":12,"enemies":"Exordium Thugs","floor":13,"turns":5},{"damage":23,"enemies":"Lagavulin","floor":14,"turns":7},{"damage":43,"enemies":"The Guardian","floor":16,"turns":10},{"damage":8,"enemies":"Chosen","floor":18,"turns":5},{"damage":13,"enemies":"Spheric Guardian","floor":21,"turns":4},{"damage":18,"enemies":"Centurion and Healer","floor":22,"turns":4},{"damage":12,"enemies":"Gremlin Leader","floor":27,"turns":7},{"damage":41,"enemies":"3 Cultists","floor":28,"turns":5},{"damage":6,"enemies":"Sentry and Sphere","floor":30,"turns":4},{"damage":6,"enemies":"Snecko","floor":31,"turns":5},{"damage":68,"enemies":"Collector","floor":33,"turns":6}],"seed_played":"667292306819155795","potions_obtained":[{"floor":1,"key":"Strength Potion"},{"floor":2,"key":"Weak Potion"},{"floor":13,"key":"Block Potion"},{"floor":14,"key":"EssenceOfSteel"},{"floor":18,"key":"LiquidBronze"},{"floor":22,"key":"DuplicationPotion"},{"floor":30,"key":"Fire Potion"}],"is_trial":false,"path_per_floor":["M","M","?","M","$","R","M","E","T","R","M","M","M","E","R","B",null,"M","?","$","M","M","R","$","R","T","E","M","?","M","M","R","B"],"character_chosen":"IRONCLAD","items_purchased":["Spot Weakness","Sword Boomerang","Shrug It Off"],"campfire_rested":3,"item_purchase_floors":[5,20,24],"current_hp_per_floor":[67,72,72,64,64,64,54,36,36,58,64,61,55,43,43,11,59,57,57,57,50,38,60,60,60,60,59,24,24,24,24,46,0],"gold":15,"neow_bonus":"RANDOM_COMMON_RELIC","is_prod":false,"is_daily":false,"chose_seed":false,"campfire_upgraded":3,"win_rate":0,"timestamp":1569617806,"path_taken":["M","M","?","?","$","R","M","E","T","R","M","M","?","E","R","BOSS","M","?","$","?","M","R","$","R","T","E","M","?","M","M","R","BOSS"],"build_version":"2019-09-26","purchased_purges":2,"victory":false,"max_hp_per_floor":[75,75,75,75,75,75,75,75,75,75,75,75,75,75,75,75,75,75,75,75,75,75,75,75,75,75,75,75,75,75,75,75,75],"card_choices":[{"not_picked":["Rampage","Warcry"],"picked":"Evolve","floor":1},{"not_picked":["Pommel Strike","Rupture"],"picked":"Second Wind","floor":2},{"not_picked":["Flex","Dual Wield"],"picked":"Anger","floor":4},{"not_picked":["Infernal Blade","Anger","Body Slam"],"picked":"SKIP","floor":7},{"not_picked":["Hemokinesis","Brutality"],"picked":"Shrug It Off","floor":8},{"not_picked":["Cleave","Body Slam"],"picked":"Sword Boomerang","floor":11},{"not_picked":["True Grit","Iron Wave"],"picked":"Wild Strike","floor":12},{"not_picked":["Sword Boomerang","Flame Barrier"],"picked":"Armaments","floor":13},{"not_picked":["Thunderclap","Rage"],"picked":"Double Tap","floor":14},{"not_picked":["Feed","Dark Embrace"],"picked":"Impervious","floor":16},{"not_picked":["Shrug It Off","True Grit"],"picked":"Shockwave+1","floor":18},{"not_picked":["Havoc","Burning Pact+1"],"picked":"Sword Boomerang","floor":21},{"not_picked":["Clash","Thunderclap","Perfected Strike"],"picked":"SKIP","floor":22},{"not_picked":["Corruption","Fire Breathing"],"picked":"Flame Barrier+1","floor":27},{"not_picked":["Flex+1","Pommel Strike"],"picked":"Immolate","floor":28},{"not_picked":["Reckless Charge","Entrench"],"picked":"Heavy Blade","floor":30},{"not_picked":["Carnage","Corruption","Flex"],"picked":"SKIP","floor":31}],"player_experience":1065427,"relics_obtained":[{"floor":8,"key":"Red Skull"},{"floor":9,"key":"Art of War"},{"floor":14,"key":"Potion Belt"},{"floor":26,"key":"War Paint"},{"floor":27,"key":"Juzu Bracelet"}],"event_choices":[{"damage_healed":0,"gold_gain":0,"player_choice":"1 cards matched","damage_taken":0,"max_hp_gain":0,"max_hp_loss":0,"event_name":"Match and Keep!","floor":3,"gold_loss":0,"cards_obtained":["Demon Form"]},{"damage_healed":0,"gold_gain":0,"cards_transformed":["Strike_R"],"player_choice":"Transformed","damage_taken":0,"max_hp_gain":0,"max_hp_loss":0,"event_name":"Transmorgrifier","floor":19,"gold_loss":0,"cards_obtained":["Combust"]}],"is_beta":true,"boss_relics":[{"not_picked":["Runic Pyramid","Astrolabe"],"picked":"Ectoplasm"}],"items_purged_floors":[5,20],"is_endless":false,"potions_floor_spawned":[1,2,7,13,14,18,22,30],"killed_by":"Collector","ascension_level":20}