{"gold_per_floor":[216,227,241,257,32,32,58,58,58,58,70,81,115,127,127,229,229,246,263,290,290,302,330,330,357,381,381,401,435,7,7,7,108,108,128,142,142,72,36,36,136,136,136,154,154,83,100,119,119,119],"floor_reached":51,"playtime":3952,"items_purged":["Strike_G"],"score":959,"play_id":"a84f4f41-a25b-4fe9-94e0-5cbc11f61e48","local_time":"20190928123949","is_ascension_mode":true,"campfire_choices":[{"data":"Slice","floor":6,"key":"SMITH"},{"floor":10,"key":"REST"},{"floor":15,"key":"REST"},{"floor":24,"key":"REST"},{"floor":32,"key":"REST"},{"data":"Strike_G","floor":40,"key":"PURGE"},{"data":"Strike_G","floor":42,"key":"PURGE"},{"data":"Strike_G","floor":45,"key":"PURGE"},{"floor":49,"key":"REST"}],"neow_cost":"NONE","seed_source_timestamp":1371161981050500,"circlet_count":0,"master_deck":["Strike_G","Defend_G+1","Defend_G","Defend_G","Defend_G","Defend_G","Survivor","Neutralize","Slice+1","Flying Knee","Predator","Endless Agony","Adrenaline","Quick Slash","Footwork","Dash","Backflip+1","Bullet Time","Deflect","Well Laid Plans+1","Backstab","Backstab","Predator","After Image","Flechettes","Blur","Panache","Adrenaline","Dodge and Roll+1","Riddle With Holes+1","Bullet Time","Finisher","Terror+1","Clumsy","Acrobatics","Blur","Sucker Punch+1"],"relics":["Ring of the Snake","Boot","Peace Pipe","Thread and Needle","Torii","White Beast Statue","Red Mask","Bag of Marbles","Blood Vial","Tingsha","War Paint","Shuriken","Bottled Tornado","Cursed Key","Nunchaku","Bottled Lightning"],"potions_floor_usage":[4,12,12,16,18,20,22,23,23,25,28,29,33,44,44,50,50,50],"damage_taken":[{"damage":1,"enemies":"Cultist","floor":1,"turns":4},{"damage":4,"enemies":"2 Louse","floor":2,"turns":4},{"damage":0,"enemies":"Small Slimes","floor":3,"turns":3},{"damage":3,"enemies":"Exordium Wildlife","floor":4,"turns":6},{"damage":29,"enemies":"Lagavulin","floor":7,"turns":6},{"damage":0,"enemies":"3 Louse","floor":11,"turns":2},{"damage":0,"enemies":"Gremlin Gang","floor":12,"turns":4},{"damage":0,"enemies":"3 Sentries","floor":13,"turns":7},{"damage":7,"enemies":"Exordium Thugs","floor":14,"turns":4},{"damage":29,"enemies":"Hexaghost","floor":16,"turns":13},{"damage":12,"enemies":"Spheric Guardian","floor":18,"turns":4},{"damage":0,"enemies":"3 Byrds","floor":19,"turns":5},{"damage":0,"enemies":"Masked Bandits","floor":20,"turns":2},{"damage":1,"enemies":"3 Cultists","floor":22,"turns":7},{"damage":10,"enemies":"Book of Stabbing","floor":23,"turns":5},{"damage":13,"enemies":"Gremlin Leader","floor":25,"turns":10},{"damage":1,"enemies":"Snake Plant","floor":28,"turns":4},{"damage":11,"enemies":"Book of Stabbing","floor":29,"turns":6},{"damage":23,"enemies":"Collector","floor":33,"turns":12},{"damage":0,"enemies":"Orb Walker","floor":35,"turns":3},{"damage":12,"enemies":"3 Shapes","floor":36,"turns":5},{"damage":1,"enemies":"Mind Bloom Boss Battle","floor":41,"turns":5},{"damage":2,"enemies":"Sphere and 2 Shapes","floor":44,"turns":5},{"damage":0,"enemies":"4 Shapes","floor":47,"turns":5},{"damage":0,"enemies":"3 Darklings","floor":48,"turns":6},{"damage":52,"enemies":"Awakened One","floor":50,"turns":11}],"seed_played":"-5650771318501717331","potions_obtained":[{"floor":2,"key":"SteroidPotion"},{"floor":7,"key":"SpeedPotion"},{"floor":11,"key":"Poison Potion"},{"floor":12,"key":"GhostInAJar"},{"floor":16,"key":"Poison Potion"},{"floor":18,"key":"GhostInAJar"},{"floor":19,"key":"SkillPotion"},{"floor":20,"key":"GamblersBrew"},{"floor":22,"key":"FearPotion"},{"floor":23,"key":"LiquidBronze"},{"floor":25,"key":"PowerPotion"},{"floor":28,"key":"PowerPotion"},{"floor":29,"key":"Energy Potion"},{"floor":33,"key":"FairyPotion"},{"floor":35,"key":"Dexterity Potion"},{"floor":36,"key":"EssenceOfSteel"},{"floor":37,"key":"PowerPotion"},{"floor":44,"key":"Fruit Juice"},{"floor":47,"key":"SteroidPotion"}],"is_trial":false,"path_per_floor":["M","M","M","M","$","R","E","?","T","R","M","M","E","M","R","B",null,"M","M","?","?","M","E","R","E","T","?","M","E","$","?","R","B",null,"M","M","?","$","$","R","?","R","T","M","R","$","M","M","R","B",null],"character_chosen":"THE_SILENT","items_purchased":["Boot","Bottled Tornado","Panache","Bullet Time","Finisher","Blur"],"campfire_rested":5,"item_purchase_floors":[5,30,30,38,39,46],"current_hp_per_floor":[62,58,58,55,55,55,26,26,26,47,47,47,47,40,61,32,61,49,49,49,49,48,38,59,48,48,48,49,40,40,40,61,40,63,65,55,55,55,55,55,56,56,56,61,61,61,63,65,75,23],"gold":119,"neow_bonus":"HUNDRED_GOLD","is_prod":false,"is_daily":false,"chose_seed":false,"campfire_upgraded":1,"win_rate":0,"timestamp":1569688789,"path_taken":["M","M","M","?","$","R","E","?","T","R","M","M","E","M","R","BOSS","M","M","?","?","M","E","R","E","T","?","?","E","$","?","R","BOSS","M","M","?","?","$","R","?","R","T","?","R","$","M","M","R","BOSS"],"build_version":"2019-07-17","purchased_purges":1,"victory":true,"max_hp_per_floor":[70,70,70,70,70,70,70,70,70,70,70,70,70,70,70,70,70,70,70,70,70,70,70,70,70,70,70,70,70,70,70,70,70,70,70,70,70,70,70,70,70,70,70,75,75,75,75,75,75,75],"card_choices":[{"not_picked":["PiercingWail","Dodge and Roll"],"picked":"Slice","floor":1},{"not_picked":["Underhanded Strike","Dagger Spray"],"picked":"Flying Knee","floor":2},{"not_picked":["Dagger Throw","Phantasmal Killer"],"picked":"Predator","floor":3},{"not_picked":["Deflect","Bane"],"picked":"Endless Agony","floor":4},{"not_picked":["Finisher","PiercingWail"],"picked":"Adrenaline","floor":7},{"not_picked":["Deflect","Predator"],"picked":"Quick Slash","floor":11},{"not_picked":["Cloak And Dagger","Prepared"],"picked":"Footwork","floor":12},{"not_picked":["Blur","Bouncing Flask"],"picked":"Dash","floor":13},{"not_picked":["Flying Knee","Poisoned Stab"],"picked":"Backflip","floor":14},{"not_picked":["Tools of the Trade","Envenom"],"picked":"Bullet Time","floor":16},{"not_picked":["Backflip","Bane"],"picked":"Deflect","floor":18},{"not_picked":["Backflip+1","Acrobatics"],"picked":"Well Laid Plans+1","floor":19},{"not_picked":["Burst","Sucker Punch+1"],"picked":"Backstab","floor":20},{"not_picked":["Blade Dance","Bane+1"],"picked":"Backstab","floor":22},{"not_picked":["Cloak And Dagger+1","Underhanded Strike"],"picked":"Predator","floor":23},{"not_picked":["Underhanded Strike","Eviscerate"],"picked":"After Image","floor":25},{"not_picked":["Bouncing Flask","Flying Knee"],"picked":"Flechettes","floor":28},{"not_picked":["Endless Agony+1","Tactician"],"picked":"Blur","floor":29},{"not_picked":["Night Terror","Wraith Form v2"],"picked":"Adrenaline","floor":33},{"not_picked":["Deadly Poison+1","Blade Dance"],"picked":"Dodge and Roll+1","floor":35},{"not_picked":["Quick Slash","Cloak And Dagger"],"picked":"Riddle With Holes+1","floor":36},{"not_picked":["Calculated Gamble+1","Poisoned Stab"],"picked":"Terror+1","floor":41},{"not_picked":["Blade Dance","PiercingWail+1"],"picked":"Acrobatics","floor":44},{"not_picked":["Dagger Throw","Catalyst"],"picked":"Sucker Punch+1","floor":47},{"not_picked":["Prepared+1","Underhanded Strike","Deadly Poison"],"picked":"SKIP","floor":48}],"player_experience":169683,"relics_obtained":[{"floor":7,"key":"Peace Pipe"},{"floor":9,"key":"Thread and Needle"},{"floor":13,"key":"Torii"},{"floor":20,"key":"Red Mask"},{"floor":23,"key":"Blood Vial"},{"floor":25,"key":"Tingsha"},{"floor":26,"key":"War Paint"},{"floor":29,"key":"Shuriken"},{"floor":41,"key":"Nunchaku"},{"floor":43,"key":"Bottled Lightning"}],"event_choices":[{"damage_healed":0,"gold_gain":0,"player_choice":"Ignored","damage_taken":0,"max_hp_gain":0,"max_hp_loss":0,"event_name":"Liars Game","floor":8,"gold_loss":0},{"damage_healed":0,"gold_gain":0,"player_choice":"Fought Bandits","damage_taken":0,"max_hp_gain":0,"max_hp_loss":0,"event_name":"Masked Bandits","floor":20,"gold_loss":0},{"damage_healed":0,"gold_gain":0,"player_choice":"Opened","damage_taken":0,"relics_obtained":["Bag of Marbles"],"max_hp_gain":0,"max_hp_loss":0,"event_name":"The Mausoleum","floor":21,"gold_loss":0,"cards_obtained":["Writhe"]},{"cards_removed":["Writhe"],"damage_healed":0,"gold_gain":0,"player_choice":"Purged","damage_taken":0,"max_hp_gain":0,"max_hp_loss":0,"event_name":"Purifier","floor":27,"gold_loss":0},{"damage_healed":0,"gold_gain":0,"player_choice":"Got Potions","damage_taken":0,"max_hp_gain":0,"max_hp_loss":0,"event_name":"Lab","floor":37,"gold_loss":0},{"damage_healed":0,"gold_gain":0,"player_choice":"Fight","damage_taken":0,"max_hp_gain":0,"max_hp_loss":0,"event_name":"MindBloom","floor":41,"gold_loss":0}],"is_beta":false,"boss_relics":[{"not_picked":["Empty Cage","Fusion Hammer"],"picked":"White Beast Statue"},{"not_picked":["HoveringKite","Sozu"],"picked":"Cursed Key"}],"items_purged_floors":[5],"is_endless":false,"potions_floor_spawned":[2,7,11,12,16,18,19,20,22,23,25,28,29,33,35,36,41,44,47,48],"ascension_level":7}