{"gold_per_floor":[113,132,146,164,76,76,111,180,480,480,507,507,522,126,126,200,200,200,100,100,15,15,15,15,15,15,15,15,15,15,15,15,15,15,15,15,15,15,15,15,15,15],"floor_reached":42,"playtime":2787,"items_purged":["Strike_R"],"score":861,"play_id":"e916170c-2758-4f83-b028-d3e8584c4781","local_time":"20190506143728","is_ascension_mode":true,"campfire_choices":[{"data":"Juggernaut","floor":6,"key":"SMITH"},{"floor":10,"key":"REST"},{"data":"Dark Embrace","floor":15,"key":"SMITH"},{"data":"Feel No Pain","floor":23,"key":"SMITH"},{"floor":30,"key":"REST"},{"data":"Juggernaut","floor":32,"key":"SMITH"},{"data":"Barricade","floor":40,"key":"SMITH"}],"neow_cost":"NONE","seed_source_timestamp":1260909181547819,"circlet_count":0,"master_deck":["AscendersBane","Strike_R","Strike_R","Strike_R","Strike_R","Defend_R","Defend_R","Defend_R","Defend_R","Bash","Dark Embrace+1","Anger","Clothesline","Juggernaut+1","True Grit","Feel No Pain+1","Feed","Armaments","Sentinel","Offering","True Grit","Havoc","Infernal Blade+1","True Grit","Burning Pact+1","Burning Pact","Juggernaut+1","Barricade+1","Shrug It Off+1","Madness","Madness","Dual Wield+1","Warcry+1","Burning Pact+1"],"relics":["Burning Blood","Sundial","Old Coin","Gambling Chip","StoneCalendar","Ectoplasm","Anchor","Shuriken","Lizard Tail"],"potions_floor_usage":[7,18,28,33,38,39,39,42],"damage_taken":[{"damage":4,"enemies":"Small Slimes","floor":1,"turns":4},{"damage":6,"enemies":"2 Louse","floor":2,"turns":3},{"damage":0,"enemies":"Cultist","floor":3,"turns":2},{"damage":8,"enemies":"Blue Slaver","floor":4,"turns":4},{"damage":56,"enemies":"Gremlin Nob","floor":7,"turns":6},{"damage":23,"enemies":"3 Sentries","floor":11,"turns":6},{"damage":1,"enemies":"2 Fungi Beasts","floor":13,"turns":4},{"damage":27,"enemies":"Slime Boss","floor":16,"turns":7},{"damage":6,"enemies":"Chosen","floor":18,"turns":4},{"damage":20,"enemies":"2 Thieves","floor":19,"turns":4},{"damage":39,"enemies":"Centurion and Healer","floor":20,"turns":7},{"damage":15,"enemies":"Snecko","floor":22,"turns":5},{"damage":6,"enemies":"Shelled Parasite and Fungi","floor":24,"turns":3},{"damage":11,"enemies":"Snake Plant","floor":25,"turns":4},{"damage":12,"enemies":"Sentry and Sphere","floor":27,"turns":4},{"damage":9,"enemies":"Shelled Parasite and Fungi","floor":28,"turns":6},{"damage":15,"enemies":"3 Cultists","floor":31,"turns":5},{"damage":26,"enemies":"Champ","floor":33,"turns":8},{"damage":21,"enemies":"Orb Walker","floor":35,"turns":4},{"damage":36,"enemies":"3 Darklings","floor":37,"turns":4},{"damage":17,"enemies":"Sphere and 2 Shapes","floor":38,"turns":7},{"damage":34,"enemies":"4 Shapes","floor":39,"turns":5},{"damage":19,"enemies":"Writhing Mass","floor":41,"turns":7},{"damage":40,"enemies":"Reptomancer","floor":42,"turns":2}],"seed_played":"-6639182908647792950","potions_obtained":[{"floor":1,"key":"BloodPotion"},{"floor":13,"key":"SteroidPotion"},{"floor":16,"key":"LiquidBronze"},{"floor":18,"key":"Ancient Potion"},{"floor":24,"key":"EssenceOfSteel"},{"floor":33,"key":"Regen Potion"},{"floor":37,"key":"Swift Potion"},{"floor":38,"key":"Explosive Potion"},{"floor":41,"key":"EntropicBrew"}],"is_trial":false,"path_per_floor":["M","M","M","M","$","R","E","?","T","R","E","?","M","$","R","B",null,"M","M","M","?","M","R","M","M","T","M","M","$","R","M","R","B",null,"M","?","M","M","M","R","M","E"],"character_chosen":"IRONCLAD","items_purchased":["Feel No Pain","StoneCalendar"],"campfire_rested":2,"item_purchase_floors":[5,14],"current_hp_per_floor":[70,70,75,73,73,73,30,30,30,52,38,38,43,43,43,25,67,70,60,27,27,18,18,21,16,16,14,14,14,43,34,34,14,77,62,44,17,9,48,48,35,0],"gold":15,"neow_bonus":"ONE_RANDOM_RARE_CARD","is_prod":false,"is_daily":false,"chose_seed":false,"campfire_upgraded":5,"win_rate":0,"timestamp":1557167848,"path_taken":["M","M","M","M","$","R","E","?","T","R","E","?","?","$","R","BOSS","M","M","M","?","M","R","M","M","T","M","M","$","R","M","R","BOSS","M","?","M","M","M","R","M","E"],"build_version":"2019-01-23","purchased_purges":1,"victory":false,"max_hp_per_floor":[75,75,75,75,75,75,75,75,75,75,78,78,78,78,78,81,81,84,88,88,88,88,88,91,91,91,95,98,98,98,98,98,98,98,98,98,101,104,104,104,104,104],"card_choices":[{"not_picked":["Fire Breathing","Wild Strike"],"picked":"Anger","floor":1},{"not_picked":["Cleave","Rampage"],"picked":"Clothesline","floor":2},{"not_picked":["True Grit","Havoc"],"picked":"Juggernaut","floor":3},{"not_picked":["Clothesline","Uppercut"],"picked":"True Grit","floor":4},{"not_picked":["Seeing Red","Inflame"],"picked":"Feed","floor":7},{"not_picked":["Fire Breathing","Flex"],"picked":"Armaments","floor":11},{"not_picked":["Flex","Iron Wave","Uppercut"],"picked":"SKIP","floor":13},{"not_picked":["Double Tap","Feed"],"picked":"Offering","floor":16},{"not_picked":["Clothesline","Headbutt"],"picked":"True Grit","floor":18},{"not_picked":["Armaments","Perfected Strike"],"picked":"Havoc","floor":19},{"not_picked":["Bloodletting","Armaments"],"picked":"Infernal Blade+1","floor":20},{"not_picked":["Heavy Blade","Flame Barrier"],"picked":"True Grit","floor":22},{"not_picked":["Cleave+1","Pommel Strike"],"picked":"Burning Pact+1","floor":24},{"not_picked":["Thunderclap","Reckless Charge"],"picked":"Burning Pact","floor":25},{"not_picked":["Armaments","Perfected Strike"],"picked":"Juggernaut","floor":27},{"not_picked":["Clash","Flex","Pommel Strike"],"picked":"SKIP","floor":28},{"not_picked":["Carnage","Clash+1","Sword Boomerang"],"picked":"SKIP","floor":31},{"not_picked":["Berserk","Offering"],"picked":"Barricade","floor":33},{"not_picked":["Twin Strike","Inflame"],"picked":"Shrug It Off+1","floor":35},{"not_picked":["Headbutt","Body Slam"],"picked":"Dual Wield+1","floor":37},{"not_picked":["Heavy Blade","Armaments"],"picked":"Warcry+1","floor":38},{"not_picked":["Iron Wave","Sword Boomerang+1","Bloodletting"],"picked":"SKIP","floor":39},{"not_picked":["Twin Strike+1","Clothesline"],"picked":"Burning Pact+1","floor":41}],"player_experience":825554,"relics_obtained":[{"floor":7,"key":"Sundial"},{"floor":9,"key":"Old Coin"},{"floor":11,"key":"Gambling Chip"},{"floor":26,"key":"Shuriken"}],"event_choices":[{"damage_healed":0,"gold_gain":69,"player_choice":"Gained Gold","damage_taken":0,"max_hp_gain":0,"max_hp_loss":0,"event_name":"Golden Wing","floor":8,"gold_loss":0},{"damage_healed":0,"gold_gain":0,"player_choice":"1 cards matched","damage_taken":0,"max_hp_gain":0,"max_hp_loss":0,"event_name":"Match and Keep!","floor":12,"gold_loss":0,"cards_obtained":["Sentinel"]},{"damage_healed":0,"gold_gain":0,"player_choice":"Obtained Relic","damage_taken":0,"relics_obtained":["Anchor"],"max_hp_gain":0,"max_hp_loss":0,"event_name":"Addict","floor":21,"gold_loss":85},{"damage_healed":0,"gold_gain":0,"player_choice":"Embrace Madness","damage_taken":18,"max_hp_gain":0,"max_hp_loss":0,"event_name":"Winding Halls","floor":36,"gold_loss":0,"cards_obtained":["Madness","Madness"]}],"is_beta":false,"boss_relics":[{"not_picked":["Philosopher\u0027s Stone","Velvet Choker"],"picked":"Ectoplasm"},{"not_picked":["Runic Dome","Sozu"],"picked":"Lizard Tail"}],"items_purged_floors":[14],"is_endless":false,"potions_floor_spawned":[1,13,16,18,19,24,33,37,38,41],"killed_by":"Reptomancer","ascension_level":20}