{"gold_per_floor":[109,109,42,51,51,51,77,77,77,77,87,87],"floor_reached":12,"playtime":140,"items_purged":[],"score":227,"play_id":"c0c554f3-6aa8-44f9-9923-36dc19870dbf","local_time":"20190927014743","is_ascension_mode":true,"campfire_choices":[{"data":"Eruption","floor":6,"key":"SMITH"},{"data":"Vigilance","floor":8,"key":"SMITH"},{"data":"Strike_P","floor":10,"key":"SMITH"}],"neow_cost":"NONE","seed_source_timestamp":338159917973600,"circlet_count":0,"master_deck":["Strike_P+1","Strike_P","Strike_P","Strike_P+1","Defend_P","Defend_P","Defend_P","Defend_P+1","Eruption+1","Vigilance+1","AscMod:ascendersbane"],"relics":["PureWater","NeowsBlessing","Bird Faced Urn","Meat on the Bone","Pantograph"],"potions_floor_usage":[],"damage_taken":[{"damage":0,"enemies":"Small Slimes","floor":1,"turns":1},{"damage":0,"enemies":"Cultist","floor":4,"turns":1},{"damage":0,"enemies":"Gremlin Nob","floor":7,"turns":1},{"damage":6,"enemies":"Jaw Worm","floor":11,"turns":6},{"damage":27,"enemies":"3 Sentries","floor":12,"turns":4}],"seed_played":"4607693621336293065","potions_obtained":[{"floor":11,"key":"FearPotion"}],"is_trial":false,"path_per_floor":["M","?","?","M","$","R","E","R","T","R","M","E"],"character_chosen":"WATCHER","items_purchased":[],"campfire_rested":0,"item_purchase_floors":[],"current_hp_per_floor":[55,37,37,37,37,37,37,37,37,37,31,4],"gold":87,"neow_bonus":"THREE_ENEMY_KILL","is_prod":false,"is_daily":false,"chose_seed":false,"campfire_upgraded":3,"win_rate":0,"timestamp":1569523663,"path_taken":["M","?","?","?","$","R","E","R","T","R","M","E"],"build_version":"2019-09-25","purchased_purges":0,"victory":false,"max_hp_per_floor":[61,61,61,61,61,61,61,61,61,61,61,61],"card_choices":[{"not_picked":["ThirdEye","Swivel","Weave"],"picked":"SKIP","floor":1},{"not_picked":["DeceiveReality","CutThroughFate","CarveReality"],"picked":"SKIP","floor":4},{"not_picked":["Swivel","MentalFortress","CutThroughFate"],"picked":"SKIP","floor":7},{"not_picked":["ClearTheMind","Sanctity","JustLucky"],"picked":"SKIP","floor":11}],"player_experience":1163238,"relics_obtained":[{"floor":7,"key":"Meat on the Bone"},{"floor":9,"key":"Pantograph"}],"event_choices":[{"damage_healed":0,"gold_gain":0,"player_choice":"Entered Light","damage_taken":18,"max_hp_gain":0,"max_hp_loss":0,"event_name":"Shining Light","floor":2,"gold_loss":0,"cards_upgraded":["Defend_P","Strike_P"]},{"damage_healed":0,"gold_gain":0,"player_choice":"Paid Gold","damage_taken":0,"relics_obtained":["Bird Faced Urn"],"max_hp_gain":0,"max_hp_loss":0,"event_name":"WeMeetAgain","floor":3,"gold_loss":67}],"is_beta":true,"boss_relics":[],"items_purged_floors":[],"is_endless":false,"potions_floor_spawned":[11],"killed_by":"3 Sentries","ascension_level":25}