{"gold_per_floor":[117,137,150,163,181,181,198,198,221,221,221,233,263,276,276,276],"floor_reached":16,"playtime":844,"items_purged":[],"score":212,"play_id":"96fe8945-b746-430a-9103-fa7e03a7a882","local_time":"20190501220238","is_ascension_mode":true,"campfire_choices":[{"data":"Clothesline","floor":6,"key":"SMITH"},{"data":"Corruption","floor":8,"key":"SMITH"},{"data":"Bash","floor":10,"key":"SMITH"},{"data":"Armaments","floor":15,"key":"SMITH"}],"neow_cost":"NONE","seed_source_timestamp":857555695286237,"circlet_count":0,"master_deck":["AscendersBane","Strike_R","Strike_R","Strike_R","Strike_R","Strike_R","Defend_R","Defend_R","Defend_R","Defend_R+1","Bash+1","Twin Strike","Clothesline+1","Armaments+1","Shockwave+1","Corruption+1","Headbutt","Battle Trance","Exhume"],"relics":["Burning Blood","Blood Vial","War Paint","Molten Egg 2"],"potions_floor_usage":[13,16],"damage_taken":[{"damage":9,"enemies":"2 Louse","floor":1,"turns":4},{"damage":6,"enemies":"Cultist","floor":2,"turns":3},{"damage":9,"enemies":"Jaw Worm","floor":3,"turns":4},{"damage":12,"enemies":"Blue Slaver","floor":4,"turns":5},{"damage":6,"enemies":"3 Louse","floor":5,"turns":4},{"damage":12,"enemies":"2 Fungi Beasts","floor":7,"turns":4},{"damage":0,"enemies":"Large Slime","floor":12,"turns":4},{"damage":25,"enemies":"3 Sentries","floor":13,"turns":7},{"damage":16,"enemies":"Lots of Slimes","floor":14,"turns":5},{"damage":48,"enemies":"Hexaghost","floor":16,"turns":11}],"seed_played":"3415106593957300352","potions_obtained":[{"floor":4,"key":"AttackPotion"},{"floor":5,"key":"SkillPotion"},{"floor":11,"key":"Block Potion"},{"floor":12,"key":"Fire Potion"}],"is_trial":false,"path_per_floor":["M","M","M","M","M","R","M","R","T","R","?","M","E","M","R","B"],"character_chosen":"IRONCLAD","items_purchased":[],"campfire_rested":0,"item_purchase_floors":[],"current_hp_per_floor":[67,69,68,64,66,66,62,62,62,62,62,70,53,45,45,0],"gold":276,"neow_bonus":"RANDOM_COMMON_RELIC","is_prod":false,"is_daily":false,"chose_seed":false,"campfire_upgraded":4,"win_rate":0,"timestamp":1556762558,"path_taken":["M","M","M","M","M","R","M","R","T","R","?","?","E","M","R","BOSS"],"build_version":"2019-01-23","purchased_purges":0,"victory":false,"max_hp_per_floor":[75,75,75,75,75,75,75,75,75,75,75,75,75,75,75,75],"card_choices":[{"not_picked":["Thunderclap","Seeing Red"],"picked":"Twin Strike","floor":1},{"not_picked":["Headbutt","Iron Wave"],"picked":"Clothesline","floor":2},{"not_picked":["Havoc","Heavy Blade"],"picked":"Armaments","floor":3},{"not_picked":["Burning Pact","Wild Strike"],"picked":"Shockwave","floor":4},{"not_picked":["Rupture","Hemokinesis"],"picked":"Corruption","floor":5},{"not_picked":["Pommel Strike","Dual Wield"],"picked":"Headbutt","floor":7},{"not_picked":["Perfected Strike","Thunderclap","Infernal Blade"],"picked":"SKIP","floor":12},{"not_picked":["Flex","Intimidate"],"picked":"Battle Trance","floor":13},{"not_picked":["Perfected Strike+1","Battle Trance"],"picked":"Exhume","floor":14}],"player_experience":812994,"relics_obtained":[{"floor":9,"key":"War Paint"},{"floor":13,"key":"Molten Egg 2"}],"event_choices":[{"damage_healed":0,"gold_gain":0,"player_choice":"Got Potions","damage_taken":0,"max_hp_gain":0,"max_hp_loss":0,"event_name":"Lab","floor":11,"gold_loss":0}],"is_beta":false,"boss_relics":[],"items_purged_floors":[],"is_endless":false,"potions_floor_spawned":[4,5,12],"killed_by":"Hexaghost","ascension_level":20}