{"gold_per_floor":[166,166,166,21,31,31,60,60,60,72,72,134,144,174,174,271,271,291,93,112,138,13,13,48,48,48,48,61,91,16,16,16,118,118,134,134,150,160,160,493,493,513,536,571,588,601,601,601],"floor_reached":48,"playtime":8979,"items_purged":["Strike_G","Strike_G","Strike_G"],"score":992,"play_id":"1795570f-b0fa-444b-8064-446e71c0b673","local_time":"20181011093731","is_ascension_mode":true,"campfire_choices":[{"data":"Noxious Fumes","floor":6.0,"key":"SMITH"},{"data":"Footwork","floor":8.0,"key":"SMITH"},{"data":"Leg Sweep","floor":11.0,"key":"SMITH"},{"data":"Glass Knife","floor":15.0,"key":"SMITH"},{"data":"Glass Knife","floor":23.0,"key":"SMITH"},{"data":"Infinite Blades","floor":25.0,"key":"SMITH"},{"data":"Infinite Blades","floor":27.0,"key":"SMITH"},{"floor":32,"key":"REST"},{"floor":41,"key":"REST"}],"neow_cost":"NONE","seed_source_timestamp":0,"circlet_count":0,"master_deck":["Defend_G","Defend_G","Defend_G+1","Defend_G","Strike_G+1","Survivor","Neutralize+1","AscendersBane","PiercingWail","Backflip","Infinite Blades+1","Noxious Fumes+1","Footwork+1","Leg Sweep+1","Infinite Blades+1","Glass Knife+1","Glass Knife+1","Slice+1","Well Laid Plans","Backflip","Backflip","Noxious Fumes+1","Dash+1","Backflip","Adrenaline","Accuracy+1","Endless Agony","Terror+1","After Image","Blur","Leg Sweep+1"],"special_seed":0,"relics":["Tiny House","Pantograph","Question Card","Kunai","Singing Bowl","Darkstone Periapt","Sozu","Red Mask","Regal Pillow","Shuriken","Strawberry","Matryoshka","Old Coin","Centennial Puzzle","Whetstone","Dodecahedron","GremlinMask"],"potions_floor_usage":[],"damage_taken":[{"damage":0.0,"enemies":"Small Slimes","floor":1.0,"turns":4.0},{"damage":0.0,"enemies":"Jaw Worm","floor":5.0,"turns":6.0},{"damage":9.0,"enemies":"3 Sentries","floor":7.0,"turns":7.0},{"damage":0.0,"enemies":"Cultist","floor":10.0,"turns":5.0},{"damage":3.0,"enemies":"3 Sentries","floor":12.0,"turns":8.0},{"damage":7.0,"enemies":"Gremlin Gang","floor":13.0,"turns":5.0},{"damage":0.0,"enemies":"Lagavulin","floor":14.0,"turns":7.0},{"damage":0.0,"enemies":"Slime Boss","floor":16.0,"turns":10.0},{"damage":0.0,"enemies":"Shell Parasite","floor":18.0,"turns":6.0},{"damage":13.0,"enemies":"3 Byrds","floor":20.0,"turns":6.0},{"damage":4.0,"enemies":"Masked Bandits","floor":21.0,"turns":7.0},{"damage":9.0,"enemies":"Book of Stabbing","floor":24.0,"turns":7.0},{"damage":3.0,"enemies":"3 Cultists","floor":28.0,"turns":5.0},{"damage":40.0,"enemies":"Gremlin Leader","floor":29.0,"turns":6.0},{"damage":13,"enemies":"Collector","floor":33,"turns":9},{"damage":15,"enemies":"3 Shapes","floor":35,"turns":5},{"damage":2,"enemies":"Orb Walker","floor":37,"turns":4},{"damage":12,"enemies":"Reptomancer","floor":38,"turns":6},{"damage":20,"enemies":"Nemesis","floor":40,"turns":7},{"damage":13,"enemies":"Spire Growth","floor":42,"turns":5},{"damage":33,"enemies":"2 Orb Walkers","floor":44,"turns":5},{"damage":0,"enemies":"Maw","floor":45,"turns":6},{"damage":3,"enemies":"4 Shapes","floor":46,"turns":7},{"damage":36,"enemies":"Reptomancer","floor":48,"turns":2}],"seed_played":"-8271433453703254800","potions_obtained":[{"floor":0.0,"key":"Fire Potion"},{"floor":5.0,"key":"EntropicBrew"},{"floor":7.0,"key":"Fire Potion"},{"floor":14.0,"key":"Dexterity Potion"},{"floor":16.0,"key":"Regen Potion"}],"is_trial":false,"path_per_floor":["M","?","?","$","M","R","E","R","T","M","R","?","M","E","R","B",null,"M","$","M","?","$","R","E","R","T","R","M","E","?","T","R","B",null,"M","$","M","M","?","E","R","M","T","E","M","M","?"],"character_chosen":"THE_SILENT","items_purchased":["Infinite Blades","Well Laid Plans","Backflip"],"campfire_rested":2,"item_purchase_floors":[4,19,19],"current_hp_per_floor":[68,68,68,68,68,68,59,59,59,59,59,58,51,51,51,76,77,77,77,64,60,60,60,66,66,66,66,65,32,32,32,72,73,83,68,68,66,54,54,36,77,66,66,33,33,30,30,0],"gold":601,"neow_bonus":"BOSS_RELIC","is_prod":false,"is_daily":false,"chose_seed":false,"campfire_upgraded":7,"win_rate":0,"timestamp":1539268651,"path_taken":["M","?","?","$","M","R","E","R","T","M","R","?","?","E","R","BOSS","M","$","M","?","$","R","E","R","T","R","M","E","?","?","R","BOSS","M","$","M","?","?","E","R","M","T","E","?","M","?","?"],"build_version":"2018-10-04v2","purchased_purges":3,"victory":false,"max_hp_per_floor":[75,75,75,75,75,75,75,75,75,75,75,77,77,77,77,77,77,77,77,77,77,77,77,77,77,77,77,79,86,86,86,86,86,86,86,86,86,86,86,88,88,90,90,90,90,90,90,90],"card_choices":[{"not_picked":["Reflex","Underhanded Strike"],"picked":"PiercingWail","floor":0.0},{"not_picked":["Prepared","Outmaneuver"],"picked":"Backflip","floor":1.0},{"not_picked":["Backflip","Expertise"],"picked":"Noxious Fumes","floor":5.0},{"not_picked":["Bouncing Flask","Backstab"],"picked":"Footwork","floor":7.0},{"not_picked":["Catalyst","Concentrate","Masterful Stab"],"picked":"Leg Sweep","floor":10.0},{"not_picked":["Flechettes","Escape Plan","Prepared","Dagger Throw"],"picked":"Singing Bowl","floor":12.0},{"not_picked":["Skewer","Reflex","Dagger Throw"],"picked":"Infinite Blades","floor":13.0},{"not_picked":["Footwork","Blade Dance","Underhanded Strike"],"picked":"Glass Knife","floor":14.0},{"not_picked":["Unload","Bullet Time","Tools of the Trade"],"picked":"Glass Knife","floor":16.0},{"not_picked":["Quick Slash+1","Skewer","Bane"],"picked":"Slice+1","floor":18.0},{"not_picked":["Underhanded Strike+1","Masterful Stab","PiercingWail"],"picked":"Backflip","floor":20.0},{"not_picked":["Slice+1","Poisoned Stab+1","Endless Agony+1"],"picked":"Noxious Fumes+1","floor":21.0},{"not_picked":["Poisoned Stab+1","Crippling Poison","Dagger Spray"],"picked":"Dash+1","floor":24.0},{"not_picked":["Expertise+1","Caltrops+1","Accuracy","Underhanded Strike"],"picked":"Singing Bowl","floor":28.0},{"not_picked":["Poisoned Stab+1","Distraction+1","Deadly Poison"],"picked":"Backflip","floor":29.0},{"not_picked":["Malaise","Envenom","Doppelganger"],"picked":"Adrenaline","floor":33},{"not_picked":["Deflect","Skewer","Flying Knee"],"picked":"Accuracy+1","floor":35},{"not_picked":["PiercingWail+1","Slice+1","Flying Knee+1"],"picked":"Endless Agony","floor":37},{"not_picked":["PiercingWail+1","Heel Hook+1","Bane+1"],"picked":"Terror+1","floor":38},{"not_picked":["Caltrops+1","Accuracy","Dagger Throw","Terror"],"picked":"Singing Bowl","floor":40},{"not_picked":["Prepared","Poisoned Stab+1","Dash","Flying Knee+1"],"picked":"Singing Bowl","floor":42},{"not_picked":["Unload","Outmaneuver","Underhanded Strike+1"],"picked":"After Image","floor":44},{"not_picked":["Skewer","Bane+1","Endless Agony+1"],"picked":"Blur","floor":45},{"not_picked":["Deflect+1","Catalyst","Poisoned Stab+1"],"picked":"Leg Sweep+1","floor":46}],"player_experience":754312,"relics_obtained":[{"floor":7.0,"key":"Question Card"},{"floor":9.0,"key":"Kunai"},{"floor":12.0,"key":"Singing Bowl"},{"floor":14.0,"key":"Darkstone Periapt"},{"floor":21.0,"key":"Red Mask"},{"floor":24.0,"key":"Regal Pillow"},{"floor":26.0,"key":"Shuriken"},{"floor":29.0,"key":"Strawberry"},{"floor":31,"key":"Matryoshka"},{"floor":40,"key":"Old Coin"},{"floor":43,"key":"Centennial Puzzle"},{"floor":43,"key":"Whetstone"},{"floor":44,"key":"Dodecahedron"}],"event_choices":[{"event_name":"Liars Game","player_choice":"disagreed","floor":2.0,"damage_taken":0.0},{"event_name":"WeMeetAgain","player_choice":"Potion","floor":3.0,"damage_taken":0.0},{"event_name":"Dead Adventurer","player_choice":"Searched \u00271\u0027 times","floor":12.0,"damage_taken":0.0},{"event_name":"Masked Bandits","player_choice":"Fought Bandits","floor":21.0,"damage_taken":0.0},{"event_name":"Beggar","player_choice":"Gave Gold","floor":30.0,"damage_taken":0.0},{"event_name":"Falling","player_choice":"Removed Attack","floor":39,"damage_taken":0},{"event_name":"FaceTrader","player_choice":"Trade","floor":47,"damage_taken":0}],"is_beta":false,"boss_relics":[{"not_picked":["Pandora\u0027s Box","Philosopher\u0027s Stone"],"picked":"Sozu"},{"not_picked":["Snecko Eye","White Beast Statue","Velvet Choker"]}],"items_purged_floors":[4,19,22],"is_endless":false,"potions_floor_spawned":[5,7,14,16,21,29,33,37,38,44],"killed_by":"Reptomancer","ascension_level":10}