{"gold_per_floor":[114,134,150,162,180,206,206,206,230,230,257,0,0,0,0,71,71,89,89,89,8,25,56,56,82,132,164,89,102,102,130,130,207,207,227,227,245,262,272,305,305,339,339,372,385,411,411,411,411,411,411,411,411,15,48,48],"floor_reached":57,"playtime":4455,"items_purged":["Strike_R+1"],"score":2962,"play_id":"bbde435d-0763-42f4-a4c4-197268efdb3f","local_time":"20190720171358","is_ascension_mode":true,"campfire_choices":[{"data":"Disarm","floor":7.0,"key":"SMITH"},{"data":"Spot Weakness","floor":10.0,"key":"SMITH"},{"data":"Hemokinesis","floor":13.0,"key":"SMITH"},{"data":"Clothesline","floor":15.0,"key":"SMITH"},{"floor":24.0,"key":"REST"},{"data":"True Grit","floor":30.0,"key":"SMITH"},{"data":"Bash","floor":32.0,"key":"SMITH"},{"data":"Demon Form","floor":41.0,"key":"SMITH"},{"floor":47,"key":"RECALL"},{"floor":49,"key":"REST"},{"floor":53,"key":"REST"}],"neow_cost":"NONE","seed_source_timestamp":585584286712545,"circlet_count":0,"master_deck":["AscendersBane","Strike_R+1","Defend_R+1","Defend_R+1","Defend_R+1","Defend_R+1","Bash+1","Entrench","Clothesline+1","Spot Weakness+1","Disarm+1","Offering","Shrug It Off","Hemokinesis+1","Immolate+1","Heavy Blade+1","True Grit+1","Battle Trance+1","Feed+1","Headbutt","Impervious+1","Impervious+1","Shrug It Off+1","Blood for Blood+1","Feel No Pain","Demon Form+1","Shrug It Off+1","Spot Weakness+1","Fiend Fire","Heavy Blade","Shockwave+1","Limit Break+1","Clothesline+1"],"special_seed":0,"relics":["Burning Blood","Self Forming Clay","Ancient Tea Set","Centennial Puzzle","ClockworkSouvenir","Snecko Eye","Anchor","Toxic Egg 2","Whetstone","Boot","PreservedInsect","Orrery","Omamori","Orichalcum","Regal Pillow","Mercury Hourglass","Strawberry","Pen Nib"],"potions_floor_usage":[51,56,56],"damage_taken":[{"damage":14.0,"enemies":"Jaw Worm","floor":1.0,"turns":5.0},{"damage":3.0,"enemies":"Cultist","floor":2.0,"turns":4.0},{"damage":3.0,"enemies":"2 Louse","floor":3.0,"turns":3.0},{"damage":6.0,"enemies":"Exordium Wildlife","floor":4.0,"turns":3.0},{"damage":10.0,"enemies":"Blue Slaver","floor":5.0,"turns":5.0},{"damage":45.0,"enemies":"3 Sentries","floor":6.0,"turns":9.0},{"damage":6.0,"enemies":"Gremlin Nob","floor":11.0,"turns":3.0},{"damage":14.0,"enemies":"The Guardian","floor":16.0,"turns":11.0},{"damage":8.0,"enemies":"3 Byrds","floor":18.0,"turns":4.0},{"damage":4.0,"enemies":"2 Thieves","floor":22.0,"turns":3.0},{"damage":35.0,"enemies":"Slavers","floor":23.0,"turns":5.0},{"damage":16.0,"enemies":"Book of Stabbing","floor":25.0,"turns":4.0},{"damage":22.0,"enemies":"Gremlin Leader","floor":27.0,"turns":5.0},{"damage":7.0,"enemies":"Shelled Parasite and Fungi","floor":29.0,"turns":5.0},{"damage":8.0,"enemies":"Slavers","floor":31.0,"turns":7.0},{"damage":39.0,"enemies":"Champ","floor":33.0,"turns":13.0},{"damage":0.0,"enemies":"3 Shapes","floor":35.0,"turns":10.0},{"damage":6.0,"enemies":"Orb Walker","floor":37.0,"turns":3.0},{"damage":6.0,"enemies":"Writhing Mass","floor":38.0,"turns":9.0},{"damage":8.0,"enemies":"Transient","floor":39.0,"turns":6.0},{"damage":8.0,"enemies":"Reptomancer","floor":40.0,"turns":3.0},{"damage":30.0,"enemies":"Giant Head","floor":42.0,"turns":9.0},{"damage":3,"enemies":"Nemesis","floor":44,"turns":5},{"damage":18,"enemies":"Spire Growth","floor":45,"turns":7},{"damage":21,"enemies":"Reptomancer","floor":46,"turns":4},{"damage":55,"enemies":"Time Eater","floor":50,"turns":10},{"damage":32,"enemies":"Awakened One","floor":51,"turns":9},{"damage":10,"enemies":"Shield and Spear","floor":55,"turns":5},{"damage":40,"enemies":"The Heart","floor":56,"turns":8}],"seed_played":"1155779280332931186","potions_obtained":[{"floor":1.0,"key":"Block Potion"},{"floor":2.0,"key":"AttackPotion"},{"floor":3.0,"key":"Explosive Potion"},{"floor":5.0,"key":"Fire Potion"},{"floor":8.0,"key":"BloodPotion"},{"floor":23.0,"key":"EssenceOfSteel"},{"floor":25.0,"key":"Regen Potion"},{"floor":29.0,"key":"Block Potion"},{"floor":37.0,"key":"Regen Potion"},{"floor":39.0,"key":"PowerPotion"},{"floor":42.0,"key":"PowerPotion"}],"is_trial":false,"path_per_floor":["M","M","M","M","M","E","R","?","T","R","E","$","R","$","R","B",null,"M","?","?","$","M","E","R","E","T","E","?","M","R","E","R","B",null,"M","?","M","M","M","E","R","E","T","E","M","E","R","?","R","B","B",null,"R","$","E","B",null],"character_chosen":"IRONCLAD","items_purchased":["ClockworkSouvenir","Hemokinesis","Explosive Potion","True Grit","Limit Break+1","LiquidBronze","Strawberry"],"campfire_rested":3,"item_purchase_floors":[12,12,21,21,54,54,54],"current_hp_per_floor":[60,63,66,66,62,23,23,23,23,23,23,23,23,23,23,15,60,58,37,37,37,39,30,54,44,44,41,41,44,44,46,46,13,72,82,82,82,86,84,82,82,58,58,61,53,42,42,42,89,40,18,89,112,119,115,81],"gold":48,"neow_bonus":"TRANSFORM_CARD","is_prod":false,"is_daily":false,"chose_seed":false,"campfire_upgraded":7,"win_rate":0,"timestamp":1563657238,"path_taken":["M","M","M","M","M","E","R","?","T","R","E","$","R","?","R","BOSS","M","?","?","$","?","E","R","E","T","E","?","M","R","E","R","BOSS","M","?","M","M","M","E","R","E","T","E","?","E","R","?","R","BOSS","BOSS","R","$","E","BOSS"],"build_version":"2019-07-17","purchased_purges":1,"victory":true,"max_hp_per_floor":[75,75,75,75,75,75,75,75,75,75,75,75,75,75,75,75,75,75,80,80,80,80,80,80,80,80,84,84,88,88,92,92,92,92,96,96,96,100,100,100,100,100,100,100,104,108,108,108,108,108,112,112,112,119,119,119],"card_choices":[{"not_picked":["Pummel","Fire Breathing"],"picked":"Clothesline","floor":1.0},{"not_picked":["Flex","Entrench"],"picked":"Spot Weakness","floor":2.0},{"not_picked":["Clothesline","Twin Strike"],"picked":"Headbutt","floor":3.0},{"not_picked":["Thunderclap","Clash","Perfected Strike"],"picked":"SKIP","floor":4.0},{"not_picked":["Pommel Strike","Metallicize"],"picked":"Disarm","floor":5.0},{"not_picked":["Shockwave","Rage"],"picked":"Offering","floor":6.0},{"not_picked":["Shockwave","Second Wind"],"picked":"Shrug It Off","floor":11.0},{"not_picked":["Double Tap","Barricade"],"picked":"Immolate","floor":16.0},{"not_picked":["Burning Pact","Metallicize"],"picked":"Heavy Blade+1","floor":18.0},{"not_picked":["Iron Wave","Perfected Strike"],"picked":"Battle Trance+1","floor":22.0},{"not_picked":["Wild Strike","Havoc","Sword Boomerang"],"picked":"SKIP","floor":23.0},{"not_picked":["Combust","Sword Boomerang"],"picked":"Feed","floor":25.0},{"not_picked":["Whirlwind","Anger","Clothesline"],"picked":"SKIP","floor":27.0},{"not_picked":["Perfected Strike","Pommel Strike"],"picked":"Headbutt","floor":29.0},{"not_picked":["Sever Soul","Headbutt"],"picked":"Impervious+1","floor":31.0},{"not_picked":["Feed","Limit Break+1"],"picked":"Impervious+1","floor":33.0},{"not_picked":["Whirlwind","Inflame"],"picked":"Shrug It Off+1","floor":34.0},{"not_picked":["Warcry+1","Havoc+1"],"picked":"Blood for Blood+1","floor":34.0},{"not_picked":["Heavy Blade","Clash"],"picked":"Feel No Pain","floor":34.0},{"not_picked":["Clothesline","Armaments+1","Ghostly Armor+1"],"picked":"SKIP","floor":35.0},{"not_picked":["Shrug It Off+1","Thunderclap+1"],"picked":"Demon Form","floor":37.0},{"not_picked":["Headbutt","Armaments+1"],"picked":"Shrug It Off+1","floor":38.0},{"not_picked":["Perfected Strike","Intimidate+1","Havoc+1"],"picked":"SKIP","floor":39.0},{"not_picked":["Rupture","Cleave","Warcry+1"],"picked":"SKIP","floor":40.0},{"not_picked":["Bloodletting+1","Cleave"],"picked":"Spot Weakness+1","floor":42.0},{"not_picked":["Carnage","Perfected Strike"],"picked":"Fiend Fire","floor":44},{"not_picked":["Headbutt","Cleave"],"picked":"Heavy Blade","floor":45},{"not_picked":["Cleave+1","Pommel Strike"],"picked":"Shockwave+1","floor":46},{"not_picked":["Thunderclap","Anger+1"],"picked":"Clothesline+1","floor":55}],"player_experience":966260,"relics_obtained":[{"floor":6.0,"key":"Self Forming Clay"},{"floor":9.0,"key":"Ancient Tea Set"},{"floor":11.0,"key":"Centennial Puzzle"},{"floor":23.0,"key":"Anchor"},{"floor":25.0,"key":"Toxic Egg 2"},{"floor":26.0,"key":"Whetstone"},{"floor":27.0,"key":"Boot"},{"floor":31.0,"key":"PreservedInsect"},{"floor":40.0,"key":"Omamori"},{"floor":42.0,"key":"Orichalcum"},{"floor":44,"key":"Regal Pillow"},{"floor":46,"key":"Mercury Hourglass"},{"floor":55,"key":"Pen Nib"}],"event_choices":[{"damage_healed":0.0,"max_hp_gain":0.0,"max_hp_loss":0.0,"gold_gain":0.0,"event_name":"Lab","player_choice":"Got Potions","floor":8.0,"gold_loss":0.0,"damage_taken":0.0},{"damage_healed":0.0,"max_hp_gain":5.0,"max_hp_loss":0.0,"gold_gain":0.0,"event_name":"Forgotten Altar","player_choice":"Shed Blood","floor":19.0,"gold_loss":0.0,"damage_taken":26.0},{"damage_healed":0.0,"max_hp_gain":0.0,"max_hp_loss":0.0,"gold_gain":0.0,"event_name":"Back to Basics","player_choice":"Simplicity","floor":20.0,"gold_loss":0.0,"damage_taken":0.0,"cards_upgraded":["Strike_R","Strike_R","Strike_R","Strike_R","Defend_R","Defend_R","Defend_R","Defend_R"]},{"cards_removed":["Strike_R"],"damage_healed":0.0,"max_hp_gain":0.0,"max_hp_loss":0.0,"gold_gain":0.0,"event_name":"Beggar","player_choice":"Gave Gold","floor":28.0,"gold_loss":75.0,"damage_taken":0.0},{"cards_removed":["Strike_R"],"damage_healed":0.0,"max_hp_gain":0.0,"max_hp_loss":0.0,"gold_gain":0.0,"event_name":"Purifier","player_choice":"Purged","floor":36.0,"gold_loss":0.0,"damage_taken":0.0},{"cards_removed":["Headbutt"],"damage_healed":0,"gold_gain":0,"player_choice":"Removed Attack","damage_taken":0,"max_hp_gain":0,"max_hp_loss":0,"event_name":"Falling","floor":48,"gold_loss":0}],"is_beta":false,"boss_relics":[{"not_picked":["Calling Bell","Sozu"],"picked":"Snecko Eye"},{"not_picked":["Runic Cube","Eternal Feather"],"picked":"Orrery"}],"items_purged_floors":[54],"is_endless":false,"potions_floor_spawned":[1,2,3,5,23,25,29,31,37,39,42,45,46],"ascension_level":20}