{"gold_per_floor":[110,110,110,110,124,164,164,202,247,266,266,281,281,316,316,412,412,386,386,566,582,497,497,497],"floor_reached":24,"playtime":1221,"items_purged":[],"score":524,"play_id":"d0fc4a4a-882a-4f9f-9d53-73d4037cbffa","local_time":"20190403164124","is_ascension_mode":true,"campfire_choices":[{"data":"Bash","floor":7,"key":"SMITH"},{"data":"Metallicize","floor":11,"key":"SMITH"},{"floor":13,"key":"REST"},{"data":"Rampage","floor":15,"key":"SMITH"},{"floor":23,"key":"REST"}],"neow_cost":"NONE","seed_source_timestamp":501049729916685,"circlet_count":0,"master_deck":["AscendersBane","Strike_R","Strike_R","Strike_R+1","Defend_R","Defend_R","Defend_R","Defend_R","Bash+1","Carnage+1","Rampage+1","Armaments","Metallicize+1","Feel No Pain","Metallicize","Shrug It Off","Flame Barrier","Exhume","Feed","Feel No Pain","Headbutt","Sever Soul"],"relics":["Burning Blood","NeowsBlessing","Golden Idol","Whetstone","Blood Vial","Dream Catcher","Dead Branch","Cursed Key","Magic Flower"],"potions_floor_usage":[16,24],"damage_taken":[{"damage":0,"enemies":"Jaw Worm","floor":1,"turns":1},{"damage":0,"enemies":"Small Slimes","floor":5,"turns":1},{"damage":0,"enemies":"3 Sentries","floor":6,"turns":2},{"damage":28,"enemies":"Lagavulin","floor":8,"turns":6},{"damage":0,"enemies":"Cultist","floor":10,"turns":2},{"damage":5,"enemies":"2 Fungi Beasts","floor":12,"turns":4},{"damage":0,"enemies":"3 Sentries","floor":14,"turns":23},{"damage":39,"enemies":"Slime Boss","floor":16,"turns":9},{"damage":14,"enemies":"2 Thieves","floor":18,"turns":4},{"damage":29,"enemies":"Colosseum Slavers","floor":19,"turns":8},{"damage":3,"enemies":"Chosen","floor":21,"turns":8},{"damage":63,"enemies":"Gremlin Leader","floor":24,"turns":6}],"seed_played":"-870732893377888744","potions_obtained":[{"floor":1,"key":"SmokeBomb"},{"floor":8,"key":"Dexterity Potion"},{"floor":12,"key":"Weak Potion"},{"floor":16,"key":"LiquidBronze"},{"floor":21,"key":"FearPotion"}],"is_trial":false,"path_per_floor":["M","?","?","?","M","E","R","E","T","M","R","M","R","E","R","B",null,"M","?","?","M","?","R","E"],"character_chosen":"IRONCLAD","items_purchased":[],"campfire_rested":2,"item_purchase_floors":[],"current_hp_per_floor":[74,48,41,41,47,53,53,31,31,39,39,42,64,72,72,41,67,61,43,22,30,30,54,0],"gold":497,"neow_bonus":"THREE_ENEMY_KILL","is_prod":false,"is_daily":false,"chose_seed":false,"campfire_upgraded":3,"win_rate":0,"timestamp":1554324084,"path_taken":["M","?","?","?","M","E","R","E","T","?","R","M","R","E","R","BOSS","M","?","?","?","?","R","E"],"build_version":"2019-01-23","purchased_purges":0,"victory":false,"max_hp_per_floor":[75,75,75,75,75,75,75,75,75,75,75,75,75,75,75,75,75,75,78,78,81,81,81,81],"card_choices":[{"not_picked":["True Grit","Wild Strike"],"picked":"Carnage","floor":1},{"not_picked":["Thunderclap","Perfected Strike"],"picked":"Armaments","floor":5},{"not_picked":["Thunderclap","True Grit"],"picked":"Metallicize","floor":6},{"not_picked":["Twin Strike","Fire Breathing"],"picked":"Feel No Pain","floor":8},{"not_picked":["Clash","Searing Blow"],"picked":"Metallicize","floor":10},{"not_picked":["Havoc","Pummel"],"picked":"Shrug It Off","floor":12},{"not_picked":["Perfected Strike","Thunderclap"],"picked":"Flame Barrier","floor":13},{"not_picked":["Pommel Strike","Havoc"],"picked":"Exhume","floor":14},{"not_picked":["Limit Break","Fiend Fire"],"picked":"Feed","floor":16},{"not_picked":["Body Slam","Cleave+1"],"picked":"Feel No Pain","floor":18},{"not_picked":["Flex","Uppercut"],"picked":"Headbutt","floor":21},{"not_picked":["Rupture","Pommel Strike"],"picked":"Sever Soul","floor":23}],"player_experience":638532,"relics_obtained":[{"floor":6,"key":"Whetstone"},{"floor":8,"key":"Blood Vial"},{"floor":9,"key":"Dream Catcher"},{"floor":14,"key":"Dead Branch"}],"event_choices":[{"damage_healed":0,"gold_gain":0,"player_choice":"Take Damage","damage_taken":26,"relics_obtained":["Golden Idol"],"max_hp_gain":0,"max_hp_loss":0,"event_name":"Golden Idol","floor":2,"gold_loss":0},{"cards_removed":["Strike_R"],"damage_healed":0,"gold_gain":0,"player_choice":"Card Removal","damage_taken":7,"max_hp_gain":0,"max_hp_loss":0,"event_name":"Golden Wing","floor":3,"gold_loss":0},{"damage_healed":0,"gold_gain":0,"cards_transformed":["Strike_R"],"player_choice":"Change","damage_taken":0,"max_hp_gain":0,"max_hp_loss":0,"event_name":"Living Wall","floor":4,"gold_loss":0,"cards_obtained":["Rampage"]},{"damage_healed":0,"gold_gain":0,"player_choice":"Fight","damage_taken":0,"max_hp_gain":0,"max_hp_loss":0,"event_name":"Colosseum","floor":19,"gold_loss":0},{"damage_healed":0,"gold_gain":0,"player_choice":"Fled From Nobs","damage_taken":0,"max_hp_gain":0,"max_hp_loss":0,"event_name":"Colosseum","floor":19,"gold_loss":0},{"damage_healed":0,"gold_gain":180,"player_choice":"GOLD GOLD ","damage_taken":21,"max_hp_gain":0,"max_hp_loss":0,"event_name":"Knowing Skull","floor":20,"potions_obtained":[],"gold_loss":0,"cards_obtained":[]},{"damage_healed":0,"gold_gain":0,"player_choice":"Obtained Relic","damage_taken":0,"relics_obtained":["Magic Flower"],"max_hp_gain":0,"max_hp_loss":0,"event_name":"Addict","floor":22,"gold_loss":85}],"is_beta":false,"boss_relics":[{"not_picked":["White Beast Statue","Eternal Feather"],"picked":"Cursed Key"}],"items_purged_floors":[],"is_endless":false,"potions_floor_spawned":[1,8,12,16,19,21],"killed_by":"Gremlin Leader","ascension_level":20}