{"gold_per_floor":[114,114,114,129,129,459,459,489,489,504,504,523,561,531,531,656,656,675,150,169,169,188,188,226,226,251,251,251,270,289,289,289,414,414,433,452,30,49,382,412,412,412,462,91,104,134,149,149,149,149],"floor_reached":51,"playtime":1313,"items_purged":[],"score":1291,"play_id":"83238910-fcef-4d9c-9fa2-46da643bd78c","local_time":"20180727185022","daily_mods":["Specialized","Night Terrors","Hoarder"],"is_ascension_mode":false,"campfire_choices":[{"floor":7,"key":"REST"},{"data":"Perfected Strike","floor":15,"key":"SMITH"},{"data":"Perfected Strike","floor":23,"key":"SMITH"},{"data":"Perfected Strike","floor":25,"key":"SMITH"},{"data":"Perfected Strike","floor":27,"key":"SMITH"},{"data":"Bash","floor":32,"key":"SMITH"},{"floor":49,"key":"REST"}],"neow_cost":"","seed_source_timestamp":0,"circlet_count":0,"master_deck":["Strike_R+1","Strike_R+1","Strike_R+1","Strike_R+1","Strike_R+1","Defend_R+1","Defend_R+1","Defend_R+1","Defend_R+1","Bash+1","Exhume","Exhume","Exhume","Exhume","Exhume","Exhume","Exhume","Exhume","Exhume","Exhume","Exhume","Exhume","Exhume","Exhume","Perfected Strike+1","Perfected Strike+1","Perfected Strike+1","Juggernaut","Juggernaut","Pommel Strike","Pommel Strike","Pommel Strike","Limit Break","Limit Break","Limit Break","Battle Trance","Battle Trance","Battle Trance","Injury","Injury","Injury","Perfected Strike+1","Perfected Strike+1","Perfected Strike+1","Wild Strike","Wild Strike","Wild Strike","Feed","Feed","Feed","Pommel Strike","Pommel Strike","Pommel Strike","Shrug It Off","Shrug It Off","Shrug It Off","Pommel Strike","Pommel Strike","Pommel Strike","Ghostly","Ghostly","Ghostly","Ghostly","Ghostly","Ghostly","Ghostly","Ghostly","Ghostly","Ghostly","Ghostly","Ghostly","Ghostly","Ghostly","Ghostly","Shockwave","Shockwave","Shockwave","Uppercut+1","Uppercut+1","Uppercut+1","Parasite","Parasite","Parasite","Shame","Shame","Shame","Havoc","Havoc","Havoc","Shockwave","Shockwave","Shockwave","Barricade","Barricade","Barricade","Headbutt+1","Headbutt+1","Headbutt+1","Dropkick+1","Dropkick+1","Dropkick+1","Shrug It Off","Shrug It Off","Shrug It Off","Sword Boomerang","Sword Boomerang","Sword Boomerang","True Grit","True Grit","True Grit","Perfected Strike","Perfected Strike","Perfected Strike","Battle Trance","Battle Trance","Battle Trance","Doubt","Doubt","Doubt","Writhe","Writhe","Writhe","Normality","Normality","Normality","Havoc","Havoc","Havoc","Sword Boomerang","Sword Boomerang","Sword Boomerang","Heavy Blade","Heavy Blade","Heavy Blade","Armaments","Armaments","Armaments","Clash","Clash","Clash","Iron Wave+1","Iron Wave+1","Iron Wave+1","Corruption+1","Corruption+1","Corruption+1","Offering","Offering","Offering"],"special_seed":17739,"relics":["Burning Blood","Old Coin","Shuriken","Dodecahedron","Happy Flower","Cursed Key","Du-Vu Doll","Sling","Ginger","Strawberry","Turnip","Velvet Choker","Incense Burner","Charon\u0027s Ashes","Lantern","DollysMirror","Torii","Oddly Smooth Stone"],"potions_floor_usage":[10,13,16,16,16,33,33,50],"damage_taken":[{"damage":26,"enemies":"2 Louse","floor":1,"turns":6},{"damage":6,"enemies":"Jaw Worm","floor":4,"turns":2},{"damage":53,"enemies":"Gremlin Nob","floor":6,"turns":6},{"damage":22,"enemies":"3 Sentries","floor":8,"turns":7},{"damage":8,"enemies":"Small Slimes","floor":10,"turns":4},{"damage":0,"enemies":"Looter","floor":12,"turns":1},{"damage":0,"enemies":"Lagavulin","floor":13,"turns":2},{"damage":18,"enemies":"The Guardian","floor":16,"turns":5},{"damage":0,"enemies":"Spheric Guardian","floor":18,"turns":1},{"damage":10,"enemies":"2 Thieves","floor":20,"turns":2},{"damage":3,"enemies":"Centurion and Healer","floor":22,"turns":4},{"damage":4,"enemies":"Book of Stabbing","floor":24,"turns":4},{"damage":5,"enemies":"Cultist and Chosen","floor":29,"turns":4},{"damage":3,"enemies":"Snake Plant","floor":30,"turns":2},{"damage":0,"enemies":"Champ","floor":33,"turns":7},{"damage":0,"enemies":"Orb Walker","floor":35,"turns":1},{"damage":8,"enemies":"3 Shapes","floor":36,"turns":9},{"damage":0,"enemies":"Spire Growth","floor":38,"turns":2},{"damage":0,"enemies":"Nemesis","floor":40,"turns":3},{"damage":11,"floor":45,"turns":3},{"damage":13,"enemies":"Giant Head","floor":46,"turns":4},{"damage":12,"enemies":"Flame Bruiser 2 Orb","floor":47,"turns":4},{"damage":1,"enemies":"Awakened One","floor":50,"turns":7}],"seed_played":"-8062012140041976232","potions_obtained":[{"floor":6,"key":"Poison Potion"},{"floor":10,"key":"AttackPotion"},{"floor":13,"key":"EssenceOfSteel"},{"floor":14,"key":"LiquidBronze"},{"floor":14,"key":"LiquidBronze"},{"floor":20,"key":"Poison Potion"},{"floor":30,"key":"EssenceOfSteel"},{"floor":36,"key":"SteroidPotion"},{"floor":38,"key":"EssenceOfSteel"},{"floor":47,"key":"SpeedPotion"}],"is_trial":false,"path_per_floor":["M","?","?","M","?","E","R","E","T","M","?","M","E","?","R","B",null,"M","$","M","?","M","R","E","R","T","R","T","M","M","?","R","B",null,"M","M","$","M","?","E","?","?","T","$","?","E","M","?","R","B"],"character_chosen":"IRONCLAD","items_purchased":["Shrug It Off","Du-Vu Doll","Sling","Shrug It Off","Incense Burner","Sword Boomerang","True Grit","Havoc","DollysMirror","Heavy Blade","Armaments","Clash"],"campfire_rested":2,"item_purchase_floors":[19,19,19,37,37,37,37,44,44,44,44,44],"current_hp_per_floor":[60,60,60,60,60,13,75,59,59,57,57,63,69,69,69,57,75,75,75,74,39,45,45,45,45,52,52,52,52,52,52,52,52,52,55,56,56,58,58,58,58,58,58,58,53,46,40,40,53,53],"gold":149,"neow_bonus":"","is_prod":false,"is_daily":true,"chose_seed":false,"campfire_upgraded":5,"win_rate":0,"timestamp":1532692222,"path_taken":["M","?","?","M","?","E","R","E","T","M","?","M","E","?","R","BOSS","M","$","M","?","?","R","E","R","T","R","?","?","?","?","R","BOSS","M","M","$","M","?","E","?","?","T","$","?","E","?","?","R","BOSS"],"build_version":"2018-07-26","purchased_purges":0,"victory":true,"max_hp_per_floor":[80,80,80,80,80,80,75,75,75,75,75,75,75,75,75,75,75,75,75,78,39,45,45,45,45,52,52,52,52,52,52,52,52,52,55,58,58,58,58,58,58,58,58,58,58,58,58,58,53,53],"card_choices":[{"not_picked":["Headbutt","Twin Strike"],"picked":"Perfected Strike","floor":1},{"not_picked":["Second Wind","Havoc","Corruption"],"picked":"SKIP","floor":4},{"not_picked":["Fire Breathing","Clash"],"picked":"Pommel Strike","floor":6},{"not_picked":["Feel No Pain","Iron Wave"],"picked":"Limit Break","floor":8},{"not_picked":["Armaments","Anger"],"picked":"Battle Trance","floor":10},{"not_picked":["Shockwave","Headbutt"],"picked":"Perfected Strike","floor":12},{"not_picked":["Fire Breathing","Spot Weakness"],"picked":"Wild Strike","floor":13},{"not_picked":["Reaper","Exhume"],"picked":"Feed","floor":16},{"not_picked":["Anger","Heavy Blade"],"picked":"Pommel Strike","floor":18},{"not_picked":["Intimidate+1","Sentinel"],"picked":"Pommel Strike","floor":20},{"not_picked":["Dual Wield","Cleave+1"],"picked":"Shockwave","floor":22},{"not_picked":["Armaments","Entrench"],"picked":"Uppercut+1","floor":24},{"not_picked":["Warcry","Rampage"],"picked":"Havoc","floor":29},{"not_picked":["Iron Wave","Flame Barrier+1"],"picked":"Shockwave","floor":30},{"not_picked":["Bludgeon","Berserk"],"picked":"Barricade","floor":33},{"not_picked":["Ghostly Armor","Pommel Strike"],"picked":"Headbutt+1","floor":35},{"not_picked":["Evolve","Clothesline"],"picked":"Dropkick+1","floor":36},{"not_picked":["Cleave+1","Bloodletting"],"picked":"Perfected Strike","floor":38},{"not_picked":["Barricade","Armaments"],"picked":"Battle Trance","floor":40},{"not_picked":["Reckless Charge","Havoc+1"],"picked":"Iron Wave+1","floor":45},{"not_picked":["Anger+1","Seeing Red"],"picked":"Corruption+1","floor":46},{"not_picked":["Anger+1","Shockwave"],"picked":"Offering","floor":47}],"player_experience":256522,"relics_obtained":[{"floor":6,"key":"Old Coin"},{"floor":8,"key":"Shuriken"},{"floor":9,"key":"Dodecahedron"},{"floor":13,"key":"Happy Flower"},{"floor":24,"key":"Ginger"},{"floor":26,"key":"Strawberry"},{"floor":28,"key":"Turnip"},{"floor":40,"key":"Charon\u0027s Ashes"},{"floor":43,"key":"Lantern"},{"floor":45,"key":"Torii"},{"floor":46,"key":"Oddly Smooth Stone"}],"event_choices":[{"event_name":"Living Wall","player_choice":"Change","floor":2,"damage_taken":0},{"event_name":"Accursed Blacksmith","player_choice":"Forge","floor":3,"damage_taken":0},{"event_name":"Upgrade Shrine","player_choice":"Upgraded","floor":5,"damage_taken":0},{"event_name":"Golden Idol","player_choice":"Take Wound","floor":11,"damage_taken":0},{"event_name":"The Woman in Blue","player_choice":"Bought 2 Potions","floor":14,"damage_taken":0},{"event_name":"Ghosts","player_choice":"Became a Ghost","floor":21,"damage_taken":0},{"event_name":"Back to Basics","player_choice":"Simplicity","floor":31,"damage_taken":0},{"event_name":"The Moai Head","player_choice":"Gave Idol","floor":39,"damage_taken":0},{"event_name":"MindBloom","player_choice":"Heal","floor":41,"damage_taken":0},{"event_name":"Winding Halls","player_choice":"Writhe","floor":42,"damage_taken":0},{"event_name":"Mysterious Sphere","player_choice":"Fight","floor":45,"damage_taken":0},{"event_name":"Falling","player_choice":"Removed Power","floor":48,"damage_taken":0}],"is_beta":true,"boss_relics":[{"not_picked":["Coffee Dripper","Sozu"],"picked":"Cursed Key"},{"not_picked":["Runic Dome","Black Blood"],"picked":"Velvet Choker"}],"items_purged_floors":[],"is_endless":false,"potions_floor_spawned":[6,10,13,20,30,36,38,47],"ascension_level":0}