{"gold_per_floor":[109,109,128,142,142,168,168,183,264,295,295,295,305,318,318,420,420,437,519,519,1,19,19,37,64,64,97,97,115,126,126,126,221,221,234,234,246,246,13,13,41,41,64,78,78,111,111,124,124,124],"floor_reached":50,"playtime":2325,"items_purged":[],"score":715,"play_id":"e598bf86-5058-4093-9672-d1cc4a37e60f","local_time":"20190927081623","is_ascension_mode":true,"campfire_choices":[{"floor":7,"key":"REST"},{"floor":12,"key":"REST"},{"floor":15,"key":"REST"},{"floor":23,"key":"REST"},{"floor":28,"key":"RECALL"},{"floor":32,"key":"REST"},{"data":"Limit Break","floor":40,"key":"SMITH"},{"floor":42,"key":"REST"},{"floor":49,"key":"REST"}],"neow_cost":"NONE","seed_source_timestamp":1270588853770700,"circlet_count":0,"master_deck":["Bash","Flex","Bash","Bloodletting+1","Anger","Inflame","Cleave","Brutality","Flame Barrier+1","Shockwave","Limit Break+1","Burning Pact","Armaments","Reaper","Heavy Blade","Twin Strike","Clash","Sever Soul","Cleave","Heavy Blade","Anger+1","Combust","Inflame+1","Seeing Red+1","Rupture","Flame Barrier","Rage+1","RitualDagger+1","Fiend Fire+1","Dual Wield+1","Seeing Red","Sever Soul+1","Hemokinesis+1","Heavy Blade+1","Cleave+1","PanicButton","Dropkick+1","Rampage+1"],"relics":["Burning Blood","NeowsBlessing","Dead Branch","Gremlin Horn","Oddly Smooth Stone","Pandora\u0027s Box","Molten Egg 2","Ice Cream","Sling","Darkstone Periapt","Mercury Hourglass","Vajra","Mark of Pain","War Paint","Bronze Scales","Magic Flower"],"potions_floor_usage":[8,14,24,24,25,27,33,33,37,37,41,44,46,48],"damage_taken":[{"damage":0,"enemies":"2 Louse","floor":1,"turns":1},{"damage":0,"enemies":"Cultist","floor":3,"turns":1},{"damage":0,"enemies":"Jaw Worm","floor":4,"turns":1},{"damage":48,"enemies":"3 Sentries","floor":6,"turns":8},{"damage":9,"enemies":"Red Slaver","floor":8,"turns":2},{"damage":38,"enemies":"Lagavulin","floor":10,"turns":6},{"damage":11,"enemies":"Blue Slaver","floor":13,"turns":3},{"damage":3,"enemies":"2 Fungi Beasts","floor":14,"turns":2},{"damage":42,"enemies":"The Guardian","floor":16,"turns":9},{"damage":26,"enemies":"2 Thieves","floor":18,"turns":2},{"damage":21,"enemies":"Shell Parasite","floor":22,"turns":4},{"damage":23,"enemies":"Snake Plant","floor":24,"turns":3},{"damage":8,"enemies":"Gremlin Leader","floor":25,"turns":3},{"damage":21,"enemies":"Slavers","floor":27,"turns":2},{"damage":29,"enemies":"Cultist and Chosen","floor":29,"turns":4},{"damage":14,"enemies":"Sentry and Sphere","floor":30,"turns":3},{"damage":36,"enemies":"Automaton","floor":33,"turns":6},{"damage":11,"enemies":"Orb Walker","floor":35,"turns":2},{"damage":11,"enemies":"3 Darklings","floor":37,"turns":2},{"damage":27,"enemies":"Reptomancer","floor":41,"turns":4},{"damage":23,"enemies":"Spire Growth","floor":44,"turns":4},{"damage":41,"enemies":"Nemesis","floor":46,"turns":5},{"damage":29,"enemies":"Sphere and 2 Shapes","floor":48,"turns":2},{"damage":58,"enemies":"Awakened One","floor":50,"turns":4}],"seed_played":"8947229429485864021","potions_obtained":[{"floor":3,"key":"Energy Potion"},{"floor":8,"key":"Ancient Potion"},{"floor":10,"key":"Swift Potion"},{"floor":13,"key":"Energy Potion"},{"floor":16,"key":"LiquidBronze"},{"floor":24,"key":"Fruit Juice"},{"floor":29,"key":"Explosive Potion"},{"floor":30,"key":"Poison Potion"},{"floor":33,"key":"Explosive Potion"},{"floor":35,"key":"Explosive Potion"},{"floor":44,"key":"Swift Potion"}],"is_trial":false,"path_per_floor":["M","?","M","M","?","E","R","M","T","E","T","R","M","M","R","B",null,"M","T","?","$","M","R","M","E","T","E","R","M","M","?","R","B",null,"M","?","M","$","$","R","E","R","T","M","?","E","?","M","R","B"],"character_chosen":"IRONCLAD","items_purchased":["Ice Cream","Sling","Anger+1","Hemokinesis+1","Energy Potion","SteroidPotion","Weak Potion"],"campfire_rested":7,"item_purchase_floors":[21,21,21,39,39,39,39],"current_hp_per_floor":[80,80,80,80,80,38,62,59,59,27,27,51,46,49,73,37,80,60,60,60,60,45,69,69,83,83,68,68,55,47,41,66,73,85,85,85,80,80,80,80,59,84,84,67,67,51,51,31,56,0],"gold":124,"neow_bonus":"THREE_ENEMY_KILL","is_prod":false,"is_daily":false,"chose_seed":false,"campfire_upgraded":1,"win_rate":0,"timestamp":1569586583,"path_taken":["M","?","?","M","?","E","R","?","T","E","?","R","M","M","R","BOSS","M","?","?","$","M","R","M","E","T","E","R","M","M","?","R","BOSS","M","?","M","?","$","R","E","R","T","M","?","E","?","?","R","BOSS"],"build_version":"2019-07-17","purchased_purges":0,"victory":false,"max_hp_per_floor":[80,80,80,80,80,80,80,80,80,80,80,80,80,80,80,80,80,80,80,80,80,80,80,85,85,85,85,85,85,85,85,85,85,85,85,85,85,85,85,85,85,85,85,85,85,85,85,85,85,85],"card_choices":[{"not_picked":["Armaments","Sword Boomerang"],"picked":"Flex","floor":1},{"not_picked":["Sever Soul","Combust"],"picked":"Bloodletting","floor":3},{"not_picked":["Headbutt","Flex"],"picked":"Anger","floor":4},{"not_picked":["Intimidate","Body Slam"],"picked":"Inflame","floor":6},{"not_picked":["Warcry","Clash"],"picked":"Cleave","floor":8},{"not_picked":["Reckless Charge","True Grit"],"picked":"Brutality","floor":10},{"not_picked":["Headbutt","True Grit"],"picked":"Flame Barrier","floor":13},{"not_picked":["Evolve","True Grit"],"picked":"Shockwave","floor":14},{"not_picked":["Berserk","Dark Embrace"],"picked":"Limit Break","floor":16},{"not_picked":["Warcry+1","Flame Barrier+1"],"picked":"Heavy Blade","floor":18},{"not_picked":["Pommel Strike+1","Burning Pact"],"picked":"Combust","floor":22},{"not_picked":["Metallicize","Anger+1"],"picked":"Inflame+1","floor":24},{"not_picked":["Flex","Clothesline+1"],"picked":"Seeing Red","floor":25},{"not_picked":["Combust+1","Second Wind"],"picked":"Rupture","floor":27},{"not_picked":["Carnage+1","Anger+1"],"picked":"Flame Barrier","floor":29},{"not_picked":["Perfected Strike+1","Inflame+1"],"picked":"Rage+1","floor":30},{"not_picked":["Barricade","Juggernaut"],"picked":"Fiend Fire+1","floor":33},{"not_picked":["Havoc","Metallicize"],"picked":"Dual Wield+1","floor":35},{"not_picked":["Perfected Strike+1","Pommel Strike+1"],"picked":"Sever Soul+1","floor":37},{"not_picked":["Dual Wield","Sword Boomerang+1"],"picked":"Heavy Blade+1","floor":41},{"not_picked":["Bloodletting","True Grit+1"],"picked":"Cleave+1","floor":44},{"not_picked":["Thinking Ahead","Metamorphosis"],"picked":"PanicButton","floor":45},{"not_picked":["Dual Wield","Pommel Strike+1"],"picked":"Dropkick+1","floor":46},{"not_picked":["Anger+1","Perfected Strike+1"],"picked":"Rampage+1","floor":48}],"player_experience":115269,"relics_obtained":[{"floor":6,"key":"Dead Branch"},{"floor":9,"key":"Gremlin Horn"},{"floor":10,"key":"Oddly Smooth Stone"},{"floor":19,"key":"Molten Egg 2"},{"floor":25,"key":"Darkstone Periapt"},{"floor":26,"key":"Mercury Hourglass"},{"floor":27,"key":"Vajra"},{"floor":41,"key":"War Paint"},{"floor":43,"key":"Bronze Scales"},{"floor":46,"key":"Magic Flower"}],"event_choices":[{"damage_healed":0,"gold_gain":0,"player_choice":"1 cards matched","damage_taken":0,"max_hp_gain":0,"max_hp_loss":0,"event_name":"Match and Keep!","floor":2,"gold_loss":0,"cards_obtained":["Bash"]},{"damage_healed":0,"gold_gain":0,"player_choice":"Forge","damage_taken":0,"max_hp_gain":0,"max_hp_loss":0,"event_name":"Accursed Blacksmith","floor":5,"gold_loss":0,"cards_upgraded":["Bloodletting"]},{"damage_healed":0,"gold_gain":0,"player_choice":"Ignored","damage_taken":0,"max_hp_gain":0,"max_hp_loss":0,"event_name":"Ghosts","floor":20,"gold_loss":0},{"damage_healed":0,"gold_gain":0,"player_choice":"Joined the Cult","damage_taken":6,"max_hp_gain":0,"max_hp_loss":0,"event_name":"Nest","floor":31,"gold_loss":0,"cards_obtained":["RitualDagger"]},{"damage_healed":0,"gold_gain":0,"cards_transformed":["Perfected Strike"],"player_choice":"Transformed","damage_taken":0,"max_hp_gain":0,"max_hp_loss":0,"event_name":"Transmorgrifier","floor":36,"gold_loss":0,"cards_obtained":["Seeing Red"]},{"damage_healed":0,"gold_gain":0,"player_choice":"Memory 1","damage_taken":0,"max_hp_gain":0,"max_hp_loss":0,"event_name":"SensoryStone","floor":45,"gold_loss":0},{"damage_healed":0,"gold_gain":0,"player_choice":"Leave","damage_taken":0,"max_hp_gain":0,"max_hp_loss":0,"event_name":"FaceTrader","floor":47,"gold_loss":0}],"is_beta":false,"boss_relics":[{"not_picked":["Runic Pyramid","Runic Cube"],"picked":"Pandora\u0027s Box"},{"not_picked":["Eternal Feather","Velvet Choker"],"picked":"Mark of Pain"}],"items_purged_floors":[],"is_endless":false,"potions_floor_spawned":[3,8,10,13,16,24,29,30,33,35,44],"killed_by":"Awakened One","ascension_level":4}