{"gold_per_floor":[114,129,129,129,146,146,164,178,178,206,206,219,249,249,249,249],"floor_reached":16,"playtime":317,"items_purged":[],"score":267,"play_id":"6e801d85-6890-4c4a-ac18-7107322ada2b","local_time":"20190922184613","is_ascension_mode":true,"campfire_choices":[{"data":"Eruption","floor":6,"key":"SMITH"},{"data":"Wallop","floor":11,"key":"SMITH"},{"data":"Vigilance","floor":15,"key":"SMITH"}],"neow_cost":"NONE","seed_source_timestamp":150112878444300,"circlet_count":0,"master_deck":["AscendersBane","Strike_P","Strike_P","Strike_P","Strike_P","Defend_P","Defend_P","Defend_P","Eruption+1","Vigilance+1","Wallop+1"],"relics":["PureWater","NeowsBlessing","TungstenRod","Mercury Hourglass","Meat on the Bone","Sundial","Golden Idol"],"potions_floor_usage":[10,13,13],"damage_taken":[{"damage":0,"enemies":"Cultist","floor":1,"turns":1},{"damage":0,"enemies":"Small Slimes","floor":2,"turns":1},{"damage":0,"enemies":"Jaw Worm","floor":5,"turns":1},{"damage":6,"enemies":"Lots of Slimes","floor":7,"turns":4},{"damage":0,"enemies":"Large Slime","floor":8,"turns":4},{"damage":0,"enemies":"Lagavulin","floor":10,"turns":4},{"damage":0,"enemies":"3 Louse","floor":12,"turns":2},{"damage":14,"enemies":"3 Sentries","floor":13,"turns":3},{"damage":38,"enemies":"Hexaghost","floor":16,"turns":7}],"seed_played":"-4829025053732960528","potions_obtained":[{"floor":5,"key":"FearPotion"},{"floor":8,"key":"Explosive Potion"},{"floor":10,"key":"Explosive Potion"},{"floor":13,"key":"BottledMiracle"}],"is_trial":false,"path_per_floor":["M","M","?","?","M","R","M","M","T","E","R","M","E","?","R","B"],"character_chosen":"WATCHER","items_purchased":[],"campfire_rested":0,"item_purchase_floors":[],"current_hp_per_floor":[55,55,50,50,50,50,44,44,44,44,44,44,42,22,22,0],"gold":249,"neow_bonus":"THREE_ENEMY_KILL","is_prod":false,"is_daily":false,"chose_seed":false,"campfire_upgraded":3,"win_rate":0,"timestamp":1569152773,"path_taken":["M","M","?","?","?","R","M","M","T","E","R","M","E","?","R","BOSS"],"build_version":"2019-09-20","purchased_purges":0,"victory":false,"max_hp_per_floor":[61,61,61,61,61,61,61,61,61,61,61,61,61,61,61,61],"card_choices":[{"not_picked":["Weave","Devotion","Sanctity"],"picked":"SKIP","floor":1},{"not_picked":["CarveReality","Perseverance","SpiritShield"],"picked":"SKIP","floor":2},{"not_picked":["EmptyBody","Protect","Weave"],"picked":"SKIP","floor":5},{"not_picked":["FlyingSleeves","JustLucky","CutThroughFate"],"picked":"SKIP","floor":7},{"not_picked":["Evaluate","FlowState","Establishment"],"picked":"SKIP","floor":8},{"not_picked":["Consecrate","Nirvana","Weave"],"picked":"SKIP","floor":10},{"not_picked":["BowlingBash","Weave","MentalFortress"],"picked":"SKIP","floor":12},{"not_picked":["Tantrum","JustLucky","Collect"],"picked":"SKIP","floor":13}],"player_experience":1134861,"relics_obtained":[{"floor":9,"key":"Mercury Hourglass"},{"floor":10,"key":"Meat on the Bone"},{"floor":13,"key":"Sundial"}],"event_choices":[{"damage_healed":0,"gold_gain":0,"player_choice":"Success","damage_taken":5,"relics_obtained":["TungstenRod"],"max_hp_gain":0,"max_hp_loss":0,"event_name":"Scrap Ooze","floor":3,"gold_loss":0},{"damage_healed":0,"gold_gain":0,"cards_transformed":["Defend_P"],"player_choice":"Transformed","damage_taken":0,"max_hp_gain":0,"max_hp_loss":0,"event_name":"Transmorgrifier","floor":4,"gold_loss":0,"cards_obtained":["Wallop"]},{"damage_healed":0,"gold_gain":0,"player_choice":"Take Damage","damage_taken":21,"relics_obtained":["Golden Idol"],"max_hp_gain":0,"max_hp_loss":0,"event_name":"Golden Idol","floor":14,"gold_loss":0}],"is_beta":true,"boss_relics":[],"items_purged_floors":[],"is_endless":false,"potions_floor_spawned":[5,8,10,13],"killed_by":"Hexaghost","ascension_level":19}