{"gold_per_floor":[214,224,36,55,72,72,72,88,112,132,132,160,130,130,130,203,203,214,3,3,14,32,32,32,32,55,55,55],"floor_reached":28,"playtime":1935,"items_purged":[],"score":440,"play_id":"89c40892-b93e-4db1-87d0-ad847704d7f8","local_time":"20190518150130","is_ascension_mode":true,"campfire_choices":[{"data":"Apotheosis","floor":6,"key":"SMITH"},{"data":"Loop","floor":11,"key":"SMITH"},{"data":"Doom and Gloom","floor":15,"key":"SMITH"},{"floor":23,"key":"REST"},{"floor":27,"key":"REST"}],"neow_cost":"NONE","seed_source_timestamp":140634263082082,"circlet_count":0,"master_deck":["AscendersBane","Strike_B","Strike_B","Strike_B","Defend_B+1","Defend_B+1","Defend_B","Defend_B","Zap","Dualcast","Leap","Sunder","Apotheosis+1","Loop+1","Doom and Gloom+1","Self Repair","Buffer","Multi-Cast","Ball Lightning","Capacitor","Beam Cell","Sweeping Beam","Defragment","RitualDagger","Hologram"],"relics":["Cracked Core","Vajra","Dream Catcher","Black Star","Bronze Scales","War Paint"],"potions_floor_usage":[28,28],"damage_taken":[{"damage":7,"enemies":"Small Slimes","floor":1,"turns":3},{"damage":0,"enemies":"Cultist","floor":2,"turns":4},{"damage":4,"enemies":"Jaw Worm","floor":4,"turns":3},{"damage":6,"enemies":"Red Slaver","floor":5,"turns":4},{"damage":0,"enemies":"2 Fungi Beasts","floor":8,"turns":3},{"damage":0,"enemies":"Exordium Wildlife","floor":10,"turns":3},{"damage":25,"enemies":"Gremlin Nob","floor":12,"turns":6},{"damage":15,"enemies":"Exordium Thugs","floor":13,"turns":4},{"damage":17,"enemies":"Hexaghost","floor":16,"turns":8},{"damage":19,"enemies":"Spheric Guardian","floor":18,"turns":5},{"damage":9,"enemies":"Chosen","floor":21,"turns":4},{"damage":50,"enemies":"3 Cultists","floor":22,"turns":5},{"damage":51,"enemies":"Slavers","floor":28,"turns":5}],"seed_played":"-4132940374170854910","potions_obtained":[{"floor":2,"key":"SpeedPotion"},{"floor":5,"key":"Strength Potion"}],"is_trial":false,"path_per_floor":["M","M","$","M","M","R","?","M","T","M","R","E","M","?","R","B",null,"M","$","?","M","M","R","?","$","T","R","E"],"character_chosen":"DEFECT","items_purchased":["Apotheosis","Capacitor","Bronze Scales"],"campfire_rested":2,"item_purchase_floors":[3,19,19],"current_hp_per_floor":[57,57,57,53,47,47,71,71,71,71,71,56,51,51,51,41,64,55,55,55,56,6,27,21,21,21,42,0],"gold":55,"neow_bonus":"HUNDRED_GOLD","is_prod":false,"is_daily":false,"chose_seed":false,"campfire_upgraded":3,"win_rate":0,"timestamp":1558206090,"path_taken":["M","M","$","M","M","R","?","M","T","?","R","E","M","?","R","BOSS","M","$","?","M","M","R","?","?","T","R","E"],"build_version":"2019-01-23","purchased_purges":0,"victory":false,"max_hp_per_floor":[71,71,71,71,71,71,71,71,71,71,71,71,71,71,71,71,71,71,71,71,71,71,71,71,71,71,71,71],"card_choices":[{"not_picked":["Turbo","Auto Shields"],"picked":"Leap","floor":1},{"not_picked":["Turbo","Leap"],"picked":"Sunder","floor":2},{"not_picked":["Rebound","Scrape"],"picked":"Loop","floor":4},{"not_picked":["White Noise","Conserve Battery"],"picked":"Doom and Gloom","floor":5},{"not_picked":["Go for the Eyes","Turbo"],"picked":"Self Repair","floor":8},{"not_picked":["Leap","Chaos"],"picked":"Buffer","floor":10},{"not_picked":["Leap","Chaos","Go for the Eyes"],"picked":"SKIP","floor":12},{"not_picked":["Rebound","Leap","Turbo"],"picked":"SKIP","floor":13},{"not_picked":["Reboot","Thunder Strike"],"picked":"Multi-Cast","floor":16},{"not_picked":["Skim","Barrage"],"picked":"Ball Lightning","floor":18},{"not_picked":["Go for the Eyes","Stack"],"picked":"Beam Cell","floor":21},{"not_picked":["Rebound","Steam"],"picked":"Sweeping Beam","floor":22},{"not_picked":["Reinforced Body","Rebound"],"picked":"Defragment","floor":23},{"not_picked":["Compile Driver","Ball Lightning+1"],"picked":"Hologram","floor":27}],"player_experience":834652,"relics_obtained":[{"floor":9,"key":"Vajra"},{"floor":12,"key":"Dream Catcher"},{"floor":26,"key":"War Paint"}],"event_choices":[{"damage_healed":24,"gold_gain":0,"player_choice":"Full Heal","damage_taken":0,"max_hp_gain":0,"max_hp_loss":0,"event_name":"Wheel of Change","floor":7,"gold_loss":0},{"cards_removed":["Strike_B"],"damage_healed":0,"gold_gain":0,"player_choice":"Offered Basic","damage_taken":0,"max_hp_gain":0,"max_hp_loss":0,"event_name":"Bonfire Elementals","floor":14,"gold_loss":0},{"damage_healed":0,"gold_gain":0,"player_choice":"Ignored","damage_taken":0,"max_hp_gain":0,"max_hp_loss":0,"event_name":"The Mausoleum","floor":20,"gold_loss":0},{"damage_healed":0,"gold_gain":0,"player_choice":"Joined the Cult","damage_taken":6,"max_hp_gain":0,"max_hp_loss":0,"event_name":"Nest","floor":24,"gold_loss":0,"cards_obtained":["RitualDagger"]}],"is_beta":false,"boss_relics":[{"not_picked":["Busted Crown","Lizard Tail"],"picked":"Black Star"}],"items_purged_floors":[],"is_endless":false,"potions_floor_spawned":[2,5],"killed_by":"Slavers","ascension_level":20}