{"gold_per_floor":[113,113,113,129,142,168,168,18,18,49,49,49,67,93,93,194,194,213,30,50,50,68,68,98,112,192,41,69,81,81],"floor_reached":30,"playtime":1795,"items_purged":["Strike_G","Strike_G","Strike_G"],"score":331,"play_id":"c66479c6-e72a-46f9-8d62-4408eb05b4c0","local_time":"20190927130545","is_ascension_mode":true,"campfire_choices":[{"floor":7,"key":"REST"},{"floor":11,"key":"REST"},{"floor":15,"key":"REST"},{"floor":23,"key":"RECALL"}],"neow_cost":"NONE","seed_source_timestamp":1288480790141700,"circlet_count":0,"master_deck":["Strike_G+1","Strike_G+1","Defend_G","Defend_G","Defend_G","Defend_G","Defend_G","Survivor","Neutralize","Accuracy+1","Distraction","Reflex","Blade Dance","Choke","Blade Dance","Backflip","Prepared","Burst","Acrobatics","Escape Plan","Dash","Tactician+1","Night Terror","Deflect+1","Dodge and Roll","Backstab"],"relics":["Ring of the Snake","Happy Flower","Ninja Scroll","Centennial Puzzle","Tough Bandages","WristBlade","Juzu Bracelet","Dodecahedron","Art of War"],"potions_floor_usage":[6,10,14,20,22,24,24],"damage_taken":[{"damage":1,"enemies":"Jaw Worm","floor":1,"turns":4},{"damage":0,"enemies":"2 Louse","floor":4,"turns":2},{"damage":0,"enemies":"Small Slimes","floor":5,"turns":3},{"damage":40,"enemies":"Gremlin Nob","floor":6,"turns":5},{"damage":32,"enemies":"Lagavulin","floor":10,"turns":4},{"damage":1,"enemies":"3 Louse","floor":13,"turns":2},{"damage":15,"enemies":"3 Sentries","floor":14,"turns":6},{"damage":51,"enemies":"The Guardian","floor":16,"turns":10},{"damage":5,"enemies":"Shell Parasite","floor":18,"turns":2},{"damage":6,"enemies":"3 Byrds","floor":20,"turns":4},{"damage":0,"enemies":"Shelled Parasite and Fungi","floor":22,"turns":2},{"damage":4,"enemies":"Slavers","floor":24,"turns":6},{"damage":0,"enemies":"3 Cultists","floor":25,"turns":3},{"damage":22,"enemies":"Gremlin Leader","floor":28,"turns":5},{"damage":13,"enemies":"Snake Plant","floor":29,"turns":5},{"damage":25,"enemies":"Chosen and Byrds","floor":30,"turns":4}],"seed_played":"-223848752489242095","potions_obtained":[{"floor":1,"key":"Explosive Potion"},{"floor":4,"key":"Regen Potion"},{"floor":6,"key":"FearPotion"},{"floor":20,"key":"EssenceOfSteel"},{"floor":21,"key":"Energy Potion"},{"floor":21,"key":"SpeedPotion"},{"floor":21,"key":"AttackPotion"},{"floor":29,"key":"Swift Potion"}],"is_trial":false,"path_per_floor":["M","?","?","M","M","E","R","$","T","E","R","?","M","E","R","B",null,"M","$","M","?","M","R","E","M","T","$","E","M","M"],"character_chosen":"THE_SILENT","items_purchased":["Choke","Escape Plan","Energy Potion","Dodge and Roll"],"campfire_rested":3,"item_purchase_floors":[8,19,19,27],"current_hp_per_floor":[69,55,60,60,60,20,42,42,42,10,32,32,31,31,53,2,75,70,70,64,64,64,64,60,60,60,60,38,25,0],"gold":81,"neow_bonus":"RANDOM_COMMON_RELIC","is_prod":false,"is_daily":false,"chose_seed":false,"campfire_upgraded":0,"win_rate":0,"timestamp":1569603945,"path_taken":["M","?","?","M","M","E","R","?","T","E","R","?","M","E","R","BOSS","M","?","?","?","M","R","E","M","T","?","E","M","M"],"build_version":"2019-07-17","purchased_purges":3,"victory":false,"max_hp_per_floor":[70,70,75,75,75,75,75,75,75,75,75,75,75,75,75,75,75,75,75,75,75,75,75,75,75,75,75,75,75,75],"card_choices":[{"not_picked":["Prepared","PiercingWail"],"picked":"Accuracy","floor":1},{"not_picked":["Eviscerate","Quick Slash"],"picked":"Distraction","floor":4},{"not_picked":["Deadly Poison","Riddle With Holes"],"picked":"Reflex","floor":5},{"not_picked":["Underhanded Strike","Malaise"],"picked":"Blade Dance","floor":6},{"not_picked":["Flying Knee","Setup"],"picked":"Blade Dance","floor":10},{"not_picked":["PiercingWail","Outmaneuver"],"picked":"Backflip","floor":13},{"not_picked":["Bane","All Out Attack"],"picked":"Prepared","floor":14},{"not_picked":["Night Terror","Malaise"],"picked":"Burst","floor":16},{"not_picked":["Dodge and Roll","Heel Hook"],"picked":"Acrobatics","floor":18},{"not_picked":["Dagger Spray","Outmaneuver"],"picked":"Dash","floor":20},{"not_picked":["Caltrops+1","Underhanded Strike"],"picked":"Tactician+1","floor":22},{"not_picked":["Dodge and Roll","Eviscerate+1"],"picked":"Night Terror","floor":24},{"not_picked":["Deadly Poison","Flechettes"],"picked":"Deflect+1","floor":25},{"not_picked":["Caltrops","Terror"],"picked":"Backstab","floor":28},{"not_picked":["Dodge and Roll","Heel Hook","Poisoned Stab"],"picked":"SKIP","floor":29}],"player_experience":132923,"relics_obtained":[{"floor":6,"key":"Ninja Scroll"},{"floor":10,"key":"Centennial Puzzle"},{"floor":14,"key":"Tough Bandages"},{"floor":24,"key":"Juzu Bracelet"},{"floor":26,"key":"Dodecahedron"},{"floor":28,"key":"Art of War"}],"event_choices":[{"damage_healed":0,"gold_gain":0,"player_choice":"Entered Light","damage_taken":14,"max_hp_gain":0,"max_hp_loss":0,"event_name":"Shining Light","floor":2,"gold_loss":0,"cards_upgraded":["Strike_G","Strike_G"]},{"damage_healed":0,"gold_gain":0,"player_choice":"Donut","damage_taken":0,"max_hp_gain":5,"max_hp_loss":0,"event_name":"Big Fish","floor":3,"gold_loss":0},{"damage_healed":0,"gold_gain":0,"player_choice":"Forge","damage_taken":0,"max_hp_gain":0,"max_hp_loss":0,"event_name":"Accursed Blacksmith","floor":12,"gold_loss":0,"cards_upgraded":["Accuracy"]},{"damage_healed":0,"gold_gain":0,"player_choice":"Got Potions","damage_taken":0,"max_hp_gain":0,"max_hp_loss":0,"event_name":"Lab","floor":21,"gold_loss":0}],"is_beta":false,"boss_relics":[{"not_picked":["Calling Bell","Sozu"],"picked":"WristBlade"}],"items_purged_floors":[8,19,27],"is_endless":false,"potions_floor_spawned":[1,4,6,20,29],"killed_by":"Chosen and Byrds","ascension_level":3}