{"gold_per_floor":[111,124,124,144,154,154,183,183,207,207,222,222,94,107,107,207,207,219,70,70,83,83,116,116,149,149,149,212,71,98,109,109,214,214,229,379,429,448,201,201,227,227,272,272,287,385,396,23,23,23],"floor_reached":51,"playtime":2390,"items_purged":["Defend_R","Defend_R"],"score":1115,"play_id":"ad353188-0fe1-44d5-8f6e-6d6f781c7ef3","local_time":"20190926121705","is_ascension_mode":true,"campfire_choices":[{"data":"Armaments","floor":6,"key":"SMITH"},{"data":"Battle Trance","floor":8,"key":"SMITH"},{"data":"Perfected Strike","floor":10,"key":"SMITH"},{"data":"Perfected Strike","floor":12,"key":"SMITH"},{"data":"Shrug It Off","floor":15,"key":"SMITH"},{"data":"Shockwave","floor":24,"key":"SMITH"},{"data":"Barricade","floor":32,"key":"SMITH"},{"data":"Demon Form","floor":40,"key":"SMITH"},{"floor":42,"key":"REST"},{"data":"Regret","floor":44,"key":"PURGE"},{"floor":49,"key":"REST"}],"neow_cost":"CURSE","seed_source_timestamp":4495879140100,"circlet_count":0,"master_deck":["Strike_R","Strike_R","Strike_R","Strike_R","Strike_R","Defend_R","Defend_R","Bash","Perfected Strike+1","Armaments+1","Perfected Strike+1","Inflame","Battle Trance+1","Pommel Strike","Shrug It Off+1","Double Tap","Feed","Twin Strike","Shockwave+1","Spot Weakness+1","Rage","Demon Form+1","Flame Barrier","Barricade+1","Reaper","Perfected Strike","Shrug It Off","Perfected Strike","Shrug It Off+1","Seeing Red","Perfected Strike","Seeing Red"],"relics":["Burning Blood","Peace Pipe","Spirit Poop","Pen Nib","Dream Catcher","Sozu","PreservedInsect","Anchor","Vajra","Shuriken","SsserpentHead","Du-Vu Doll","Cursed Key","Dead Branch","Bag of Marbles","Lantern","Regal Pillow","Ice Cream","Bottled Flame"],"potions_floor_usage":[16,41,50],"damage_taken":[{"damage":11,"enemies":"Cultist","floor":1,"turns":4},{"damage":10,"enemies":"Small Slimes","floor":2,"turns":3},{"damage":7,"enemies":"2 Louse","floor":4,"turns":4},{"damage":8,"enemies":"Red Slaver","floor":5,"turns":4},{"damage":19,"enemies":"Lagavulin","floor":7,"turns":6},{"damage":18,"enemies":"Exordium Thugs","floor":11,"turns":5},{"damage":3,"enemies":"Blue Slaver","floor":14,"turns":2},{"damage":12,"enemies":"Slime Boss","floor":16,"turns":10},{"damage":13,"enemies":"Shell Parasite","floor":18,"turns":3},{"damage":0,"enemies":"3 Byrds","floor":21,"turns":5},{"damage":6,"enemies":"Book of Stabbing","floor":23,"turns":3},{"damage":4,"enemies":"Slavers","floor":25,"turns":3},{"damage":10,"enemies":"3 Cultists","floor":28,"turns":4},{"damage":6,"enemies":"Gremlin Leader","floor":30,"turns":4},{"damage":0,"enemies":"Cultist and Chosen","floor":31,"turns":2},{"damage":49,"enemies":"Automaton","floor":33,"turns":10},{"damage":3,"enemies":"3 Shapes","floor":35,"turns":4},{"damage":5,"enemies":"Mind Bloom Boss Battle","floor":36,"turns":5},{"damage":0,"enemies":"Orb Walker","floor":38,"turns":2},{"damage":75,"enemies":"Reptomancer","floor":41,"turns":5},{"damage":0,"enemies":"4 Shapes","floor":45,"turns":4},{"damage":0,"enemies":"2 Orb Walkers","floor":46,"turns":3},{"damage":18,"enemies":"Spire Growth","floor":47,"turns":4},{"damage":78,"enemies":"Awakened One","floor":50,"turns":8}],"seed_played":"8776897771617507797","potions_obtained":[{"floor":1,"key":"PowerPotion"},{"floor":5,"key":"Fire Potion"},{"floor":11,"key":"Regen Potion"}],"is_trial":false,"path_per_floor":["M","M","?","M","M","R","E","R","T","R","M","R","$","M","R","B",null,"M","$","?","M","?","E","R","E","T","?","M","$","E","M","R","B",null,"M","?","?","M","$","R","E","R","T","R","M","?","M","$","R","B",null],"character_chosen":"IRONCLAD","items_purchased":["Shrug It Off","PreservedInsect","Demon Form","Flame Barrier","Shrug It Off","Bag of Marbles","Bottled Flame","Seeing Red","Perfected Strike"],"campfire_rested":2,"item_purchase_floors":[13,19,29,29,39,39,48,48,48],"current_hp_per_floor":[67,63,63,62,60,60,47,47,47,47,35,35,35,38,38,32,68,61,61,46,55,55,55,55,57,57,57,56,56,56,62,62,19,73,76,77,77,83,83,83,27,55,55,55,65,74,65,65,101,46],"gold":23,"neow_bonus":"ONE_RARE_RELIC","is_prod":false,"is_daily":false,"chose_seed":false,"campfire_upgraded":8,"win_rate":0,"timestamp":1569493025,"path_taken":["M","?","?","M","M","R","E","R","T","R","M","R","$","M","R","BOSS","M","$","?","M","?","E","R","E","T","?","?","$","E","M","R","BOSS","M","?","?","M","?","R","E","R","T","R","M","?","M","$","R","BOSS"],"build_version":"2019-07-17","purchased_purges":2,"victory":true,"max_hp_per_floor":[80,80,80,80,80,80,80,80,80,80,80,80,80,80,80,80,80,80,80,85,88,88,88,88,88,88,88,91,91,91,91,91,91,91,91,91,91,91,91,91,95,95,95,95,95,98,101,101,101,101],"card_choices":[{"not_picked":["Infernal Blade","Shockwave"],"picked":"Perfected Strike","floor":1},{"not_picked":["Cleave","True Grit"],"picked":"Armaments","floor":2},{"not_picked":["Anger","Uppercut"],"picked":"Perfected Strike","floor":4},{"not_picked":["Thunderclap","Anger"],"picked":"Inflame","floor":5},{"not_picked":["Twin Strike","Spot Weakness"],"picked":"Battle Trance","floor":7},{"not_picked":["Carnage","Sword Boomerang"],"picked":"Pommel Strike","floor":11},{"not_picked":["Wild Strike","Intimidate"],"picked":"Double Tap","floor":14},{"not_picked":["Brutality","Dark Embrace"],"picked":"Feed","floor":16},{"not_picked":["Thunderclap","True Grit"],"picked":"Twin Strike","floor":18},{"not_picked":["Flex","Pommel Strike"],"picked":"Shockwave","floor":21},{"not_picked":["Cleave","Body Slam"],"picked":"Spot Weakness+1","floor":23},{"not_picked":["Sword Boomerang","Feel No Pain"],"picked":"Rage","floor":25},{"not_picked":["Reckless Charge+1","Clothesline","Heavy Blade"],"picked":"SKIP","floor":28},{"not_picked":["Combust","Reckless Charge","Flex+1"],"picked":"SKIP","floor":30},{"not_picked":["Blood for Blood+1","True Grit"],"picked":"Barricade","floor":31},{"not_picked":["Exhume","Offering"],"picked":"Reaper","floor":33},{"not_picked":["Ghostly Armor","Anger+1"],"picked":"Perfected Strike","floor":35},{"not_picked":["Armaments","Anger+1","Reckless Charge"],"picked":"SKIP","floor":38},{"not_picked":["Cleave","Armaments+1"],"picked":"Perfected Strike","floor":41},{"not_picked":["Iron Wave+1","Sword Boomerang+1","Thunderclap+1"],"picked":"SKIP","floor":45},{"not_picked":["Body Slam","Armaments"],"picked":"Shrug It Off+1","floor":47},{"not_picked":["Disarm","Clash"],"picked":"Seeing Red","floor":49}],"player_experience":395326,"relics_obtained":[{"floor":7,"key":"Pen Nib"},{"floor":9,"key":"Dream Catcher"},{"floor":23,"key":"Anchor"},{"floor":25,"key":"Vajra"},{"floor":26,"key":"Shuriken"},{"floor":30,"key":"Du-Vu Doll"},{"floor":36,"key":"Dead Branch"},{"floor":41,"key":"Lantern"},{"floor":43,"key":"Regal Pillow"},{"floor":46,"key":"Ice Cream"}],"event_choices":[{"cards_removed":["Doubt"],"damage_healed":0,"gold_gain":0,"player_choice":"Offered Curse","damage_taken":0,"relics_obtained":["Spirit Poop"],"max_hp_gain":0,"max_hp_loss":0,"event_name":"Bonfire Elementals","floor":3,"gold_loss":0},{"damage_healed":0,"gold_gain":0,"player_choice":"Shed Blood","damage_taken":20,"max_hp_gain":5,"max_hp_loss":0,"event_name":"Forgotten Altar","floor":20,"gold_loss":0},{"damage_healed":0,"gold_gain":0,"player_choice":"Ignored","damage_taken":0,"max_hp_gain":0,"max_hp_loss":0,"event_name":"Vampires","floor":22,"gold_loss":0},{"damage_healed":0,"gold_gain":0,"player_choice":"Trade","damage_taken":0,"relics_obtained":["SsserpentHead"],"max_hp_gain":0,"max_hp_loss":0,"event_name":"FaceTrader","floor":27,"gold_loss":0},{"damage_healed":0,"gold_gain":0,"player_choice":"Fight","damage_taken":0,"max_hp_gain":0,"max_hp_loss":0,"event_name":"MindBloom","floor":36,"gold_loss":0},{"damage_healed":0,"gold_gain":0,"player_choice":"Memory 1","damage_taken":0,"max_hp_gain":0,"max_hp_loss":0,"event_name":"SensoryStone","floor":37,"gold_loss":0},{"damage_healed":0,"gold_gain":0,"player_choice":"Fight","damage_taken":0,"max_hp_gain":0,"max_hp_loss":0,"event_name":"Mysterious Sphere","floor":46,"gold_loss":0}],"is_beta":false,"boss_relics":[{"not_picked":["Pandora\u0027s Box","Ectoplasm"],"picked":"Sozu"},{"not_picked":["Calling Bell","Runic Cube"],"picked":"Cursed Key"}],"items_purged_floors":[13,39],"is_endless":false,"potions_floor_spawned":[1,5,11,18,25,28,30,33,41,47],"ascension_level":8}