{"path_per_floor":["M","?","?","?","M","E","M","?","T","?","M","M","M","E","R","B",null,"M","?","M","$","M","R","E","R","T","R","E","?","M","$","R","B",null,"M","$","?","M","M","E","?","M","T","E","R","?","?","M","R","B"],"character_chosen":"THE_SILENT","items_purchased":["Paper Crane","Well Laid Plans"],"gold_per_floor":[114,114,189,189,204,234,249,249,249,249,264,279,294,324,324,424,424,439,439,454,58,73,73,103,103,128,128,158,176,191,91,91,191,191,206,81,81,96,111,141,180,195,195,225,225,225,225,240,240,240],"floor_reached":51,"campfire_rested":1,"playtime":2621,"item_purchase_floors":[21,21],"current_hp_per_floor":[70,56,45,45,45,45,45,45,58,63,63,58,58,58,58,46,94,85,69,68,73,73,73,58,58,64,64,41,4,4,4,35,39,111,95,95,85,95,95,67,66,47,53,56,56,108,108,108,108,67],"items_purged":["Defend_G","Normality","Normality"],"gold":240,"score":880,"play_id":"5e3de5cd-1ffb-4499-ba35-5f124e4554ff","local_time":"20180601190921","daily_mods":["Diverse","Cursed Run","Binary"],"is_prod":false,"is_daily":true,"chose_seed":false,"is_ascension_mode":false,"campfire_upgraded":5,"win_rate":0,"timestamp":1527854961,"campfire_choices":[{"data":"Flex","floor":15,"key":"SMITH"},{"data":"Well Laid Plans","floor":23,"key":"SMITH"},{"data":"Conserve Battery","floor":25,"key":"SMITH"},{"data":"Double Tap","floor":27,"key":"SMITH"},{"floor":32,"key":"REST"},{"data":"Apotheosis","floor":45,"key":"SMITH"},{"floor":49,"key":"DIG"}],"path_taken":["M","?","?","?","M","E","?","?","T","?","M","M","M","E","R","BOSS","M","?","?","?","?","R","E","R","T","R","E","?","?","$","R","BOSS","M","?","?","?","M","E","?","M","T","E","R","?","?","M","R","BOSS"],"build_version":"2018-05-30v2","seed_source_timestamp":0,"purchased_purges":3,"victory":true,"master_deck":["Defend_G","Defend_G","Defend_G","Defend_G","Strike_G+1","Strike_G","Strike_G","Strike_G","Survivor","Neutralize+1","Skewer+1","Injury","Flex+1","Shrug It Off","Cleave","Double Tap+1","Conserve Battery+1","Well Laid Plans+1","Injury","Dagger Spray+1","Flash of Steel","Apotheosis+1","Trip","Reinforced Body","Shrug It Off","Prepared+1","Cloak And Dagger+1","Doubt","Skim","Skewer+1","Pain"],"max_hp_per_floor":[70,70,70,70,70,70,70,70,83,88,88,88,88,88,88,94,94,94,94,94,99,99,99,99,99,105,105,105,105,105,105,105,111,111,111,111,111,111,111,111,111,117,123,123,123,108,108,108,108,114],"relics":["Cursed Key","Darkstone Periapt","Du-Vu Doll","Question Card","Strawberry","Torii","Philosopher\u0027s Stone","Nilry\u0027s Codex","Paper Crane","Shovel","Bag of Preparation","Ancient Tea Set","Red Mask","Runic Dome","Lantern","Thread and Needle","Oddly Smooth Stone","Orichalcum","Pen Nib"],"card_choices":[{"not_picked":["Blood for Blood"],"picked":"Skewer","floor":1},{"not_picked":["Coolheaded","Hemokinesis"],"picked":"SKIP","floor":5},{"not_picked":["Finisher","Recycle"],"picked":"SKIP","floor":6},{"not_picked":["Crippling Poison","Havoc","Genetic Algorithm"],"picked":"SKIP","floor":7},{"not_picked":["Static Discharge","Quick Slash"],"picked":"Flex","floor":11},{"not_picked":["Deadly Poison","Immolate"],"picked":"Shrug It Off","floor":12},{"not_picked":["Slice","Redo","Second Wind"],"picked":"SKIP","floor":13},{"not_picked":["Havoc","Glacier"],"picked":"Cleave","floor":14},{"not_picked":["Reaper","Creative AI"],"picked":"Double Tap","floor":16},{"not_picked":["Anger","Twin Strike+1","Accuracy"],"picked":"SKIP","floor":18},{"not_picked":["Infinite Blades","Second Wind+1"],"picked":"Conserve Battery","floor":20},{"not_picked":["Turbo","Infernal Blade","Rebound"],"picked":"SKIP","floor":22},{"not_picked":["Biased Cognition","Dodge and Roll","Chill"],"picked":"SKIP","floor":24},{"not_picked":["Body Slam","Stack","Sword Boomerang"],"picked":"SKIP","floor":28},{"not_picked":["Bloodletting","Iron Wave+1"],"picked":"Dagger Spray+1","floor":29},{"not_picked":["Searing Blow+1","Redo+1","Melter"],"picked":"SKIP","floor":30},{"not_picked":["Crippling Poison+1","Deadly Poison+1","Clash+1"],"picked":"SKIP","floor":35},{"not_picked":["Panacea","Transmutation"],"picked":"Flash of Steel","floor":37},{"not_picked":["Thinking Ahead","Dark Shackles"],"picked":"Apotheosis","floor":37},{"not_picked":["Secret Weapon","Thinking Ahead"],"picked":"Trip","floor":37},{"not_picked":["Underhanded Strike","Chill+1","Cold Snap+1"],"picked":"SKIP","floor":38},{"not_picked":["Barrage+1","Flechettes"],"picked":"Reinforced Body","floor":39},{"not_picked":["Thunderclap+1","Deflect"],"picked":"Shrug It Off","floor":40},{"not_picked":["Ghostly Armor","Havoc"],"picked":"Prepared+1","floor":41},{"not_picked":["Prepared","Disarm+1"],"picked":"Cloak And Dagger+1","floor":42},{"not_picked":["Combust","Prepared+1"],"picked":"Skim","floor":44},{"not_picked":["Skim","Poisoned Stab","Wild Strike"],"picked":"SKIP","floor":48}],"player_experience":20335,"potions_floor_usage":[14,14,21,24,33,33,33,41,44,50],"damage_taken":[{"damage":0,"enemies":"Jaw Worm","floor":1,"turns":4},{"damage":0,"enemies":"2 Louse","floor":5,"turns":2},{"damage":0,"enemies":"Gremlin Nob","floor":6,"turns":3},{"damage":0,"enemies":"Small Slimes","floor":7,"turns":2},{"damage":0,"enemies":"Exordium Thugs","floor":11,"turns":3},{"damage":5,"enemies":"Looter","floor":12,"turns":2},{"damage":0,"enemies":"Gremlin Gang","floor":13,"turns":4},{"damage":0,"enemies":"Lagavulin","floor":14,"turns":3},{"damage":18,"enemies":"Slime Boss","floor":16,"turns":10},{"damage":9,"enemies":"Shell Parasite","floor":18,"turns":5},{"damage":1,"enemies":"2 Thieves","floor":20,"turns":4},{"damage":0,"enemies":"Sentry and Sphere","floor":22,"turns":2},{"damage":15,"enemies":"Book of Stabbing","floor":24,"turns":5},{"damage":23,"enemies":"Gremlin Leader","floor":28,"turns":6},{"damage":37,"enemies":"Masked Bandits","floor":29,"turns":6},{"damage":0,"enemies":"Centurion and Healer","floor":30,"turns":4},{"damage":2,"enemies":"Champ","floor":33,"turns":10},{"damage":16,"enemies":"Flame Bruiser 1 Orb","floor":35,"turns":4},{"damage":0,"enemies":"3 Shapes","floor":38,"turns":5},{"damage":0,"enemies":"Transient","floor":39,"turns":5},{"damage":28,"enemies":"2 Orb Walkers","floor":40,"turns":5},{"damage":1,"enemies":"Mysterious Sphere","floor":41,"turns":4},{"damage":25,"enemies":"Sphere and 2 Shapes","floor":42,"turns":5},{"damage":7,"enemies":"Nemesis","floor":44,"turns":8},{"damage":0,"enemies":"Maw","floor":48,"turns":5},{"damage":55,"enemies":"Awakened One","floor":50,"turns":11}],"relics_obtained":[{"floor":6,"key":"Question Card"},{"floor":9,"key":"Strawberry"},{"floor":14,"key":"Torii"},{"floor":19,"key":"Nilry\u0027s Codex"},{"floor":24,"key":"Shovel"},{"floor":26,"key":"Bag of Preparation"},{"floor":28,"key":"Ancient Tea Set"},{"floor":29,"key":"Red Mask"},{"floor":40,"key":"Lantern"},{"floor":41,"key":"Thread and Needle"},{"floor":43,"key":"Oddly Smooth Stone"},{"floor":44,"key":"Orichalcum"},{"floor":49,"key":"Pen Nib"}],"event_choices":[{"event_name":"Shining Light","player_choice":"Entered Light","floor":2,"damage_taken":0},{"event_name":"World of Goop","player_choice":"Gather Gold","floor":3,"damage_taken":0},{"event_name":"Upgrade Shrine","player_choice":"Upgraded","floor":4,"damage_taken":0},{"event_name":"Purifier","player_choice":"One Purge","floor":8,"damage_taken":0},{"event_name":"Big Fish","player_choice":"Donut","floor":10,"damage_taken":0},{"event_name":"Cursed Tome","player_choice":"Obtained Book","floor":19,"damage_taken":0},{"event_name":"Masked Bandits","player_choice":"Fought over 158 gold","floor":29,"damage_taken":0},{"event_name":"SensoryStone","player_choice":"Memory 3","floor":37,"damage_taken":0},{"event_name":"Mysterious Sphere","player_choice":"Fight","floor":41,"damage_taken":0},{"event_name":"The Moai Head","player_choice":"Heal","floor":46,"damage_taken":0},{"event_name":"Duplicator","player_choice":"One dupe","floor":47,"damage_taken":0}],"boss_relics":[{"not_picked":["Eternal Feather","Lizard Tail"],"picked":"Philosopher\u0027s Stone"},{"not_picked":["Snecko Eye","Astrolabe"],"picked":"Runic Dome"}],"items_purged_floors":[21,31,36],"potions_floor_spawned":[1,6,11,12,13,16,18,20,22,30,35,40,41,48],"seed_played":"-2361439941801122152","ascension_level":0,"potions_obtained":[{"floor":1,"key":"Weak Potion"},{"floor":6,"key":"Strength Potion"},{"floor":11,"key":"SteroidPotion"},{"floor":12,"key":"FearPotion"},{"floor":16,"key":"GhostInAJar"},{"floor":18,"key":"Swift Potion"},{"floor":20,"key":"Fruit Juice"},{"floor":22,"key":"Energy Potion"},{"floor":30,"key":"SpeedPotion"},{"floor":35,"key":"EssenceOfSteel"},{"floor":40,"key":"Fire Potion"},{"floor":41,"key":"Block Potion"},{"floor":48,"key":"SpeedPotion"}],"is_trial":false}