{"gold_per_floor":[112,187,14,14,14,30,30,63,63,77,77,90,90,146,146,146],"floor_reached":16,"playtime":276,"items_purged":[],"score":273,"play_id":"77cef388-546b-458f-985a-b192031b8b05","local_time":"20190924171806","is_ascension_mode":true,"campfire_choices":[{"data":"Eruption","floor":11,"key":"SMITH"},{"data":"Vigilance","floor":13,"key":"SMITH"},{"data":"WindmillStrike","floor":15,"key":"SMITH"}],"neow_cost":"NONE","seed_source_timestamp":134644315357399,"circlet_count":0,"master_deck":["AscendersBane","Strike_P","Strike_P","Strike_P","Strike_P","Defend_P","Defend_P","Eruption+1","Vigilance+1","WindmillStrike+1"],"relics":["SacredBark","Membership Card","Question Card","Happy Flower","Tiny Chest"],"potions_floor_usage":[8,14,16],"damage_taken":[{"damage":0,"enemies":"Small Slimes","floor":1,"turns":2},{"damage":4,"enemies":"2 Louse","floor":6,"turns":4},{"damage":23,"enemies":"Lagavulin","floor":8,"turns":7},{"damage":0,"enemies":"Cultist","floor":10,"turns":2},{"damage":6,"enemies":"3 Louse","floor":12,"turns":3},{"damage":0,"enemies":"3 Sentries","floor":14,"turns":2},{"damage":0,"enemies":"Slime Boss","floor":16,"turns":5}],"seed_played":"-7990924086562438906","potions_obtained":[{"floor":1,"key":"Block Potion"},{"floor":5,"key":"Explosive Potion"},{"floor":14,"key":"GamblersBrew"}],"is_trial":false,"path_per_floor":["M","?","$","?","?","M","?","E","T","M","R","M","R","E","R","B"],"character_chosen":"WATCHER","items_purchased":["Membership Card"],"campfire_rested":0,"item_purchase_floors":[3],"current_hp_per_floor":[55,44,44,44,44,40,33,10,10,10,10,4,4,4,4,4],"gold":146,"neow_bonus":"BOSS_RELIC","is_prod":false,"is_daily":false,"chose_seed":false,"campfire_upgraded":3,"win_rate":0,"timestamp":1569320286,"path_taken":["M","?","$","?","?","?","?","E","T","M","R","M","R","E","R","BOSS"],"build_version":"2019-09-23","purchased_purges":0,"victory":false,"max_hp_per_floor":[61,61,61,61,61,61,61,61,61,61,61,61,61,61,61,61],"card_choices":[{"not_picked":["Wireheading","Crescendo","ClearTheMind"],"picked":"SKIP","floor":1},{"not_picked":["Sanctity","Crescendo","ThirdEye"],"picked":"SKIP","floor":6},{"not_picked":["EmptyFist","Evaluate"],"picked":"WindmillStrike","floor":8},{"not_picked":["EmptyFist","SpiritShield","Weave","ClearTheMind"],"picked":"SKIP","floor":10},{"not_picked":["EmptyFist","Tantrum","Consecrate","CutThroughFate"],"picked":"SKIP","floor":12},{"not_picked":["Pray","WaveOfTheHand","EmptyFist","Crescendo"],"picked":"SKIP","floor":14}],"player_experience":1143018,"relics_obtained":[{"floor":8,"key":"Question Card"},{"floor":9,"key":"Happy Flower"},{"floor":14,"key":"Tiny Chest"}],"event_choices":[{"damage_healed":0,"gold_gain":75,"player_choice":"Gather Gold","damage_taken":11,"max_hp_gain":0,"max_hp_loss":0,"event_name":"World of Goop","floor":2,"gold_loss":0},{"cards_removed":["Defend_P"],"damage_healed":0,"gold_gain":0,"player_choice":"Forget","damage_taken":0,"max_hp_gain":0,"max_hp_loss":0,"event_name":"Living Wall","floor":4,"gold_loss":0},{"damage_healed":0,"gold_gain":0,"player_choice":"Got Potions","damage_taken":0,"max_hp_gain":0,"max_hp_loss":0,"event_name":"Lab","floor":5,"gold_loss":0},{"cards_removed":["Defend_P"],"damage_healed":0,"gold_gain":0,"player_choice":"Card Removal","damage_taken":7,"max_hp_gain":0,"max_hp_loss":0,"event_name":"Golden Wing","floor":7,"gold_loss":0}],"is_beta":true,"boss_relics":[],"items_purged_floors":[],"is_endless":false,"potions_floor_spawned":[1,6,14],"killed_by":"Slime Boss","ascension_level":21}