{"path_per_floor":["M","$","M","M","M","R","M","E","T","R","?","R","M","E","R","B",null,"M","$","M","?","T","E","M","E","T","R","$","E","$","E","R","B",null,"M","?","M","T","?","R","E","$","T","E","M","E","M","$","R","B"],"character_chosen":"DEFECT","items_purchased":["Mind Blast","Lantern","Vajra","Melter","Beam Cell","Leap","Redo","Ball Lightning","Gash","Heatsinks","Streamline","Coolheaded","White Noise","Melter","Sweeping Beam","Sunder","Tempest","Double Energy","Hello World","Panache","Swift Strike","Toolbox","Shuriken","Cold Snap","Doom and Gloom","Coolheaded","Compile Driver","Beam Cell","Stack","Turbo","Blizzard","Gash","Rebound","Doom and Gloom","Recycle","Stack","BootSequence"],"gold_per_floor":[114,8,23,38,53,53,68,98,123,123,373,373,388,718,718,818,818,833,401,416,416,416,446,461,491,516,516,396,426,132,162,162,262,262,277,499,514,589,1588,1588,1648,558,558,588,603,633,648,37,37,37],"floor_reached":51,"campfire_rested":2,"playtime":652,"item_purchase_floors":[2,19,19,19,19,19,28,28,28,30,30,30,30,30,42,42,42,42,42,42,42,42,42,48,48,48,48,48,48,48,48,48,48,48,48,48,48],"current_hp_per_floor":[65,65,54,54,38,38,38,38,38,38,38,38,38,38,38,38,75,75,75,75,75,75,75,75,75,75,75,75,75,75,82,82,82,82,82,82,79,79,79,82,82,82,82,82,82,82,79,79,82,82],"items_purged":[],"gold":37,"score":1946,"play_id":"311962ac-8c59-420a-a18d-df213197c4e5","local_time":"20180607224341","daily_mods":["Brewmaster","Elite Swarm","Hoarder"],"is_prod":false,"is_daily":true,"chose_seed":false,"is_ascension_mode":false,"campfire_upgraded":6,"win_rate":0,"timestamp":1528386221,"campfire_choices":[{"data":"Mind Blast","floor":6,"key":"SMITH"},{"data":"Mind Blast","floor":10,"key":"SMITH"},{"data":"Mind Blast","floor":12,"key":"SMITH"},{"data":"Hologram","floor":15,"key":"SMITH"},{"data":"Seek","floor":27,"key":"SMITH"},{"data":"Strike_B","floor":32,"key":"SMITH"},{"floor":40,"key":"REST"},{"floor":49,"key":"REST"}],"path_taken":["M","$","M","M","M","R","?","E","T","R","?","R","?","E","R","BOSS","M","$","M","?","?","E","M","E","T","R","$","E","$","E","R","BOSS","M","?","?","?","?","R","E","$","T","E","?","E","M","$","R","BOSS"],"build_version":"2018-06-06","seed_source_timestamp":0,"purchased_purges":0,"victory":true,"master_deck":["Strike_B","Strike_B","Strike_B+1","Strike_B","Defend_B","Defend_B","Defend_B","Defend_B","Zap","Dualcast","Venomology","Venomology","Venomology","Venomology","Venomology","Venomology","Venomology","Venomology","Venomology","Venomology","Venomology","Venomology","Venomology","Venomology","Venomology","Rebound","Rebound","Rebound","Mind Blast+1","Mind Blast+1","Mind Blast+1","Fusion","Fusion","Fusion","Hologram","Hologram+1","Hologram","Recycle","Recycle","Recycle","Stack","Stack","Stack","Thunder Strike","Thunder Strike","Thunder Strike","Regret","Regret","Regret","Gash","Gash","Gash","Hyperbeam","Hyperbeam","Hyperbeam","Reboot","Reboot","Reboot","Beam Cell+1","Beam Cell+1","Beam Cell+1","Melter+1","Melter","Melter+1","Beam Cell","Beam Cell","Beam Cell","Leap","Leap","Leap","Reprogram","Reprogram","Reprogram","Conserve Battery","Conserve Battery","Conserve Battery","Core Surge","Core Surge","Core Surge","Streamline","Streamline","Streamline","Seek+1","Seek","Seek","Redo","Redo","Redo","Ball Lightning","Ball Lightning","Ball Lightning","Gash","Gash","Gash","Seek","Seek","Seek","Heatsinks","Heatsinks","Heatsinks","Streamline","Streamline","Streamline","Coolheaded","Coolheaded","Coolheaded","White Noise","White Noise","White Noise","Melter","Melter","Melter","Amplify","Amplify","Amplify","Meteor Strike","Meteor Strike","Meteor Strike","Parasite","Parasite","Parasite","Parasite","Parasite","Parasite","Pain","Pain","Pain","Turbo+1","Turbo+1","Turbo+1","Ball Lightning","Ball Lightning","Ball Lightning","Normality","Normality","Normality","Normality","Normality","Normality","Creative AI","Creative AI","Creative AI","Sweeping Beam","Sweeping Beam","Sweeping Beam","Sunder","Sunder","Sunder","Tempest","Tempest","Tempest","Double Energy","Double Energy","Double Energy","Hello World","Hello World","Hello World","Panache","Panache","Panache","Swift Strike","Swift Strike","Swift Strike","Core Surge","Core Surge","Core Surge","Melter+1","Melter+1","Melter+1","Hyperbeam","Hyperbeam","Hyperbeam","Gash","Gash","Gash","Cold Snap","Cold Snap","Cold Snap","Doom and Gloom","Doom and Gloom","Doom and Gloom","Coolheaded","Coolheaded","Coolheaded","Compile Driver","Compile Driver","Compile Driver","Beam Cell","Beam Cell","Beam Cell","Stack","Stack","Stack","Turbo","Turbo","Turbo","Blizzard","Blizzard","Blizzard","Gash","Gash","Gash","Rebound","Rebound","Rebound","Doom and Gloom","Doom and Gloom","Doom and Gloom","Recycle","Recycle","Recycle","Stack","Stack","Stack","BootSequence","BootSequence","BootSequence"],"max_hp_per_floor":[75,75,75,75,75,75,75,75,75,75,75,75,75,75,75,75,75,75,75,75,75,75,75,75,75,75,75,75,75,75,82,82,82,82,82,82,82,82,82,82,82,82,82,82,82,82,82,82,82,82],"relics":["Cracked Core","White Beast Statue","Bronze Scales","Boot","Old Coin","Runic Dome","Lantern","Vajra","Red Mask","Kunai","Pantograph","Anchor","Art of War","Symbiotic Virus","Strawberry","Calling Bell","Happy Flower","Matryoshka","Emotion Chip","Whetstone","Letter Opener","Tiny Chest","Toolbox","Shuriken","Potion Belt","Ancient Tea Set","Orichalcum","The Courier"],"card_choices":[{"not_picked":["Static Discharge","Streamline"],"picked":"Rebound","floor":1},{"not_picked":["Redo","Barrage"],"picked":"Fusion","floor":3},{"not_picked":["Machine Learning","Turbo"],"picked":"Hologram","floor":4},{"not_picked":["Loop","Ball Lightning"],"picked":"Recycle","floor":5},{"not_picked":["Genetic Algorithm","Tempest"],"picked":"Stack","floor":7},{"not_picked":["Machine Learning","Electrodynamics"],"picked":"Thunder Strike","floor":8},{"not_picked":["Rebound","Hologram"],"picked":"Gash","floor":13},{"not_picked":["Rainbow","Fission"],"picked":"Hyperbeam","floor":14},{"not_picked":["Rainbow","Amplify"],"picked":"Reboot","floor":16},{"not_picked":["Scrape","Stack"],"picked":"Beam Cell+1","floor":18},{"not_picked":["Glacier","Go for the Eyes"],"picked":"Reprogram","floor":20},{"not_picked":["Cold Snap+1","Chill"],"picked":"Conserve Battery","floor":21},{"not_picked":["Electrodynamics","Rainbow"],"picked":"Core Surge","floor":23},{"not_picked":["Compile Driver","Double Energy"],"picked":"Streamline","floor":24},{"not_picked":["Core Surge","Rainbow"],"picked":"Seek","floor":25},{"not_picked":["Amplify","Thunder Strike"],"picked":"Seek","floor":29},{"not_picked":["Biased Cognition","Machine Learning"],"picked":"Amplify","floor":31},{"not_picked":["Multi-Cast","Reboot"],"picked":"Meteor Strike","floor":33},{"not_picked":["Sweeping Beam+1","Streamline+1"],"picked":"Turbo+1","floor":35},{"not_picked":["Compile Driver","Multi-Cast"],"picked":"Ball Lightning","floor":37},{"not_picked":["Machine Learning","Multi-Cast"],"picked":"Creative AI","floor":41},{"not_picked":["Reboot","Multi-Cast"],"picked":"Core Surge","floor":44},{"not_picked":["Rebound","Auto Shields+1"],"picked":"Melter+1","floor":45},{"not_picked":["Rainbow","All For One"],"picked":"Hyperbeam","floor":46},{"not_picked":["Redo","Rip and Tear+1"],"picked":"Gash","floor":47}],"player_experience":43148,"potions_floor_usage":[1,3,3,4,5,5,5,7,8,16,16,16,50],"damage_taken":[{"damage":10,"enemies":"Cultist","floor":1,"turns":4},{"damage":11,"enemies":"Jaw Worm","floor":3,"turns":2},{"damage":0,"enemies":"2 Louse","floor":4,"turns":2},{"damage":16,"enemies":"Lots of Slimes","floor":5,"turns":3},{"damage":0,"enemies":"2 Fungi Beasts","floor":7,"turns":2},{"damage":0,"enemies":"3 Sentries","floor":8,"turns":2},{"damage":0,"enemies":"3 Louse","floor":13,"turns":1},{"damage":0,"enemies":"Gremlin Nob","floor":14,"turns":1},{"damage":0,"enemies":"Hexaghost","floor":16,"turns":1},{"damage":0,"enemies":"Shell Parasite","floor":18,"turns":1},{"damage":0,"enemies":"3 Byrds","floor":20,"turns":1},{"damage":0,"floor":21,"turns":1},{"damage":0,"enemies":"Slavers","floor":23,"turns":1},{"damage":0,"enemies":"Snecko","floor":24,"turns":1},{"damage":0,"enemies":"Book of Stabbing","floor":25,"turns":1},{"damage":0,"enemies":"Gremlin Leader","floor":29,"turns":1},{"damage":0,"enemies":"Book of Stabbing","floor":31,"turns":1},{"damage":0,"enemies":"Collector","floor":33,"turns":1},{"damage":0,"enemies":"Orb Walker","floor":35,"turns":1},{"damage":3,"enemies":"3 Darklings","floor":37,"turns":1},{"damage":0,"enemies":"Nemesis","floor":41,"turns":1},{"damage":0,"enemies":"Giant Head","floor":44,"turns":1},{"damage":0,"enemies":"Maw","floor":45,"turns":1},{"damage":0,"enemies":"2 Orb Walkers","floor":46,"turns":1},{"damage":3,"enemies":"4 Shapes","floor":47,"turns":2},{"damage":0,"enemies":"Donu and Deca","floor":50,"turns":1}],"relics_obtained":[{"floor":8,"key":"Bronze Scales"},{"floor":9,"key":"Boot"},{"floor":14,"key":"Old Coin"},{"floor":21,"key":"Red Mask"},{"floor":22,"key":"Kunai"},{"floor":23,"key":"Pantograph"},{"floor":25,"key":"Anchor"},{"floor":26,"key":"Art of War"},{"floor":29,"key":"Symbiotic Virus"},{"floor":31,"key":"Strawberry"},{"floor":34,"key":"Happy Flower"},{"floor":34,"key":"Matryoshka"},{"floor":34,"key":"Emotion Chip"},{"floor":38,"key":"Whetstone"},{"floor":38,"key":"Letter Opener"},{"floor":41,"key":"Tiny Chest"},{"floor":43,"key":"Potion Belt"},{"floor":43,"key":"Ancient Tea Set"},{"floor":44,"key":"Orichalcum"},{"floor":46,"key":"The Courier"}],"event_choices":[{"event_name":"Golden Shrine","player_choice":"Desecrate","floor":11,"damage_taken":0},{"event_name":"Masked Bandits","player_choice":"Fought over 416 gold","floor":21,"damage_taken":0},{"event_name":"Tomb of Lord Red Mask","player_choice":"Wore Mask","floor":36,"damage_taken":0},{"event_name":"MindBloom","player_choice":"Gold","floor":39,"damage_taken":0}],"boss_relics":[{"not_picked":["Philosopher\u0027s Stone","Ectoplasm"],"picked":"Runic Dome"},{"not_picked":["Inserter","Snecko Eye"],"picked":"Calling Bell"}],"items_purged_floors":[],"potions_floor_spawned":[1,3,4,5,7,8,13,14,16,18,20,21,23,24,25,29,31,33,35,37,41,44,45,46,47],"seed_played":"780914286428211859","ascension_level":0,"potions_obtained":[{"floor":4,"key":"AttackPotion"},{"floor":5,"key":"FearPotion"},{"floor":16,"key":"Weak Potion"},{"floor":18,"key":"EssenceOfSteel"},{"floor":20,"key":"PowerPotion"},{"floor":45,"key":"Weak Potion"},{"floor":46,"key":"SteroidPotion"}],"is_trial":false}