{"gold_per_floor":[114,129,144,16,31,61,76,76,101,101,176,126,141,173,173,273,273,288,303,303,318,18,18,48,48,73,88,103,103,118,133,133,233,233,248,263,278,278,293,323,323,92,92,92,107,107,122,137,137,137],"floor_reached":51,"playtime":2303,"items_purged":["Defend_G"],"score":755,"play_id":"b64acf41-8425-4e3f-801d-2afd3bdb0d4c","local_time":"20180711115354","daily_mods":["Heirloom","Uncertain Future","Lethality"],"is_ascension_mode":false,"campfire_choices":[{"data":"Neutralize","floor":8,"key":"SMITH"},{"floor":10,"key":"DIG"},{"data":"Cloak And Dagger","floor":15,"key":"SMITH"},{"data":"Finisher","floor":23,"key":"SMITH"},{"data":"Wraith Form v2","floor":29,"key":"SMITH"},{"floor":32,"key":"REST"},{"data":"Glass Knife","floor":46,"key":"SMITH"},{"floor":49,"key":"REST"}],"neow_cost":"","seed_source_timestamp":0,"circlet_count":0,"master_deck":["Defend_G","Defend_G","Defend_G","Strike_G","Strike_G+1","Survivor","Neutralize+1","PiercingWail","PiercingWail","Dagger Spray","Heel Hook+1","Sucker Punch","Backflip","Cloak And Dagger+1","Die Die Die","Finisher+1","Slice+1","Malaise+1","Wraith Form v2+1","Terror","Glass Knife+1","Writhe","Leg Sweep+1","Burst","Malaise+1"],"special_seed":17723,"relics":["Ring of the Snake","Du-Vu Doll","Shovel","Whetstone","Potion Belt","Singing Bowl","Empty Cage","Gambling Chip","Dream Catcher","Lantern","Sozu","Ancient Tea Set","Ice Cream"],"potions_floor_usage":[6,13,14,16,16,16,19,21,24,27,27,27,28,33,33,33,33,33,33],"damage_taken":[{"damage":0,"enemies":"Small Slimes","floor":1,"turns":4},{"damage":0,"enemies":"Jaw Worm","floor":2,"turns":2},{"damage":0,"enemies":"2 Louse","floor":3,"turns":2},{"damage":3,"enemies":"Looter","floor":5,"turns":4},{"damage":20,"enemies":"3 Sentries","floor":6,"turns":5},{"damage":0,"enemies":"2 Fungi Beasts","floor":7,"turns":2},{"damage":3,"enemies":"3 Louse","floor":13,"turns":2},{"damage":4,"enemies":"Lagavulin Event","floor":14,"turns":5},{"damage":11,"enemies":"Hexaghost","floor":16,"turns":9},{"damage":1,"enemies":"Chosen","floor":18,"turns":4},{"damage":2,"enemies":"Shell Parasite","floor":19,"turns":4},{"damage":35,"enemies":"Snecko","floor":21,"turns":6},{"damage":28,"enemies":"Gremlin Leader","floor":24,"turns":6},{"damage":0,"enemies":"Sentry and Sphere","floor":27,"turns":2},{"damage":1,"enemies":"3 Cultists","floor":28,"turns":3},{"damage":0,"enemies":"Centurion and Healer","floor":30,"turns":3},{"damage":0,"enemies":"Snake Plant","floor":31,"turns":4},{"damage":10,"enemies":"Automaton","floor":33,"turns":9},{"damage":10,"enemies":"3 Darklings","floor":35,"turns":4},{"damage":12,"enemies":"Flame Bruiser 1 Orb","floor":36,"turns":4},{"damage":2,"enemies":"Spire Growth","floor":37,"turns":3},{"damage":23,"enemies":"Maw","floor":39,"turns":7},{"damage":35,"enemies":"2 Orb Walkers","floor":40,"turns":5},{"damage":6,"enemies":"Sphere and 2 Shapes","floor":45,"turns":4},{"damage":1,"enemies":"Transient","floor":47,"turns":5},{"damage":0,"enemies":"Flame Bruiser 2 Orb","floor":48,"turns":2},{"damage":40,"enemies":"Time Eater","floor":50,"turns":21}],"seed_played":"-1904894230533814690","potions_obtained":[{"floor":2,"key":"AttackPotion"},{"floor":7,"key":"Explosive Potion"},{"floor":13,"key":"GhostInAJar"},{"floor":14,"key":"SkillPotion"},{"floor":21,"key":"SneckoOil"},{"floor":25,"key":"Fire Potion"},{"floor":25,"key":"PowerPotion"},{"floor":25,"key":"Fruit Juice"},{"floor":30,"key":"SkillPotion"},{"floor":31,"key":"Fruit Juice"}],"is_trial":false,"path_per_floor":["M","M","M","$","M","E","M","R","T","R","?","?","M","?","R","B",null,"M","M","?","M","$","R","E","?","T","M","M","R","M","M","R","B",null,"M","M","M","?","M","E","?","$","T","?","M","R","M","M","R","B"],"character_chosen":"THE_SILENT","items_purchased":["Heel Hook","Sucker Punch","Gambling Chip","Burst"],"campfire_rested":2,"item_purchase_floors":[4,4,22,42],"current_hp_per_floor":[70,70,70,70,67,47,47,47,47,47,36,36,33,29,29,18,70,69,67,67,32,32,32,6,6,6,13,12,12,14,16,40,35,88,80,70,70,94,71,38,38,38,38,34,30,30,31,33,65,25],"gold":137,"neow_bonus":"","is_prod":false,"is_daily":true,"chose_seed":false,"campfire_upgraded":5,"win_rate":0,"timestamp":1531284834,"path_taken":["M","M","M","$","M","E","M","R","T","R","?","?","M","?","R","BOSS","M","M","?","M","$","R","E","?","T","M","M","R","?","M","R","BOSS","M","M","M","?","M","E","?","$","T","?","M","R","M","M","R","BOSS"],"build_version":"2018-07-09","purchased_purges":1,"victory":true,"max_hp_per_floor":[70,70,70,70,70,70,70,70,70,70,70,70,70,70,70,70,70,70,70,70,70,70,70,72,72,72,79,79,79,81,83,83,88,88,90,92,94,94,94,96,96,96,96,102,104,104,106,108,108,108],"card_choices":[{"not_picked":["Deadly Poison","Poisoned Stab"],"picked":"PiercingWail","floor":1},{"not_picked":["Infinite Blades","Dash"],"picked":"PiercingWail","floor":2},{"not_picked":["Flying Knee","Masterful Stab"],"picked":"Dagger Spray","floor":3},{"not_picked":["Endless Agony","Infinite Blades","Sucker Punch"],"picked":"SKIP","floor":5},{"not_picked":["Outmaneuver","Dash"],"picked":"Venomology","floor":6},{"not_picked":["Slice","Quick Slash","Bane"],"picked":"SKIP","floor":7},{"not_picked":["Catalyst","Masterful Stab"],"picked":"Backflip","floor":13},{"not_picked":["Outmaneuver","Sucker Punch"],"picked":"Cloak And Dagger","floor":14},{"not_picked":["Envenom","Night Terror"],"picked":"Die Die Die","floor":16},{"not_picked":["Poisoned Stab","Dagger Spray+1"],"picked":"Finisher","floor":18},{"not_picked":["PiercingWail","Deadly Poison"],"picked":"Slice+1","floor":19},{"not_picked":["Quick Slash","Dagger Throw+1"],"picked":"Malaise+1","floor":21},{"not_picked":["Slice+1","Dagger Throw","Well Laid Plans"],"picked":"Singing Bowl","floor":24},{"not_picked":["Predator","Calculated Gamble","Bouncing Flask"],"picked":"Singing Bowl","floor":27},{"not_picked":["Deflect","Backflip"],"picked":"Wraith Form v2","floor":28},{"not_picked":["Poisoned Stab+1","Prepared","Deadly Poison"],"picked":"Singing Bowl","floor":30},{"not_picked":["Reflex","Dodge and Roll","Deflect"],"picked":"Singing Bowl","floor":31},{"not_picked":["All Out Attack","Deflect"],"picked":"Terror","floor":32},{"not_picked":["Venomology","Night Terror"],"picked":"Glass Knife","floor":33},{"not_picked":["Deadly Poison+1","Reflex","Dagger Spray"],"picked":"Singing Bowl","floor":35},{"not_picked":["Predator+1","Flying Knee+1","Sucker Punch"],"picked":"Singing Bowl","floor":36},{"not_picked":["Underhanded Strike","Quick Slash","Concentrate"],"picked":"Singing Bowl","floor":37},{"not_picked":["Backflip","Predator"],"picked":"Leg Sweep+1","floor":39},{"not_picked":["PiercingWail","A Thousand Cuts","Calculated Gamble+1"],"picked":"Singing Bowl","floor":40},{"not_picked":["PanicButton","Madness","Jack Of All Trades"],"picked":"Singing Bowl","floor":44},{"not_picked":["Madness","Jack Of All Trades","Dramatic Entrance"],"picked":"Singing Bowl","floor":44},{"not_picked":["Transmutation","Trip","Swift Strike"],"picked":"Singing Bowl","floor":44},{"not_picked":["Riddle With Holes+1","Deadly Poison","Outmaneuver"],"picked":"Singing Bowl","floor":45},{"not_picked":["Dagger Spray","Calculated Gamble","Bane+1"],"picked":"Singing Bowl","floor":47},{"not_picked":["Underhanded Strike","Blade Dance","Dagger Spray+1"],"picked":"Singing Bowl","floor":48},{"not_picked":["Acrobatics+1","Underhanded Strike+1"],"picked":"Malaise+1","floor":49}],"player_experience":187892,"relics_obtained":[{"floor":6,"key":"Shovel"},{"floor":9,"key":"Whetstone"},{"floor":10,"key":"Potion Belt"},{"floor":14,"key":"Singing Bowl"},{"floor":24,"key":"Dream Catcher"},{"floor":26,"key":"Lantern"},{"floor":40,"key":"Ancient Tea Set"},{"floor":43,"key":"Ice Cream"}],"event_choices":[{"event_name":"World of Goop","player_choice":"Gather Gold","floor":11,"damage_taken":0},{"event_name":"The Cleric","player_choice":"Card Removal","floor":12,"damage_taken":0},{"event_name":"Dead Adventurer","player_choice":"Searched \u00272\u0027 times","floor":14,"damage_taken":0},{"event_name":"Purifier","player_choice":"One Purge","floor":20,"damage_taken":0},{"event_name":"The Lab","player_choice":"Got Potions","floor":25,"damage_taken":0},{"event_name":"Winding Halls","player_choice":"Writhe","floor":38,"damage_taken":0},{"event_name":"Wheel of Change","player_choice":"Card Removal","floor":41,"damage_taken":0},{"event_name":"SensoryStone","player_choice":"Memory 3","floor":44,"damage_taken":0}],"boss_relics":[{"not_picked":["Velvet Choker","Tiny House"],"picked":"Empty Cage"},{"not_picked":["Astrolabe","Eternal Feather"],"picked":"Sozu"}],"items_purged_floors":[42],"is_endless":false,"potions_floor_spawned":[2,7,13,14,21,30,31,35,39,40,47],"ascension_level":0}