{"gold_per_floor":[218,234,254,266,266,266,300,22,22,56,56],"floor_reached":11,"playtime":352,"items_purged":[],"score":166,"play_id":"dbc2095b-ca93-43ba-8cc1-3a9697434914","local_time":"20190415192346","is_ascension_mode":true,"campfire_choices":[{"floor":6,"key":"REST"}],"neow_cost":"NONE","seed_source_timestamp":265643153063508,"circlet_count":0,"master_deck":["AscendersBane","Strike_B","Strike_B","Strike_B","Strike_B","Defend_B","Defend_B","Defend_B","Defend_B","Zap","Dualcast","Cold Snap","Barrage","Go for the Eyes+1","Coolheaded","Gash","Compile Driver","Cold Snap+1"],"relics":["Cracked Core","Matryoshka","Lantern","Question Card","Molten Egg 2","Du-Vu Doll"],"potions_floor_usage":[7,10,10],"damage_taken":[{"damage":10,"enemies":"Small Slimes","floor":1,"turns":3},{"damage":10,"enemies":"Jaw Worm","floor":2,"turns":3},{"damage":1,"enemies":"Cultist","floor":3,"turns":3},{"damage":12,"enemies":"Red Slaver","floor":4,"turns":3},{"damage":17,"enemies":"Lagavulin","floor":7,"turns":7},{"damage":22,"enemies":"Gremlin Nob","floor":10,"turns":4},{"damage":14,"enemies":"3 Louse","floor":11,"turns":2}],"seed_played":"6814989258184569167","potions_obtained":[{"floor":2,"key":"Strength Potion"},{"floor":7,"key":"Ancient Potion"}],"is_trial":false,"path_per_floor":["M","M","M","M","?","R","E","$","T","E","M"],"character_chosen":"DEFECT","items_purchased":["Compile Driver","Lantern","Poison Potion"],"campfire_rested":1,"item_purchase_floors":[8,8,8],"current_hp_per_floor":[54,44,43,31,31,52,35,35,35,13,0],"gold":56,"neow_bonus":"HUNDRED_GOLD","is_prod":false,"is_daily":false,"chose_seed":false,"campfire_upgraded":0,"win_rate":0,"timestamp":1555370626,"path_taken":["M","M","M","M","?","R","E","$","T","E","M"],"build_version":"2019-01-23","purchased_purges":0,"victory":false,"max_hp_per_floor":[71,71,71,71,71,71,71,71,71,71,71],"card_choices":[{"not_picked":["Stack","Hologram"],"picked":"Cold Snap","floor":1},{"not_picked":["Conserve Battery","Sweeping Beam"],"picked":"Barrage","floor":2},{"not_picked":["Steam","Amplify"],"picked":"Go for the Eyes","floor":3},{"not_picked":["Stack","Storm"],"picked":"Coolheaded","floor":4},{"not_picked":["Hologram","Turbo"],"picked":"Gash","floor":7},{"not_picked":["Stack","Force Field","Chill"],"picked":"Cold Snap+1","floor":10}],"player_experience":700905,"relics_obtained":[{"floor":7,"key":"Matryoshka"},{"floor":9,"key":"Question Card"},{"floor":9,"key":"Molten Egg 2"},{"floor":10,"key":"Du-Vu Doll"}],"event_choices":[{"damage_healed":0,"gold_gain":0,"player_choice":"Grow","damage_taken":0,"max_hp_gain":0,"max_hp_loss":0,"event_name":"Living Wall","floor":5,"gold_loss":0,"cards_upgraded":["Go for the Eyes"]}],"is_beta":false,"boss_relics":[],"items_purged_floors":[],"is_endless":false,"potions_floor_spawned":[2,7],"killed_by":"3 Louse","ascension_level":20}