{"gold_per_floor":[117,134,209,209,226,252,108,157,157,177,204,216,216,246,246,342,342,282,282,207,223,242,242,273,283,283,314,25,43,43,43,43,138,138,148,148,148,98,115,128,142,159,212,212],"floor_reached":44,"playtime":4841,"items_purged":["Strike_B","Strike_B"],"score":458,"play_id":"43420ef4-6e99-4b0d-a6d8-65849749a7ee","local_time":"20190529000910","is_ascension_mode":false,"campfire_choices":[{"floor":13.0,"key":"RECALL"},{"floor":15.0,"key":"REST"},{"data":"Echo Form","floor":23.0,"key":"SMITH"},{"floor":30.0,"key":"REST"},{"floor":32.0,"key":"REST"}],"neow_cost":"NONE","seed_source_timestamp":0,"circlet_count":0,"master_deck":["Defend_B","Defend_B+1","Zap","Dualcast","BootSequence+1","Gash+1","Conserve Battery","White Noise","Reinforced Body","Creative AI","Conserve Battery","Defragment","Echo Form+1","Tempest+1","Amplify","Cold Snap+1","Self Repair+1"],"special_seed":0,"relics":["Cracked Core","Strawberry","Bag of Marbles","Molten Egg 2","Smiling Mask","War Paint","Odd Mushroom","Runic Pyramid","MutagenicStrength","Bottled Flame","Gremlin Horn","Anchor","Whetstone","Bronze Scales","Empty Cage","Bag of Preparation"],"potions_floor_usage":[44,44],"damage_taken":[{"damage":1.0,"enemies":"Cultist","floor":1.0,"turns":3.0},{"damage":1.0,"enemies":"Jaw Worm","floor":2.0,"turns":2.0},{"damage":0.0,"enemies":"Small Slimes","floor":5.0,"turns":3.0},{"damage":34.0,"enemies":"Gremlin Nob","floor":6.0,"turns":5.0},{"damage":0.0,"enemies":"Looter","floor":10.0,"turns":4.0},{"damage":8.0,"enemies":"Lagavulin","floor":11.0,"turns":8.0},{"damage":0.0,"enemies":"Blue Slaver","floor":12.0,"turns":4.0},{"damage":0.0,"enemies":"The Mushroom Lair","floor":14.0,"turns":6.0},{"damage":16.0,"enemies":"Slime Boss","floor":16.0,"turns":11.0},{"damage":7.0,"enemies":"2 Thieves","floor":18.0,"turns":4.0},{"damage":14.0,"enemies":"Chosen","floor":21.0,"turns":6.0},{"damage":0.0,"enemies":"Snecko","floor":22.0,"turns":7.0},{"damage":33.0,"enemies":"Book of Stabbing","floor":24.0,"turns":6.0},{"damage":3.0,"enemies":"Snake Plant","floor":25.0,"turns":4.0},{"damage":19.0,"enemies":"Slavers","floor":27.0,"turns":8.0},{"damage":0.0,"enemies":"Shelled Parasite and Fungi","floor":29.0,"turns":5.0},{"damage":27.0,"enemies":"Automaton","floor":33.0,"turns":12.0},{"damage":5.0,"enemies":"3 Shapes","floor":35.0,"turns":6.0},{"damage":25.0,"enemies":"3 Darklings","floor":39.0,"turns":6.0},{"damage":3.0,"enemies":"Spire Growth","floor":40.0,"turns":6.0},{"damage":15,"enemies":"Writhing Mass","floor":41,"turns":9},{"damage":2,"enemies":"4 Shapes","floor":42,"turns":6},{"damage":41,"enemies":"2 Orb Walkers","floor":44,"turns":5}],"seed_played":"6552790540214016857","potions_obtained":[{"floor":1.0,"key":"LiquidBronze"},{"floor":5.0,"key":"SpeedPotion"},{"floor":6.0,"key":"Energy Potion"},{"floor":16.0,"key":"AttackPotion"},{"floor":22.0,"key":"Block Potion"},{"floor":24.0,"key":"SkillPotion"},{"floor":25.0,"key":"Fire Potion"},{"floor":33.0,"key":"LiquidBronze"},{"floor":35.0,"key":"Block Potion"},{"floor":39.0,"key":"SkillPotion"},{"floor":41,"key":"FearPotion"}],"is_trial":false,"path_per_floor":["M","M","?","?","M","E","$","T","T","M","E","M","R","?","R","B",null,"M","?","?","M","M","R","E","M","T","E","$","M","R","$","R","B",null,"M","?","?","$","M","M","M","M","T","?"],"character_chosen":"DEFECT","items_purchased":["White Noise","Whetstone","Bronze Scales"],"campfire_rested":3,"item_purchase_floors":[7,28,28],"current_hp_per_floor":[81,80,69,69,69,35,35,35,35,35,27,27,27,27,51,35,82,75,75,75,61,61,61,28,25,25,6,6,6,30,30,54,27,82,77,77,77,77,52,49,34,32,32,0],"gold":212,"neow_bonus":"RANDOM_COMMON_RELIC","is_prod":false,"is_daily":false,"chose_seed":false,"campfire_upgraded":1,"win_rate":0,"timestamp":1559081350,"path_taken":["M","M","?","?","?","E","$","?","T","M","E","M","R","?","R","BOSS","M","?","?","M","M","R","E","M","T","E","$","M","R","$","R","BOSS","M","?","?","$","M","M","M","?","T","?"],"build_version":"2019-01-23","purchased_purges":2,"victory":false,"max_hp_per_floor":[82,82,82,82,82,82,82,82,82,82,82,82,82,82,82,82,82,82,82,82,82,82,82,82,82,82,82,82,82,82,82,82,82,82,82,82,82,82,82,82,82,82,82,82],"card_choices":[{"not_picked":["Coolheaded","Hologram"],"picked":"BootSequence","floor":1.0},{"not_picked":["Static Discharge","Coolheaded"],"picked":"Gash","floor":2.0},{"not_picked":["Coolheaded","Beam Cell"],"picked":"Conserve Battery","floor":5.0},{"not_picked":["Undo","Compile Driver","Turbo"],"picked":"SKIP","floor":6.0},{"not_picked":["Turbo","Stack"],"picked":"Reinforced Body","floor":10.0},{"not_picked":["Barrage+1","Cold Snap+1"],"picked":"Creative AI","floor":11.0},{"not_picked":["Recycle","Auto Shields"],"picked":"Conserve Battery","floor":12.0},{"not_picked":["Rebound+1","Leap"],"picked":"Defragment","floor":14.0},{"not_picked":["Electrodynamics","Core Surge+1"],"picked":"Echo Form","floor":16.0},{"not_picked":["Sunder+1","Reinforced Body+1","Leap"],"picked":"SKIP","floor":18.0},{"not_picked":["Consume","Hello World+1"],"picked":"Tempest+1","floor":21.0},{"not_picked":["Go for the Eyes+1","Compile Driver+1","Coolheaded"],"picked":"SKIP","floor":22.0},{"not_picked":["Darkness+1","Sunder+1","Rebound+1"],"picked":"SKIP","floor":24.0},{"not_picked":["Stack+1","Ball Lightning+1","Sunder+1"],"picked":"SKIP","floor":25.0},{"not_picked":["Stack+1","Rainbow","Conserve Battery"],"picked":"SKIP","floor":27.0},{"not_picked":["Consume+1","Go for the Eyes+1","Coolheaded"],"picked":"SKIP","floor":29.0},{"not_picked":["Reboot","Hyperbeam+1"],"picked":"Amplify","floor":33.0},{"not_picked":["Hologram","Sweeping Beam+1","White Noise"],"picked":"SKIP","floor":35.0},{"not_picked":["Rip and Tear+1","Reprogram+1"],"picked":"Cold Snap+1","floor":39.0},{"not_picked":["Leap","Blizzard+1","Doom and Gloom+1"],"picked":"SKIP","floor":40},{"not_picked":["Amplify","Skim+1","Barrage+1"],"picked":"SKIP","floor":41},{"not_picked":["Rebound+1","Leap"],"picked":"Self Repair+1","floor":42}],"player_experience":108077,"relics_obtained":[{"floor":6.0,"key":"Molten Egg 2"},{"floor":9.0,"key":"Smiling Mask"},{"floor":11.0,"key":"War Paint"},{"floor":14.0,"key":"Odd Mushroom"},{"floor":24.0,"key":"Bottled Flame"},{"floor":26.0,"key":"Gremlin Horn"},{"floor":27.0,"key":"Anchor"},{"floor":43,"key":"Bag of Preparation"}],"event_choices":[{"damage_healed":0.0,"max_hp_gain":0.0,"max_hp_loss":0.0,"gold_gain":75.0,"event_name":"World of Goop","player_choice":"Gather Gold","floor":3.0,"gold_loss":0.0,"damage_taken":11.0},{"damage_healed":0.0,"max_hp_gain":0.0,"max_hp_loss":0.0,"gold_gain":0.0,"event_name":"WeMeetAgain","player_choice":"Gave Potion","floor":4.0,"gold_loss":0.0,"damage_taken":0.0,"relics_obtained":["Bag of Marbles"]},{"damage_healed":0.0,"max_hp_gain":0.0,"max_hp_loss":0.0,"gold_gain":0.0,"event_name":"Mushrooms","player_choice":"Fought Mushrooms","floor":14.0,"gold_loss":0.0,"damage_taken":0.0},{"damage_healed":0.0,"max_hp_gain":0.0,"max_hp_loss":0.0,"gold_gain":0.0,"event_name":"Drug Dealer","player_choice":"Inject Mutagens","floor":19.0,"gold_loss":0.0,"damage_taken":0.0,"relics_obtained":["MutagenicStrength"]},{"cards_removed":["Defend_B"],"damage_healed":0.0,"max_hp_gain":0.0,"max_hp_loss":0.0,"gold_gain":0.0,"event_name":"Beggar","player_choice":"Gave Gold","floor":20.0,"gold_loss":75.0,"damage_taken":0.0},{"cards_removed":["Strike_B"],"damage_healed":0.0,"max_hp_gain":0.0,"max_hp_loss":0.0,"gold_gain":0.0,"event_name":"Falling","player_choice":"Removed Attack","floor":36.0,"gold_loss":0.0,"damage_taken":0.0},{"damage_healed":0.0,"max_hp_gain":0.0,"max_hp_loss":0.0,"gold_gain":0.0,"event_name":"SecretPortal","player_choice":"Ignored","floor":37.0,"gold_loss":0.0,"damage_taken":0.0},{"damage_healed":0,"gold_gain":0,"player_choice":"Fight","damage_taken":0,"max_hp_gain":0,"max_hp_loss":0,"event_name":"Mysterious Sphere","floor":44,"gold_loss":0}],"is_beta":false,"boss_relics":[{"not_picked":["Lizard Tail","Orrery"],"picked":"Runic Pyramid"},{"not_picked":["Snecko Eye","Runic Dome"],"picked":"Empty Cage"}],"items_purged_floors":[7,38],"is_endless":false,"potions_floor_spawned":[1,5,6,16,22,24,25,33,35,39,41],"killed_by":"2 Orb Walkers","ascension_level":0}