{"gold_per_floor":[115,128,78,78,78,107,107,119,174,200,200,34,53,85,85,180,180,200,214,214,124,135,135,85,85,110,129,129,140,168,180,192,303,315,344,356,368,403,428,440,462,138,188,214,214,229,243,18,18,18,18,18,18,52,52],"floor_reached":56,"playtime":3912,"items_purged":["Strike_G","Strike_G","Defend_G"],"score":1376,"play_id":"f10863c2-8049-45e5-b79f-f81c6642c3c2","local_time":"20190302112317","is_ascension_mode":true,"campfire_choices":[{"data":"Trip","floor":7.0,"key":"SMITH"},{"floor":11.0,"key":"REST"},{"data":"Catalyst","floor":15.0,"key":"SMITH"},{"data":"Footwork","floor":23.0,"key":"SMITH"},{"data":"Noxious Fumes","floor":25.0,"key":"SMITH"},{"data":"Night Terror","floor":28.0,"key":"SMITH"},{"data":"Footwork","floor":32.0,"key":"SMITH"},{"data":"Well Laid Plans","floor":40.0,"key":"SMITH"},{"floor":45.0,"key":"RECALL"},{"data":"Madness","floor":49.0,"key":"SMITH"},{"data":"Madness","floor":52.0,"key":"SMITH"}],"neow_cost":"NONE","seed_source_timestamp":301634980708015,"circlet_count":0,"master_deck":["Defend_G","Defend_G","Defend_G","Defend_G","Survivor","Neutralize","Trip+1","Well Laid Plans+1","Blade Dance","Dodge and Roll","Catalyst+1","Noxious Fumes+1","Crippling Poison","Night Terror+1","Footwork+1","Dodge and Roll","Footwork+1","Dodge and Roll+1","Noxious Fumes","Accuracy","Bouncing Flask","Madness+1","Madness+1","Well Laid Plans","Leg Sweep+1"],"special_seed":0,"relics":["Ring of the Serpent","Smiling Mask","Dream Catcher","Meat on the Bone","Bag of Preparation","Orrery","MawBank","Oddly Smooth Stone","Bronze Scales","Potion Belt","Omamori","Ancient Tea Set","Pen Nib"],"potions_floor_usage":[54,55,55,55],"damage_taken":[{"damage":3.0,"enemies":"Cultist","floor":1.0,"turns":4.0},{"damage":0.0,"enemies":"2 Louse","floor":2.0,"turns":2.0},{"damage":19.0,"enemies":"Gremlin Nob","floor":6.0,"turns":4.0},{"damage":2.0,"enemies":"Small Slimes","floor":8.0,"turns":3.0},{"damage":22.0,"enemies":"Lagavulin","floor":10.0,"turns":7.0},{"damage":3.0,"enemies":"Exordium Thugs","floor":13.0,"turns":4.0},{"damage":28.0,"enemies":"Gremlin Nob","floor":14.0,"turns":5.0},{"damage":26.0,"enemies":"The Guardian","floor":16.0,"turns":14.0},{"damage":4.0,"enemies":"3 Byrds","floor":18.0,"turns":7.0},{"damage":7.0,"enemies":"Shell Parasite","floor":19.0,"turns":7.0},{"damage":30.0,"enemies":"Snake Plant","floor":22.0,"turns":6.0},{"damage":10.0,"enemies":"Chosen and Byrds","floor":27.0,"turns":8.0},{"damage":1.0,"enemies":"Centurion and Healer","floor":29.0,"turns":8.0},{"damage":8.0,"enemies":"Book of Stabbing","floor":30.0,"turns":7.0},{"damage":11.0,"enemies":"Champ","floor":33.0,"turns":15.0},{"damage":28.0,"enemies":"3 Darklings","floor":35.0,"turns":6.0},{"damage":8.0,"enemies":"3 Shapes","floor":39.0,"turns":5.0},{"damage":13.0,"enemies":"Sphere and 2 Shapes","floor":41.0,"turns":5.0},{"damage":0.0,"enemies":"Giant Head","floor":44.0,"turns":4.0},{"damage":9.0,"enemies":"4 Shapes","floor":46.0,"turns":7.0},{"damage":4.0,"enemies":"Maw","floor":47.0,"turns":4.0},{"damage":8.0,"enemies":"Awakened One","floor":50.0,"turns":11.0},{"damage":42,"enemies":"Shield and Spear","floor":54,"turns":12},{"damage":49,"enemies":"The Heart","floor":55,"turns":8}],"seed_played":"1401011757481936097","potions_obtained":[{"floor":2.0,"key":"Ancient Potion"},{"floor":8.0,"key":"Poison Potion"},{"floor":13.0,"key":"Weak Potion"},{"floor":16.0,"key":"Block Potion"},{"floor":22.0,"key":"Fire Potion"},{"floor":27.0,"key":"AttackPotion"},{"floor":33.0,"key":"AttackPotion"},{"floor":39.0,"key":"Weak Potion"},{"floor":44.0,"key":"Regen Potion"},{"floor":47.0,"key":"Weak Potion"},{"floor":54,"key":"GhostInAJar"}],"is_trial":false,"path_per_floor":["M","M","?","?","?","E","R","M","T","E","R","$","M","E","R","B",null,"M","M","?","?","M","R","$","R","T","M","R","M","E","?","R","B",null,"M","?","?","T","M","R","M","$","T","E","R","M","M","$","R","B",null,"R","$","E","B",null],"character_chosen":"THE_SILENT","items_purchased":["Noxious Fumes","Crippling Poison","Bronze Scales","Well Laid Plans","SpeedPotion","Ancient Tea Set","GhostInAJar"],"campfire_rested":1,"item_purchase_floors":[12,12,42,42,42,48,48],"current_hp_per_floor":[67,67,67,60,60,41,41,39,39,17,38,38,47,31,31,17,70,66,59,59,59,41,41,41,41,41,43,43,42,46,46,46,47,70,42,33,33,33,37,37,36,36,36,36,36,39,47,47,47,39,70,70,70,40,18],"gold":52,"neow_bonus":"RANDOM_COLORLESS","is_prod":false,"is_daily":false,"chose_seed":false,"campfire_upgraded":9,"win_rate":0,"timestamp":1551522197,"path_taken":["M","M","?","?","?","E","R","M","T","E","R","$","M","E","R","BOSS","M","M","?","?","?","R","$","R","T","M","R","M","E","?","R","BOSS","M","?","?","?","?","R","M","$","T","E","R","M","M","$","R","BOSS","R","$","E","BOSS"],"build_version":"2019-01-23","purchased_purges":3,"victory":true,"max_hp_per_floor":[70,70,70,70,70,70,70,70,70,70,70,70,70,70,70,70,70,70,70,70,70,70,70,70,70,70,70,70,70,70,70,70,70,70,70,70,70,70,70,70,70,70,70,70,70,70,70,70,70,70,70,70,70,70,70],"card_choices":[{"not_picked":["Expertise","Distraction"],"picked":"Predator","floor":1.0},{"not_picked":["Underhanded Strike","Flechettes"],"picked":"Well Laid Plans","floor":2.0},{"not_picked":["All Out Attack","Phantasmal Killer"],"picked":"Blade Dance","floor":6.0},{"not_picked":["Expertise","Dagger Throw"],"picked":"Dodge and Roll","floor":8.0},{"not_picked":["Setup","Slice","Predator"],"picked":"SKIP","floor":10.0},{"not_picked":["Underhanded Strike","Expertise"],"picked":"Catalyst","floor":11.0},{"not_picked":["Blade Dance","Flying Knee","Outmaneuver"],"picked":"SKIP","floor":13.0},{"not_picked":["Prepared","Bane","Phantasmal Killer"],"picked":"SKIP","floor":14.0},{"not_picked":["Unload","Tools of the Trade"],"picked":"Night Terror","floor":16.0},{"not_picked":["Bane","Tactician"],"picked":"Footwork","floor":17.0},{"not_picked":["Distraction","Expertise"],"picked":"Dodge and Roll","floor":17.0},{"not_picked":["Bouncing Flask","Quick Slash"],"picked":"Footwork","floor":17.0},{"not_picked":["Dagger Spray","Outmaneuver"],"picked":"Dodge and Roll","floor":18.0},{"not_picked":["Blade Dance","Dagger Spray+1"],"picked":"Noxious Fumes","floor":19.0},{"not_picked":["Prepared+1","Bane+1","Dagger Throw+1"],"picked":"SKIP","floor":22.0},{"not_picked":["Poisoned Stab","Distraction","Outmaneuver+1"],"picked":"SKIP","floor":27.0},{"not_picked":["Dash","Backflip"],"picked":"Bouncing Flask","floor":29.0},{"not_picked":["Quick Slash+1","Dagger Spray","Blade Dance"],"picked":"SKIP","floor":30.0},{"not_picked":["Dagger Spray","Reflex+1","Cloak And Dagger"],"picked":"SKIP","floor":35.0},{"not_picked":["Distraction+1","Flying Knee","Dagger Spray"],"picked":"SKIP","floor":39.0},{"not_picked":["Outmaneuver","Finisher+1","Deflect"],"picked":"SKIP","floor":41.0},{"not_picked":["Quick Slash+1","Finisher+1"],"picked":"Leg Sweep+1","floor":44.0},{"not_picked":["Prepared","Cloak And Dagger","Accuracy"],"picked":"SKIP","floor":46.0},{"not_picked":["Prepared","Cloak And Dagger","Accuracy"],"picked":"SKIP","floor":46.0},{"not_picked":["All Out Attack","Caltrops+1","Heel Hook"],"picked":"SKIP","floor":47.0},{"not_picked":["Tactician+1","Distraction","Accuracy+1"],"picked":"SKIP","floor":54}],"player_experience":294083,"relics_obtained":[{"floor":6.0,"key":"Smiling Mask"},{"floor":9.0,"key":"Dream Catcher"},{"floor":10.0,"key":"Meat on the Bone"},{"floor":14.0,"key":"Bag of Preparation"},{"floor":30.0,"key":"MawBank"},{"floor":38.0,"key":"Oddly Smooth Stone"},{"floor":43.0,"key":"Potion Belt"},{"floor":44.0,"key":"Omamori"},{"floor":54,"key":"Pen Nib"}],"event_choices":[{"cards_removed":["Strike_G"],"damage_healed":0.0,"max_hp_gain":0.0,"max_hp_loss":0.0,"gold_gain":0.0,"event_name":"The Cleric","player_choice":"Card Removal","floor":3.0,"gold_loss":50.0,"damage_taken":0.0},{"cards_removed":["Strike_G"],"damage_healed":0.0,"max_hp_gain":0.0,"max_hp_loss":0.0,"gold_gain":0.0,"event_name":"Golden Wing","player_choice":"Card Removal","floor":4.0,"gold_loss":0.0,"damage_taken":7.0},{"damage_healed":0.0,"max_hp_gain":0.0,"max_hp_loss":0.0,"gold_gain":0.0,"event_name":"Liars Game","player_choice":"Ignored","floor":5.0,"gold_loss":0.0,"damage_taken":0.0},{"damage_healed":0.0,"max_hp_gain":0.0,"max_hp_loss":0.0,"gold_gain":0.0,"event_name":"The Library","player_choice":"Read","floor":20.0,"gold_loss":0.0,"damage_taken":0.0,"cards_obtained":["Accuracy"]},{"cards_removed":["Strike_G"],"damage_healed":0.0,"max_hp_gain":0.0,"max_hp_loss":0.0,"gold_gain":0.0,"event_name":"Designer","player_choice":"Upgrade and Remove","floor":21.0,"gold_loss":90.0,"damage_taken":0.0,"cards_upgraded":["Dodge and Roll"]},{"damage_healed":0.0,"max_hp_gain":0.0,"max_hp_loss":0.0,"gold_gain":0.0,"event_name":"Ghosts","player_choice":"Ignored","floor":31.0,"gold_loss":0.0,"damage_taken":0.0},{"damage_healed":0.0,"max_hp_gain":0.0,"max_hp_loss":0.0,"gold_gain":0.0,"event_name":"Winding Halls","player_choice":"Embrace Madness","floor":36.0,"gold_loss":0.0,"damage_taken":9.0,"cards_obtained":["Madness","Madness"]},{"cards_removed":["Predator"],"damage_healed":0.0,"max_hp_gain":0.0,"max_hp_loss":0.0,"gold_gain":0.0,"event_name":"Falling","player_choice":"Removed Attack","floor":37.0,"gold_loss":0.0,"damage_taken":0.0}],"is_beta":false,"boss_relics":[{"not_picked":["Busted Crown","Philosopher\u0027s Stone"],"picked":"Orrery"},{"not_picked":["Tiny House","WristBlade"],"picked":"Ring of the Serpent"}],"items_purged_floors":[12,24,42],"is_endless":false,"potions_floor_spawned":[2,8,13,16,22,27,33,39,44,47,54],"ascension_level":4}