{"gold_per_floor":[116,136,136,136,156,156,190,190,190,64,64,77,106,125,125,199,199,209,229,58,74,93,93,93,93],"floor_reached":25,"playtime":991,"items_purged":["Strike_B"],"score":415,"play_id":"e4ce7380-d704-4836-9e79-80cc2f1f7955","local_time":"20190305003227","is_ascension_mode":true,"campfire_choices":[{"data":"Go for the Eyes","floor":6.0,"key":"SMITH"},{"floor":8.0,"key":"REST"},{"data":"Loop","floor":15.0,"key":"SMITH"},{"floor":23,"key":"REST"}],"neow_cost":"NONE","seed_source_timestamp":185000674087100,"circlet_count":0,"master_deck":["AscendersBane","Strike_B","Strike_B","Strike_B","Defend_B","Defend_B","Defend_B","Defend_B","Zap","Dualcast","Seek","Go for the Eyes+1","Chill","Loop+1","Rainbow","Ball Lightning","Ball Lightning","Core Surge","Cold Snap+1","Coolheaded","Core Surge"],"special_seed":0,"relics":["Cracked Core","Incense Burner","Torii","Orichalcum","Inserter","Lantern"],"potions_floor_usage":[22,25,25],"damage_taken":[{"damage":0.0,"enemies":"Cultist","floor":1.0,"turns":3.0},{"damage":7.0,"enemies":"Small Slimes","floor":2.0,"turns":3.0},{"damage":3.0,"enemies":"Jaw Worm","floor":5.0,"turns":3.0},{"damage":42.0,"enemies":"Gremlin Nob","floor":7.0,"turns":5.0},{"damage":0.0,"enemies":"Lots of Slimes","floor":12.0,"turns":5.0},{"damage":1.0,"enemies":"Lagavulin","floor":13.0,"turns":5.0},{"damage":1.0,"enemies":"Red Slaver","floor":14.0,"turns":3.0},{"damage":40.0,"enemies":"Hexaghost","floor":16.0,"turns":8.0},{"damage":2,"enemies":"Chosen","floor":18,"turns":5},{"damage":27,"enemies":"3 Byrds","floor":19,"turns":5},{"damage":9,"enemies":"Sentry and Sphere","floor":21,"turns":6},{"damage":15,"enemies":"Snake Plant","floor":22,"turns":5},{"damage":26,"enemies":"Colosseum Slavers","floor":24,"turns":6},{"damage":16,"enemies":"Gremlin Leader","floor":25,"turns":3}],"seed_played":"-379723507222554319","potions_obtained":[{"floor":4.0,"key":"LiquidBronze"},{"floor":4.0,"key":"SkillPotion"},{"floor":13.0,"key":"Ancient Potion"},{"floor":14.0,"key":"AttackPotion"},{"floor":16.0,"key":"GamblersBrew"},{"floor":19,"key":"Poison Potion"},{"floor":22,"key":"SpeedPotion"}],"is_trial":false,"path_per_floor":["M","M","?","?","M","R","E","R","T","$","?","M","E","M","R","B",null,"M","M","$","M","M","R","?","E"],"character_chosen":"DEFECT","items_purchased":["Ball Lightning","Lantern"],"campfire_rested":2,"item_purchase_floors":[10,20],"current_hp_per_floor":[64,57,62,62,59,59,17,39,39,39,76,76,75,74,74,34,66,64,37,37,28,13,35,9,0],"gold":93,"neow_bonus":"ONE_RANDOM_RARE_CARD","is_prod":false,"is_daily":false,"chose_seed":false,"campfire_upgraded":2,"win_rate":0,"timestamp":1551763947,"path_taken":["M","M","?","?","?","R","E","R","T","$","?","M","E","?","R","BOSS","M","M","$","M","M","R","?","E"],"build_version":"2019-01-23","purchased_purges":1,"victory":false,"max_hp_per_floor":[71,71,76,76,76,76,76,76,76,76,76,76,76,76,76,76,76,76,76,76,76,76,76,76,76],"card_choices":[{"not_picked":["Turbo","Coolheaded"],"picked":"Go for the Eyes","floor":1.0},{"not_picked":["Turbo","Double Energy"],"picked":"Chill","floor":2.0},{"not_picked":["Leap","Double Energy"],"picked":"Loop","floor":5.0},{"not_picked":["Leap","Conserve Battery"],"picked":"Rainbow","floor":7.0},{"not_picked":["Gash","Go for the Eyes","Consume"],"picked":"SKIP","floor":12.0},{"not_picked":["Heatsinks","Skim","Rebound"],"picked":"SKIP","floor":13.0},{"not_picked":["Consume","Redo"],"picked":"Ball Lightning","floor":14.0},{"not_picked":["Multi-Cast","All For One"],"picked":"Core Surge","floor":16.0},{"not_picked":["Stack","Recycle"],"picked":"Cold Snap+1","floor":18},{"not_picked":["Rip and Tear","Multi-Cast"],"picked":"Coolheaded","floor":19},{"not_picked":["Beam Cell","Hologram+1","Steam"],"picked":"SKIP","floor":21},{"not_picked":["Rebound","Ball Lightning"],"picked":"Core Surge","floor":22}],"player_experience":1290846,"relics_obtained":[{"floor":7.0,"key":"Incense Burner"},{"floor":9.0,"key":"Torii"},{"floor":13.0,"key":"Orichalcum"}],"event_choices":[{"damage_healed":0.0,"max_hp_gain":5.0,"max_hp_loss":0.0,"gold_gain":0.0,"event_name":"Big Fish","player_choice":"Donut","floor":3.0,"gold_loss":0.0,"damage_taken":0.0},{"damage_healed":0.0,"max_hp_gain":0.0,"max_hp_loss":0.0,"gold_gain":0.0,"event_name":"Lab","player_choice":"Got Potions","floor":4.0,"gold_loss":0.0,"damage_taken":0.0},{"damage_healed":37.0,"max_hp_gain":0.0,"max_hp_loss":0.0,"gold_gain":0.0,"event_name":"Wheel of Change","player_choice":"Full Heal","floor":11.0,"gold_loss":0.0,"damage_taken":0.0},{"damage_healed":0,"gold_gain":0,"player_choice":"Fight","damage_taken":0,"max_hp_gain":0,"max_hp_loss":0,"event_name":"Colosseum","floor":24,"gold_loss":0},{"damage_healed":0,"gold_gain":0,"player_choice":"Fled From Nobs","damage_taken":0,"max_hp_gain":0,"max_hp_loss":0,"event_name":"Colosseum","floor":24,"gold_loss":0}],"is_beta":false,"boss_relics":[{"not_picked":["Eternal Feather","Snecko Eye"],"picked":"Inserter"}],"items_purged_floors":[10],"is_endless":false,"potions_floor_spawned":[12,13,14,16,19,22,24],"killed_by":"Gremlin Leader","ascension_level":19}