{"path_per_floor":["M","M","M","M","?","R","M","R","T","R","M","M","M","M","R","B",null,"M","?","M","?","M","R","E","R","T","$","R","M","R","M","R"],"character_chosen":"DEFECT","items_purchased":["Biased Cognition","Thunder Strike"],"gold_per_floor":[17,35,53,67,67,67,87,87,114,114,131,145,164,175,175,271,271,289,289,308,308,319,319,346,346,346,50,50,66,66,83,83,83],"floor_reached":33,"campfire_rested":9,"playtime":1750,"current_hp_per_floor":[64,62,52,41,26,48,33,55,55,75,65,57,47,45,67,47,75,48,48,41,41,26,48,1,23,23,23,45,37,59,50,72,0],"items_purged":[],"gold":83,"score":263,"play_id":"0844aac7-a368-4bed-859a-7f3896fa9b41","local_time":"20180428080056","is_prod":false,"is_daily":false,"chose_seed":false,"is_ascension_mode":false,"campfire_upgraded":0,"timestamp":1524924056,"path_taken":["M","M","M","M","?","R","M","R","T","R","?","M","M","M","R","BOSS","M","?","M","?","?","R","E","R","T","$","R","M","R","M","R","BOSS"],"build_version":"2018-04-27v3","seed_source_timestamp":1441999844475021,"purchased_purges":1,"victory":false,"master_deck":["Strike_B+1","Strike_B+1","Strike_B+1","Strike_B+1","Defend_B+1","Defend_B+1","Defend_B+1","Defend_B+1","Zap+1","Dualcast","Storm","Storm","Ball Lightning","Double Energy+1","Axe Kick","Aggregate","Static Discharge","Meteor Strike","Skim","Fission","Cold Snap","Capacitor","Impulse","Chaos+1","Loop","Biased Cognition","Thunder Strike","Ball Lightning","Multi-Cast"],"max_hp_per_floor":[75,75,75,75,75,75,75,75,75,75,75,75,75,75,75,75,75,75,75,75,75,75,75,75,75,75,75,75,75,75,75,75,75],"relics":["Cracked Core","Ice Cream","War Paint","Nuclear Battery","Blood Vial","Prayer Wheel"],"card_choices":[{"not_picked":["Ball Lightning","Double Energy"],"picked":"Storm","floor":1},{"not_picked":["Melter","Hologram"],"picked":"Storm","floor":2},{"not_picked":["Hologram","Scrape"],"picked":"Ball Lightning","floor":3},{"not_picked":["Sunder","Leap"],"picked":"Double Energy","floor":4},{"not_picked":["Scrape","Coolheaded"],"picked":"Axe Kick","floor":7},{"not_picked":["Rebound","Stack"],"picked":"Aggregate","floor":11},{"not_picked":["Sunder","Leap"],"picked":"Static Discharge","floor":12},{"not_picked":["Leap","Hello World"],"picked":"Meteor Strike","floor":13},{"not_picked":["Hologram","Coolheaded"],"picked":"Skim","floor":14},{"not_picked":["Prime","Rainbow"],"picked":"Fission","floor":16},{"not_picked":["Ball Lightning","Axe Kick"],"picked":"Cold Snap","floor":18},{"not_picked":["Leap","Go for the Eyes"],"picked":"Capacitor","floor":20},{"not_picked":["Glacier","Sweeping Beam"],"picked":"Chaos","floor":22},{"not_picked":["FTL","Static Discharge"],"picked":"Loop","floor":24},{"not_picked":["Double Energy","Undo"],"picked":"Ball Lightning","floor":29},{"not_picked":["Capacitor","Go for the Eyes"],"picked":"Multi-Cast","floor":31}],"player_experience":307603,"potions_floor_usage":[16,16,18,22,31,33],"damage_taken":[{"damage":11,"enemies":"Jaw Worm","floor":1,"turns":3},{"damage":2,"enemies":"2 Louse","floor":2,"turns":2},{"damage":10,"enemies":"Cultist","floor":3,"turns":4},{"damage":11,"enemies":"Exordium Thugs","floor":4,"turns":4},{"damage":15,"enemies":"3 Louse","floor":7,"turns":3},{"damage":10,"enemies":"Large Slime","floor":11,"turns":4},{"damage":8,"enemies":"2 Fungi Beasts","floor":12,"turns":3},{"damage":10,"enemies":"Exordium Thugs","floor":13,"turns":3},{"damage":2,"enemies":"Looter","floor":14,"turns":2},{"damage":20,"enemies":"Hexaghost","floor":16,"turns":6},{"damage":27,"enemies":"Chosen","floor":18,"turns":5},{"damage":7,"enemies":"3 Byrds","floor":20,"turns":2},{"damage":15,"enemies":"Snake Plant","floor":22,"turns":4},{"damage":47,"enemies":"Slavers","floor":24,"turns":4},{"damage":10,"enemies":"Sentry and Sphere","floor":29,"turns":3},{"damage":11,"enemies":"Snecko","floor":31,"turns":5},{"damage":82,"enemies":"Collector","floor":33,"turns":6}],"event_choices":[{"event_name":"Shining Light","player_choice":"Entered Light","floor":5,"damage_taken":0},{"event_name":"Back to Basics","player_choice":"Simplicity","floor":19,"damage_taken":0},{"event_name":"The Library","player_choice":"Read","floor":21,"damage_taken":0}],"boss_relics":[{"not_picked":["Orrery","Calling Bell"],"picked":"Nuclear Battery"}],"potions_floor_spawned":[1,3,4,12,13,20,29,31],"seed_played":"5083716142212774364","killed_by":"Collector","ascension_level":0,"is_trial":false}