{"gold_per_floor":[218,293,308,318,139,139,173,183,229,229,245,245,255,271,271,368,368,388,6,6,16,34,34,64,64,64,84,84],"floor_reached":28,"playtime":2206,"items_purged":["Strike_G","Defend_G"],"score":256,"play_id":"5acaa028-524d-483f-84fe-b1bf5962931b","local_time":"20190224161010","is_ascension_mode":true,"campfire_choices":[{"data":"Neutralize","floor":6.0,"key":"SMITH"},{"floor":12.0,"key":"REST"},{"floor":15,"key":"REST"},{"data":"Noxious Fumes","floor":23,"key":"SMITH"},{"floor":25,"key":"REST"}],"neow_cost":"NONE","seed_source_timestamp":0,"circlet_count":0,"master_deck":["Defend_G","Defend_G+1","Defend_G","Defend_G+1","Strike_G","Strike_G","Strike_G","Strike_G","Survivor","Neutralize+1","Dagger Spray","After Image","Poisoned Stab","Blur","Slice","PiercingWail","Pain","Cloak And Dagger","Bouncing Flask","Cloak And Dagger","Corpse Explosion","Noxious Fumes+1","Flying Knee","Caltrops+1","Heel Hook"],"special_seed":0,"relics":["Ring of the Snake","Kunai","Blood Vial","WarpedTongs","Black Star","Pantograph","Juzu Bracelet","War Paint"],"potions_floor_usage":[16,20,21,27],"damage_taken":[{"damage":1.0,"enemies":"Cultist","floor":1.0,"turns":4.0},{"damage":0.0,"enemies":"Jaw Worm","floor":3.0,"turns":6.0},{"damage":0.0,"enemies":"Small Slimes","floor":4.0,"turns":3.0},{"damage":27.0,"enemies":"Lagavulin","floor":7.0,"turns":12.0},{"damage":4.0,"enemies":"3 Louse","floor":8.0,"turns":2.0},{"damage":3.0,"enemies":"2 Fungi Beasts","floor":11.0,"turns":3.0},{"damage":4.0,"enemies":"Lots of Slimes","floor":13.0,"turns":4.0},{"damage":10.0,"enemies":"Blue Slaver","floor":14.0,"turns":3.0},{"damage":43,"enemies":"Slime Boss","floor":16,"turns":13},{"damage":3,"enemies":"Shell Parasite","floor":18,"turns":8},{"damage":0,"enemies":"2 Thieves","floor":20,"turns":1},{"damage":12,"enemies":"Snake Plant","floor":21,"turns":5},{"damage":19,"enemies":"Centurion and Healer","floor":22,"turns":7},{"damage":19,"enemies":"Book of Stabbing","floor":24,"turns":8},{"damage":41,"enemies":"3 Cultists","floor":27,"turns":6},{"damage":8,"enemies":"Gremlin Leader","floor":28,"turns":2}],"seed_played":"2118881213239339201","potions_obtained":[{"floor":1.0,"key":"LiquidBronze"},{"floor":11.0,"key":"Strength Potion"},{"floor":13.0,"key":"SmokeBomb"},{"floor":24,"key":"Poison Potion"}],"is_trial":false,"path_per_floor":["M","?","M","M","$","R","E","M","T","?","M","R","M","M","R","B",null,"M","$","M","M","M","R","E","R","T","M","E"],"character_chosen":"THE_SILENT","items_purchased":["Poisoned Stab","Blur","Noxious Fumes","Pantograph"],"campfire_rested":3,"item_purchase_floors":[5,5,19,19],"current_hp_per_floor":[69,58,58,58,58,58,31,27,27,27,26,47,45,37,58,17,70,67,67,69,58,41,41,24,45,45,6,0],"gold":84,"neow_bonus":"HUNDRED_GOLD","is_prod":false,"is_daily":false,"chose_seed":false,"campfire_upgraded":2,"win_rate":0,"timestamp":1550985010,"path_taken":["M","?","M","M","$","R","E","M","T","?","M","R","M","M","R","BOSS","M","$","M","M","?","R","E","R","T","M","E"],"build_version":"2019-01-23","purchased_purges":2,"victory":false,"max_hp_per_floor":[70,70,70,70,70,70,70,70,70,70,70,70,70,70,70,70,70,70,70,70,70,70,70,70,70,70,70,70],"card_choices":[{"not_picked":["Deflect","Slice","Underhanded Strike"],"picked":"SKIP","floor":1.0},{"not_picked":["Backstab","Distraction"],"picked":"Dagger Spray","floor":3.0},{"not_picked":["Well Laid Plans","Poisoned Stab"],"picked":"After Image","floor":4.0},{"not_picked":["Quick Slash","Dagger Spray"],"picked":"Slice","floor":7.0},{"not_picked":["Dagger Spray","Acrobatics"],"picked":"PiercingWail","floor":8.0},{"not_picked":["Backflip","Catalyst"],"picked":"Cloak And Dagger","floor":11.0},{"not_picked":["Tactician","Dagger Spray"],"picked":"Bouncing Flask","floor":13.0},{"not_picked":["Calculated Gamble","Deadly Poison"],"picked":"Cloak And Dagger","floor":14.0},{"not_picked":["Phantasmal Killer","Grand Finale"],"picked":"Corpse Explosion","floor":16},{"not_picked":["Bane","Masterful Stab","Flechettes+1"],"picked":"SKIP","floor":18},{"not_picked":["Poisoned Stab","Dagger Spray"],"picked":"Flying Knee","floor":21},{"not_picked":["Bane","Acrobatics+1","Slice"],"picked":"SKIP","floor":22},{"not_picked":["Distraction+1","Deflect+1"],"picked":"Caltrops+1","floor":24},{"not_picked":["Backstab","Dash"],"picked":"Heel Hook","floor":27}],"player_experience":168383,"relics_obtained":[{"floor":7.0,"key":"Kunai"},{"floor":9.0,"key":"Blood Vial"},{"floor":24,"key":"Juzu Bracelet"},{"floor":24,"key":"War Paint"}],"event_choices":[{"damage_healed":0.0,"max_hp_gain":0.0,"max_hp_loss":0.0,"gold_gain":75.0,"event_name":"World of Goop","player_choice":"Gather Gold","floor":2.0,"gold_loss":0.0,"damage_taken":11.0},{"damage_healed":0.0,"max_hp_gain":0.0,"max_hp_loss":0.0,"gold_gain":0.0,"event_name":"Accursed Blacksmith","player_choice":"Rummage","floor":10.0,"gold_loss":0.0,"damage_taken":0.0,"relics_obtained":["WarpedTongs"],"cards_obtained":["Pain"]}],"is_beta":false,"boss_relics":[{"not_picked":["Lizard Tail","Snecko Eye"],"picked":"Black Star"}],"items_purged_floors":[5,19],"is_endless":false,"potions_floor_spawned":[1,11,13,14,20,24],"killed_by":"Gremlin Leader","ascension_level":1}