{"path_per_floor":["M","M","$","M","M","E","R","M","T","R","M","M","?","M","R","B",null,"M","$","?","?","?","M","R","?","T","R","M","M","M","M","R"],"character_chosen":"DEFECT","items_purchased":["Loop","FTL"],"gold_per_floor":[115,132,57,77,88,119,119,132,210,210,221,237,202,214,214,319,319,335,88,88,88,88,104,104,54,54,54,68,84,96,110,110,110],"floor_reached":33,"campfire_rested":5,"playtime":1726,"current_hp_per_floor":[57,55,55,55,51,36,73,57,57,75,55,51,69,64,75,17,75,61,61,52,52,52,38,52,52,52,52,36,38,41,13,43,0],"items_purged":["Normality","Doubt"],"gold":110,"score":278,"play_id":"740ff6d2-ecf8-46f8-ba66-7d3234551be5","local_time":"20180501191322","is_prod":false,"is_daily":false,"chose_seed":false,"is_ascension_mode":false,"campfire_upgraded":1,"timestamp":1525223602,"path_taken":["M","M","$","M","?","E","R","M","T","R","M","M","?","M","R","BOSS","M","$","?","?","?","?","R","?","T","R","M","M","?","M","R","BOSS"],"build_version":"2018-05-01","seed_source_timestamp":1741577967653515,"purchased_purges":2,"victory":false,"master_deck":["Defend_B","Defend_B","Defend_B","Defend_B","Zap","Parasite","Ball Lightning","Tempest","Turbo","Echo Form+1","Turbo","Self Repair","FTL","Echo Form","White Noise","Static Discharge","FTL","Thunder Strike","Reprieve","Loop","FTL","Bite","Bite","Bite","Bite","Bite","Aggregate","Defragment+1","Storm","Go for the Eyes","Defragment","Buffer","Reprogram"],"max_hp_per_floor":[75,75,75,75,75,75,75,75,75,75,75,75,75,75,75,75,75,75,75,52,52,52,52,52,52,52,52,52,52,52,52,52,52],"relics":["Calling Bell","Dream Catcher","Meat on the Bone","Ice Cream","Regal Pillow","Dodecahedron","Runic Pyramid","Emotion Chip"],"card_choices":[{"not_picked":["Lockon","Coolheaded"],"picked":"Ball Lightning","floor":1},{"not_picked":["Turbo","Beam Cell"],"picked":"Tempest","floor":2},{"not_picked":["Sweeping Beam","Gash"],"picked":"Turbo","floor":4},{"not_picked":["Ball Lightning","Rebound"],"picked":"Echo Form","floor":5},{"not_picked":["Blizzard","Heatsinks"],"picked":"Turbo","floor":6},{"not_picked":["Skim","Rebound"],"picked":"Self Repair","floor":7},{"not_picked":["Beam Cell","Scrape"],"picked":"FTL","floor":8},{"not_picked":["Reprieve","Rebound"],"picked":"Echo Form","floor":10},{"not_picked":["Melter","Flux Capacitor"],"picked":"White Noise","floor":11},{"not_picked":["Undo","Reprogram"],"picked":"Static Discharge","floor":14},{"not_picked":["Barrage","Capacitor"],"picked":"FTL","floor":15},{"not_picked":["Biased Cognition","Reboot"],"picked":"Thunder Strike","floor":16},{"not_picked":["Impulse","Sweeping Beam"],"picked":"Reprieve","floor":18},{"not_picked":["Melter","Heatsinks"],"picked":"Defragment","floor":23},{"not_picked":["Hologram","Glacier"],"picked":"Storm","floor":24},{"not_picked":["Doom and Gloom","Impulse"],"picked":"Go for the Eyes","floor":28},{"not_picked":["Impulse","Cold Snap"],"picked":"Defragment","floor":30},{"not_picked":["Hologram","Rebound"],"picked":"Buffer","floor":31},{"not_picked":["Gash","Flux Capacitor"],"picked":"Reprogram","floor":32}],"player_experience":326654,"potions_floor_usage":[6,16,16,16,30,33],"damage_taken":[{"damage":18,"enemies":"Cultist","floor":1,"turns":5},{"damage":2,"enemies":"Small Slimes","floor":2,"turns":3},{"damage":0,"enemies":"2 Louse","floor":4,"turns":3},{"damage":4,"enemies":"2 Fungi Beasts","floor":5,"turns":4},{"damage":27,"enemies":"Gremlin Nob","floor":6,"turns":5},{"damage":23,"enemies":"Large Slime","floor":8,"turns":5},{"damage":20,"enemies":"3 Louse","floor":11,"turns":4},{"damage":23,"enemies":"Exordium Thugs","floor":12,"turns":5},{"damage":19,"enemies":"Exordium Wildlife","floor":14,"turns":5},{"damage":70,"enemies":"Hexaghost","floor":16,"turns":8},{"damage":14,"enemies":"Spheric Guardian","floor":18,"turns":4},{"damage":18,"enemies":"Chosen","floor":23,"turns":4},{"damage":16,"enemies":"Snake Plant","floor":28,"turns":3},{"damage":16,"enemies":"Cultist and Chosen","floor":29,"turns":5},{"damage":22,"enemies":"Chosen and Byrds","floor":30,"turns":4},{"damage":42,"enemies":"Snake Plant","floor":31,"turns":4},{"damage":75,"enemies":"Collector","floor":33,"turns":6}],"event_choices":[{"event_name":"The Cleric","player_choice":"Healed","floor":13,"damage_taken":0},{"event_name":"Vampires","player_choice":"Became a vampire","floor":20,"damage_taken":0},{"event_name":"The Library","player_choice":"Read","floor":21,"damage_taken":0},{"event_name":"Back to Basics","player_choice":"Elegance","floor":22,"damage_taken":0},{"event_name":"The Joust","player_choice":"Bet on Murderer","floor":25,"damage_taken":0}],"boss_relics":[{"not_picked":["Runic Dome","White Beast Statue"],"picked":"Runic Pyramid"}],"potions_floor_spawned":[2,5,6,11,29,31],"seed_played":"8613502669115277881","killed_by":"Collector","ascension_level":0,"is_trial":false}