{"path_per_floor":["M","M","M","$","M","E","M","R","T","R","M","M","?","M","R","B",null,"M","?","?","M","$"],"character_chosen":"THE_SILENT","items_purchased":["Poisoned Stab","Corpse Explosion","Catalyst","Footwork","Malaise"],"gold_per_floor":[13,33,44,18,32,61,79,79,79,79,91,106,206,226,226,328,328,344,394,394,409,29],"floor_reached":23,"campfire_rested":1,"playtime":1711,"current_hp_per_floor":[59,59,59,59,59,44,44,44,44,44,14,17,17,24,45,43,70,55,55,55,31,31],"items_purged":[],"gold":29,"play_id":"9ffbc04f-2917-4c59-986d-fb3920687633","is_prod":false,"is_daily":false,"campfire_rituals":0,"campfire_upgraded":2,"is_hardmode":false,"path_taken":["M","M","M","$","M","E","M","R","T","R","M","M","?","?","R","BOSS","M","?","?","?","$","E"],"build_version":"2017-12-21-PROD1","purchased_purges":0,"victory":false,"master_deck":["Defend_G","Defend_G","Defend_G","Defend_G","Defend_G","Strike_G","Strike_G","Strike_G","Strike_G","Strike_G","Survivor","Neutralize","Flying Knee","Bouncing Flask","Adrenaline","Poisoned Stab","Deadly Poison","Poisoned Stab","Deadly Poison","Deflect","Bouncing Flask","Choke","Adrenaline","Well Laid Plans","Distraction","Corpse Explosion","Catalyst","Footwork","Malaise"],"max_hp_per_floor":[70,70,70,70,70,70,70,70,70,70,70,70,70,70,70,70,70,70,70,70,70,70],"relics":["Ring of the Snake","Gambling Chip","Meat on the Bone","Peace Pipe","The Specimen"],"campfire_meditates":0,"card_choices":[{"not_picked":["Bane","Escape Plan"],"picked":"Flying Knee"},{"not_picked":["Prepared","Dagger Throw"],"picked":"Bouncing Flask"},{"not_picked":["Prepared","Quick Slash"],"picked":"Adrenaline"},{"not_picked":["Bane","Backflip"],"picked":"Deadly Poison"},{"not_picked":["Acrobatics","Slice"],"picked":"Poisoned Stab"},{"not_picked":["Poisoned Stab","Slice"],"picked":"Deadly Poison"},{"not_picked":["All Out Attack","Endless Agony"],"picked":"Deflect"},{"not_picked":["Deadly Poison","PiercingWail"],"picked":"Bouncing Flask"},{"not_picked":["PiercingWail","Endless Agony"],"picked":"Choke"},{"not_picked":["Bullet Time","Die Die Die"],"picked":"Adrenaline"},{"not_picked":["Leg Sweep","Slice"],"picked":"Well Laid Plans"},{"not_picked":["Endless Agony","Masterful Stab"],"picked":"Distraction"}],"player_experience":13420,"potions_floor_usage":[],"damage_taken":[{"damage":11,"enemies":"Looter","floor":1,"turns":4},{"damage":0,"enemies":"Blue Slaver","floor":2,"turns":5},{"damage":0,"enemies":"Jaw Worm","floor":3,"turns":4},{"damage":0,"enemies":"Red Slaver","floor":5,"turns":4},{"damage":15,"enemies":"Gremlin Nob","floor":6,"turns":4},{"damage":0,"enemies":"Large Slime","floor":7,"turns":4},{"damage":42,"enemies":"Gremlin Gang","floor":11,"turns":4},{"damage":9,"enemies":"Lots of Slimes","floor":12,"turns":3},{"damage":5,"enemies":"2 Fungi Beasts","floor":14,"turns":3},{"damage":14,"enemies":"The Guardian","floor":16,"turns":8},{"damage":15,"enemies":"Shell Parasite","floor":18,"turns":4},{"damage":36,"enemies":"3 Byrds","floor":21,"turns":4},{"damage":34,"enemies":"Book of Stabbing","floor":23,"turns":4}],"event_choices":[{"event_name":"Golden Shrine","player_choice":"Pray","floor":13,"damage_taken":0},{"event_name":"The Joust","player_choice":"Bet on Murderer","floor":19,"damage_taken":0},{"event_name":"The Woman in Blue","player_choice":"Bought 0 Potions","floor":20,"damage_taken":0}],"boss_relics":[{"not_picked":["Question Card","Lizard Tail"],"picked":"The Specimen"}],"potions_floor_spawned":[6,7,11,14,21],"seed_played":"-4466430638268221427","killed_by":"Book of Stabbing","is_trial":false}