{"gold_per_floor":[117,117,117,267,24,54,69,98,98,39,52,67,67,101,101,178,178,197,197,216,116,130,130,141,141,141,141,160,160,160,186,186,263,263,273,106,118,118,133,133,133],"floor_reached":41,"playtime":1877,"items_purged":["Doubt","Strike_B"],"score":1080,"play_id":"a730314e-e1d1-44d8-8be0-6c366f04919b","local_time":"20190305161144","is_ascension_mode":true,"campfire_choices":[{"data":"Loop","floor":15.0,"key":"SMITH"},{"data":"Go for the Eyes","floor":23.0,"key":"SMITH"},{"floor":27.0,"key":"REST"},{"floor":30.0,"key":"DIG"},{"floor":32.0,"key":"REST"},{"data":"Reinforced Body","floor":40.0,"key":"SMITH"}],"neow_cost":"NONE","seed_source_timestamp":240470181279300,"circlet_count":0,"master_deck":["AscendersBane","Strike_B","Strike_B","Defend_B","Defend_B","Defend_B","Defend_B","Zap+1","Dualcast+1","Loop+1","Leap","FTL","Seek","Cold Snap","Cold Snap","BootSequence","Go for the Eyes+1","Machine Learning","Sweeping Beam","Glacier","Ball Lightning+1","Echo Form","Electrodynamics","Pain","Clumsy","Injury","Loop","Ball Lightning+1","Reinforced Body+1"],"special_seed":0,"relics":["Cracked Core","NeowsBlessing","Symbiotic Virus","Vajra","War Paint","Pantograph","Darkstone Periapt","Shovel","White Beast Statue","Gremlin Horn","Letter Opener","Bottled Flame","Calling Bell","Bag of Marbles","Kunai","Pocketwatch","Oddly Smooth Stone"],"potions_floor_usage":[41],"damage_taken":[{"damage":0.0,"enemies":"Jaw Worm","floor":1.0,"turns":1.0},{"damage":0.0,"enemies":"Lagavulin","floor":6.0,"turns":1.0},{"damage":0.0,"enemies":"Small Slimes","floor":7.0,"turns":1.0},{"damage":11.0,"enemies":"3 Sentries","floor":8.0,"turns":5.0},{"damage":0.0,"enemies":"Cultist","floor":11.0,"turns":3.0},{"damage":0.0,"enemies":"Looter","floor":12.0,"turns":3.0},{"damage":0.0,"enemies":"Lagavulin","floor":14.0,"turns":4.0},{"damage":0.0,"enemies":"Slime Boss","floor":16.0,"turns":7.0},{"damage":11.0,"enemies":"Shell Parasite","floor":18.0,"turns":4.0},{"damage":5.0,"enemies":"Chosen","floor":20.0,"turns":3.0},{"damage":18.0,"enemies":"3 Cultists","floor":22.0,"turns":5.0},{"damage":17.0,"enemies":"Shelled Parasite and Fungi","floor":24.0,"turns":5.0},{"damage":6.0,"enemies":"Centurion and Healer","floor":28.0,"turns":5.0},{"damage":22.0,"enemies":"Book of Stabbing","floor":31.0,"turns":4.0},{"damage":35.0,"enemies":"Champ","floor":33.0,"turns":12.0},{"damage":10.0,"enemies":"3 Shapes","floor":35.0,"turns":4.0},{"damage":19.0,"enemies":"3 Darklings","floor":37.0,"turns":5.0},{"damage":1.0,"enemies":"4 Shapes","floor":39.0,"turns":3.0},{"damage":60,"enemies":"Writhing Mass","floor":41,"turns":3}],"seed_played":"-1328732681771148168","potions_obtained":[{"floor":1.0,"key":"Poison Potion"},{"floor":7.0,"key":"Swift Potion"},{"floor":14.0,"key":"Fire Potion"},{"floor":16.0,"key":"Swift Potion"},{"floor":18.0,"key":"GamblersBrew"},{"floor":20.0,"key":"Strength Potion"},{"floor":31.0,"key":"FearPotion"},{"floor":33.0,"key":"Swift Potion"},{"floor":35.0,"key":"Dexterity Potion"}],"is_trial":false,"path_per_floor":["M","?","$","?","$","E","M","E","T","$","M","M","?","E","R","B",null,"M","?","M","$","M","R","M","?","T","R","M","$","R","E","R","B",null,"M","$","M","$","M","R","M"],"character_chosen":"DEFECT","items_purchased":["Vajra","Cold Snap","Oddly Smooth Stone"],"campfire_rested":2,"item_purchase_floors":[5,10,36],"current_hp_per_floor":[64,46,46,46,46,46,46,35,35,35,35,35,35,35,35,60,68,57,71,66,66,48,48,31,31,31,52,46,46,46,24,45,35,80,70,70,51,51,50,50,0],"gold":133,"neow_bonus":"THREE_ENEMY_KILL","is_prod":false,"is_daily":false,"chose_seed":false,"campfire_upgraded":3,"win_rate":0,"timestamp":1551820304,"path_taken":["M","?","$","?","$","E","M","E","T","?","M","?","?","E","R","BOSS","M","?","M","$","M","R","M","?","T","R","M","$","R","E","R","BOSS","M","$","M","$","M","R","M"],"build_version":"2019-01-23","purchased_purges":2,"victory":false,"max_hp_per_floor":[71,71,71,71,71,71,71,71,71,71,71,71,71,71,71,71,71,71,71,71,71,71,71,71,71,71,71,71,71,71,71,71,71,89,89,89,89,89,89,89,89],"card_choices":[{"not_picked":["Rip and Tear","Sweeping Beam"],"picked":"Loop","floor":1.0},{"not_picked":["Rebound","Steam"],"picked":"Leap","floor":6.0},{"not_picked":["Hologram","Beam Cell"],"picked":"FTL","floor":7.0},{"not_picked":["Force Field","Steam"],"picked":"Seek","floor":8.0},{"not_picked":["Redo","Streamline"],"picked":"Cold Snap","floor":11.0},{"not_picked":["Double Energy","Stack"],"picked":"BootSequence","floor":12.0},{"not_picked":["Heatsinks","Force Field"],"picked":"Go for the Eyes","floor":14.0},{"not_picked":["All For One","Hyperbeam"],"picked":"Machine Learning","floor":16.0},{"not_picked":["Lockon","Beam Cell"],"picked":"Sweeping Beam","floor":18.0},{"not_picked":["Rip and Tear","Genetic Algorithm","Steam"],"picked":"SKIP","floor":20.0},{"not_picked":["Go for the Eyes","Conserve Battery"],"picked":"Glacier","floor":22.0},{"not_picked":["Compile Driver","Hologram"],"picked":"Ball Lightning+1","floor":24.0},{"not_picked":["Go for the Eyes","Heatsinks","Chaos"],"picked":"SKIP","floor":28.0},{"not_picked":["Fusion","Barrage"],"picked":"Echo Form","floor":31.0},{"not_picked":["Hyperbeam","Multi-Cast"],"picked":"Electrodynamics","floor":33.0},{"not_picked":["BootSequence","Steam+1"],"picked":"Loop","floor":35.0},{"not_picked":["Tempest","Beam Cell"],"picked":"Ball Lightning+1","floor":37.0},{"not_picked":["Double Energy+1","Redo"],"picked":"Reinforced Body","floor":39.0}],"player_experience":1293055,"relics_obtained":[{"floor":6.0,"key":"War Paint"},{"floor":8.0,"key":"Pantograph"},{"floor":9.0,"key":"Darkstone Periapt"},{"floor":14.0,"key":"Shovel"},{"floor":26.0,"key":"Gremlin Horn"},{"floor":30.0,"key":"Letter Opener"},{"floor":31.0,"key":"Bottled Flame"},{"floor":34.0,"key":"Bag of Marbles"},{"floor":34.0,"key":"Kunai"},{"floor":34.0,"key":"Pocketwatch"}],"event_choices":[{"damage_healed":0.0,"max_hp_gain":0.0,"max_hp_loss":0.0,"gold_gain":0.0,"event_name":"Scrap Ooze","player_choice":"Success","floor":2.0,"gold_loss":0.0,"damage_taken":18.0,"relics_obtained":["Symbiotic Virus"]},{"damage_healed":0.0,"max_hp_gain":0.0,"max_hp_loss":0.0,"gold_gain":150.0,"event_name":"Liars Game","player_choice":"AGREE","floor":4.0,"gold_loss":0.0,"damage_taken":0.0,"cards_obtained":["Doubt"]},{"cards_removed":["Strike_B"],"damage_healed":0.0,"max_hp_gain":0.0,"max_hp_loss":0.0,"gold_gain":0.0,"event_name":"Purifier","player_choice":"Purged","floor":13.0,"gold_loss":0.0,"damage_taken":0.0},{"damage_healed":14.0,"max_hp_gain":0.0,"max_hp_loss":0.0,"gold_gain":0.0,"event_name":"The Library","player_choice":"Heal","floor":19.0,"gold_loss":0.0,"damage_taken":0.0},{"damage_healed":0.0,"max_hp_gain":0.0,"max_hp_loss":0.0,"gold_gain":0.0,"event_name":"Ghosts","player_choice":"Ignored","floor":25.0,"gold_loss":0.0,"damage_taken":0.0}],"is_beta":false,"boss_relics":[{"not_picked":["Snecko Eye","Runic Dome"],"picked":"White Beast Statue"},{"not_picked":["Orrery","Runic Pyramid"],"picked":"Calling Bell"}],"items_purged_floors":[5,21],"is_endless":false,"potions_floor_spawned":[1,7,14,16,18,20,22,24,28,31,33,35,37,39],"killed_by":"Writhing Mass","ascension_level":19}