{"gold_per_floor":[113,4,23,43,43,72,72,72,72,72,99,11,25,58,58,133,133,144,59,59,59,75,75,109,109,109,124,152,162,197,41,41,118,118,138,154,254,254,270,270,604,621,668,696,696,696,696,375,375,375,375,375,375,38,73,73],"floor_reached":57,"playtime":5206,"items_purged":["Strike_B+1","Strike_B+1","Strike_B+1"],"score":2918,"play_id":"6f7e7498-4a12-42d3-8002-35682d42d3f9","local_time":"20190307112453","is_ascension_mode":true,"campfire_choices":[{"data":"Zap","floor":8.0,"key":"SMITH"},{"data":"Self Repair","floor":10.0,"key":"SMITH"},{"data":"Doom and Gloom","floor":15.0,"key":"SMITH"},{"data":"Electrodynamics","floor":23.0,"key":"SMITH"},{"data":"Capacitor","floor":25.0,"key":"SMITH"},{"data":"Hologram","floor":32.0,"key":"SMITH"},{"data":"Consume","floor":40.0,"key":"SMITH"},{"floor":45.0,"key":"RECALL"},{"data":"Coolheaded","floor":47.0,"key":"SMITH"},{"data":"Coolheaded","floor":49.0,"key":"SMITH"},{"data":"Echo Form","floor":53.0,"key":"SMITH"}],"neow_cost":"NONE","seed_source_timestamp":584592230487,"circlet_count":0,"master_deck":["AscendersBane","Defend_B+1","Defend_B+1","Defend_B+1","Defend_B+1","Zap+1","Dualcast","Compile Driver+1","Self Repair+1","Cold Snap+1","Coolheaded+1","Defragment+1","Auto Shields","Undo","Doom and Gloom+1","Genetic Algorithm","Electrodynamics+1","Capacitor+1","Machine Learning","Genetic Algorithm","Recycle+1","Redo+1","Hologram+1","Compile Driver","Echo Form+1","Steam+1","Consume+1","Defragment+1","Coolheaded+1"],"special_seed":0,"relics":["Cracked Core","NeowsBlessing","Blue Candle","Kunai","Darkstone Periapt","Vajra","Nuclear Battery","Mango","Bottled Tornado","Turnip","Dodecahedron","Boot","Busted Crown","Nunchaku","Old Coin","Dead Branch","Whetstone","Lee\u0027s Waffle","Cables"],"potions_floor_usage":[56,56],"damage_taken":[{"damage":0.0,"enemies":"Cultist","floor":1.0,"turns":1.0},{"damage":0.0,"enemies":"Small Slimes","floor":3.0,"turns":1.0},{"damage":0.0,"enemies":"2 Louse","floor":4.0,"turns":1.0},{"damage":36.0,"enemies":"3 Sentries","floor":6.0,"turns":9.0},{"damage":3.0,"enemies":"Lagavulin","floor":11.0,"turns":10.0},{"damage":10.0,"enemies":"Gremlin Gang","floor":13.0,"turns":4.0},{"damage":58.0,"enemies":"Gremlin Nob","floor":14.0,"turns":5.0},{"damage":10.0,"enemies":"Hexaghost","floor":16.0,"turns":9.0},{"damage":12.0,"enemies":"Shell Parasite","floor":18.0,"turns":7.0},{"damage":0.0,"enemies":"3 Byrds","floor":22.0,"turns":4.0},{"damage":29.0,"enemies":"Gremlin Leader","floor":24.0,"turns":7.0},{"damage":30.0,"enemies":"Shelled Parasite and Fungi","floor":27.0,"turns":5.0},{"damage":3.0,"enemies":"Slavers","floor":28.0,"turns":3.0},{"damage":0.0,"enemies":"3 Cultists","floor":29.0,"turns":2.0},{"damage":8.0,"enemies":"Book of Stabbing","floor":30.0,"turns":6.0},{"damage":32.0,"enemies":"Automaton","floor":33.0,"turns":15.0},{"damage":8.0,"enemies":"3 Darklings","floor":35.0,"turns":4.0},{"damage":11.0,"enemies":"3 Shapes","floor":36.0,"turns":7.0},{"damage":20.0,"enemies":"Mind Bloom Boss Battle","floor":37.0,"turns":8.0},{"damage":22.0,"enemies":"Transient","floor":39.0,"turns":6.0},{"damage":5.0,"enemies":"Reptomancer","floor":41.0,"turns":5.0},{"damage":11.0,"enemies":"Spire Growth","floor":42.0,"turns":7.0},{"damage":0.0,"enemies":"Giant Head","floor":44.0,"turns":10.0},{"damage":0.0,"enemies":"Awakened One","floor":50.0,"turns":11.0},{"damage":16.0,"enemies":"Donu and Deca","floor":51.0,"turns":11.0},{"damage":53.0,"enemies":"Shield and Spear","floor":55.0,"turns":8.0},{"damage":43,"enemies":"The Heart","floor":56,"turns":14}],"seed_played":"-5711197217590506580","potions_obtained":[{"floor":6.0,"key":"GamblersBrew"},{"floor":11.0,"key":"FocusPotion"},{"floor":13.0,"key":"FocusPotion"},{"floor":16.0,"key":"SpeedPotion"},{"floor":30.0,"key":"Poison Potion"},{"floor":39.0,"key":"FocusPotion"},{"floor":44.0,"key":"PowerPotion"},{"floor":55.0,"key":"FearPotion"}],"is_trial":false,"path_per_floor":["M","$","M","M","?","E","?","R","T","R","E","$","M","E","R","B",null,"M","?","?","?","M","R","E","R","T","M","E","M","E","$","R","B",null,"M","M","?","?","M","R","E","M","T","E","R","?","R","$","R","B","B",null,"R","$","E","B",null],"character_chosen":"DEFECT","items_purchased":["Self Repair","Cold Snap","Doom and Gloom","Dexterity Potion","Compile Driver","Coolheaded","Whetstone","Lee\u0027s Waffle"],"campfire_rested":0,"item_purchase_floors":[2,2,12,31,31,48,48,54],"current_hp_per_floor":[64,64,64,71,71,42,65,65,65,65,71,71,71,23,23,23,59,57,71,71,71,71,71,52,52,52,32,39,49,51,51,51,29,71,73,62,62,62,50,50,65,74,74,85,85,85,85,85,85,85,79,84,84,92,59,26],"gold":73,"neow_bonus":"THREE_ENEMY_KILL","is_prod":false,"is_daily":false,"chose_seed":false,"campfire_upgraded":10,"win_rate":0,"timestamp":1551975893,"path_taken":["M","$","?","M","?","E","?","R","T","R","E","$","M","E","R","BOSS","M","?","?","?","M","R","E","R","T","M","E","?","E","$","R","BOSS","M","M","?","?","M","R","E","M","T","E","R","?","R","$","R","BOSS","BOSS","R","$","E","BOSS"],"build_version":"2019-01-23","purchased_purges":3,"victory":true,"max_hp_per_floor":[71,71,71,71,71,71,71,71,71,71,71,71,71,71,71,71,71,71,85,85,85,85,85,85,85,85,85,85,85,85,85,85,85,85,85,85,85,85,85,85,85,85,85,85,85,85,85,85,85,85,85,85,85,92,92,92],"card_choices":[{"not_picked":["Double Energy","Coolheaded"],"picked":"Compile Driver","floor":1.0},{"not_picked":["Redo","Undo"],"picked":"Coolheaded","floor":3.0},{"not_picked":["Aggregate","Streamline"],"picked":"Defragment","floor":4.0},{"not_picked":["Scrape","Reinforced Body"],"picked":"Auto Shields","floor":6.0},{"not_picked":["Tempest","Stack"],"picked":"Undo","floor":11.0},{"not_picked":["Redo","Double Energy","Chaos"],"picked":"SKIP","floor":13.0},{"not_picked":["Seek","Gash"],"picked":"Genetic Algorithm","floor":14.0},{"not_picked":["Rainbow","Meteor Strike"],"picked":"Electrodynamics","floor":16.0},{"not_picked":["Gash","Rebound","Stack"],"picked":"SKIP","floor":18.0},{"not_picked":["Self Repair","Static Discharge"],"picked":"Capacitor","floor":22.0},{"not_picked":["Force Field","Ball Lightning"],"picked":"Machine Learning","floor":24.0},{"not_picked":["Rebound","Conserve Battery"],"picked":"Genetic Algorithm","floor":27.0},{"not_picked":["Sweeping Beam","Steam Power"],"picked":"Recycle+1","floor":28.0},{"not_picked":["Sweeping Beam","Chaos"],"picked":"Redo+1","floor":29.0},{"not_picked":["Rainbow","Cold Snap"],"picked":"Hologram","floor":30.0},{"not_picked":["Meteor Strike","Reboot"],"picked":"Echo Form","floor":33.0},{"not_picked":[],"picked":"Steam+1","floor":35.0},{"not_picked":["Conserve Battery"],"picked":"SKIP","floor":36.0},{"not_picked":["Conserve Battery"],"picked":"SKIP","floor":36.0},{"not_picked":[],"picked":"Consume","floor":39.0},{"not_picked":["Hologram"],"picked":"SKIP","floor":41.0},{"not_picked":["Gash"],"picked":"SKIP","floor":42.0},{"not_picked":["Turbo"],"picked":"SKIP","floor":44.0},{"not_picked":["Turbo"],"picked":"SKIP","floor":44.0},{"not_picked":["Heatsinks+1"],"picked":"SKIP","floor":55.0}],"player_experience":744374,"relics_obtained":[{"floor":6.0,"key":"Blue Candle"},{"floor":9.0,"key":"Kunai"},{"floor":11.0,"key":"Darkstone Periapt"},{"floor":14.0,"key":"Vajra"},{"floor":24.0,"key":"Bottled Tornado"},{"floor":26.0,"key":"Turnip"},{"floor":28.0,"key":"Dodecahedron"},{"floor":30.0,"key":"Boot"},{"floor":37.0,"key":"Nunchaku"},{"floor":41.0,"key":"Old Coin"},{"floor":44.0,"key":"Dead Branch"},{"floor":55.0,"key":"Cables"}],"event_choices":[{"damage_healed":0.0,"max_hp_gain":0.0,"max_hp_loss":0.0,"gold_gain":0.0,"event_name":"Living Wall","player_choice":"Grow","floor":5.0,"gold_loss":0.0,"damage_taken":0.0,"cards_upgraded":["Defragment"]},{"damage_healed":23.0,"max_hp_gain":0.0,"max_hp_loss":0.0,"gold_gain":0.0,"event_name":"Big Fish","player_choice":"Banana","floor":7.0,"gold_loss":0.0,"damage_taken":0.0},{"damage_healed":0.0,"max_hp_gain":0.0,"max_hp_loss":0.0,"gold_gain":0.0,"event_name":"Addict","player_choice":"Obtained Relic","floor":19.0,"gold_loss":85.0,"damage_taken":0.0,"relics_obtained":["Mango"]},{"damage_healed":0.0,"max_hp_gain":0.0,"max_hp_loss":0.0,"gold_gain":0.0,"event_name":"Back to Basics","player_choice":"Simplicity","floor":20.0,"gold_loss":0.0,"damage_taken":0.0,"cards_upgraded":["Strike_B","Strike_B","Strike_B","Strike_B","Defend_B","Defend_B","Defend_B","Defend_B"]},{"cards_removed":["Strike_B"],"damage_healed":0.0,"max_hp_gain":0.0,"max_hp_loss":0.0,"gold_gain":0.0,"event_name":"Wheel of Change","player_choice":"Card Removal","floor":21.0,"gold_loss":0.0,"damage_taken":0.0},{"damage_healed":0.0,"max_hp_gain":0.0,"max_hp_loss":0.0,"gold_gain":0.0,"event_name":"MindBloom","player_choice":"Fight","floor":37.0,"gold_loss":0.0,"damage_taken":0.0},{"damage_healed":0.0,"max_hp_gain":0.0,"max_hp_loss":0.0,"gold_gain":0.0,"event_name":"Tomb of Lord Red Mask","player_choice":"Ignored","floor":38.0,"gold_loss":0.0,"damage_taken":0.0},{"damage_healed":0.0,"max_hp_gain":0.0,"max_hp_loss":0.0,"gold_gain":0.0,"event_name":"Duplicator","player_choice":"Copied","floor":46.0,"gold_loss":0.0,"damage_taken":0.0,"cards_obtained":["Defragment"]}],"is_beta":false,"boss_relics":[{"not_picked":["Runic Pyramid","Cursed Key"],"picked":"Nuclear Battery"},{"not_picked":["Black Star","Empty Cage"],"picked":"Busted Crown"}],"items_purged_floors":[31,48,54],"is_endless":false,"potions_floor_spawned":[6,11,13,14,16,18,27,30,39,44,55],"ascension_level":20}