{"gold_per_floor":[110,129,139,139,162,162,3,3,3,13,57,72,72,85,85,176,176,155,176,101,20,20,20,35,70,70,70,120,120,140,159,159,255,255,273,297,297,119,119],"floor_reached":39,"playtime":2739,"items_purged":["Pain","Strike_G"],"score":766,"play_id":"347de5ea-8515-4c6b-8dfe-d4f899aefa30","local_time":"20181130222816","is_ascension_mode":true,"campfire_choices":[{"data":"Neutralize","floor":6.0,"key":"SMITH"},{"data":"Dagger Spray","floor":13.0,"key":"SMITH"},{"floor":15.0,"key":"DIG"},{"data":"Dash","floor":23.0,"key":"SMITH"},{"data":"Noxious Fumes","floor":27.0,"key":"SMITH"},{"floor":29,"key":"DIG"},{"data":"Footwork","floor":32,"key":"SMITH"}],"neow_cost":"CURSE","seed_source_timestamp":1413231885073681,"circlet_count":0,"master_deck":["AscendersBane","Defend_G","Defend_G","Defend_G","Defend_G","Defend_G","Strike_G","Strike_G","Survivor","Neutralize+1","PiercingWail","Escape Plan","Backflip","Deflect","Crippling Poison","Die Die Die","Deflect","Dagger Spray+1","Quick Slash","Wraith Form v2","Deflect+1","Dash+1","Well Laid Plans","Ghostly","Ghostly","Ghostly","Caltrops","Noxious Fumes+1","Footwork+1","Tools of the Trade","Burst","Footwork","Noxious Fumes"],"special_seed":0,"relics":["Ring of the Serpent","Incense Burner","Golden Idol","Meat on the Bone","Shovel","Omamori","Letter Opener","Dodecahedron","Shuriken","Eternal Feather"],"potions_floor_usage":[30,31,31,33],"damage_taken":[{"damage":5.0,"enemies":"Cultist","floor":1.0,"turns":4.0},{"damage":6.0,"enemies":"2 Louse","floor":2.0,"turns":7.0},{"damage":7.0,"enemies":"Jaw Worm","floor":3.0,"turns":5.0},{"damage":12.0,"enemies":"Large Slime","floor":5.0,"turns":11.0},{"damage":2.0,"enemies":"Exordium Thugs","floor":10.0,"turns":5.0},{"damage":43.0,"enemies":"Lagavulin","floor":11.0,"turns":9.0},{"damage":0.0,"enemies":"Blue Slaver","floor":12.0,"turns":4.0},{"damage":12.0,"enemies":"Large Slime","floor":14.0,"turns":9.0},{"damage":26.0,"enemies":"The Guardian","floor":16.0,"turns":17.0},{"damage":14.0,"enemies":"2 Thieves","floor":18.0,"turns":4.0},{"damage":8.0,"enemies":"Spheric Guardian","floor":19.0,"turns":8.0},{"damage":2.0,"enemies":"Shelled Parasite and Fungi","floor":24.0,"turns":10.0},{"damage":12.0,"enemies":"Book of Stabbing","floor":25.0,"turns":7.0},{"damage":0,"enemies":"3 Cultists","floor":30,"turns":4},{"damage":6,"enemies":"Centurion and Healer","floor":31,"turns":10},{"damage":7,"enemies":"Automaton","floor":33,"turns":13},{"damage":4,"enemies":"Orb Walker","floor":35,"turns":8},{"damage":1,"enemies":"3 Darklings","floor":36,"turns":6},{"damage":24,"enemies":"Maw","floor":39,"turns":7}],"seed_played":"3466087317271678717","potions_obtained":[{"floor":3.0,"key":"Weak Potion"},{"floor":10.0,"key":"EntropicBrew"},{"floor":11.0,"key":"PowerPotion"},{"floor":16.0,"key":"Ancient Potion"},{"floor":18.0,"key":"Block Potion"},{"floor":25.0,"key":"Strength Potion"},{"floor":30,"key":"EntropicBrew"},{"floor":36,"key":"SteroidPotion"}],"is_trial":false,"path_per_floor":["M","M","M","?","M","R","$","?","T","M","E","M","R","M","R","B",null,"M","M","?","$","?","R","M","E","T","R","?","R","M","M","R","B",null,"M","M","?","$","M"],"character_chosen":"THE_SILENT","items_purchased":["Crippling Poison","Well Laid Plans","Noxious Fumes"],"campfire_rested":0,"item_purchase_floors":[7,21,38],"current_hp_per_floor":[54,48,41,41,29,29,29,29,29,39,23,35,35,35,35,21,50,36,40,40,40,30,30,28,16,16,16,16,16,16,22,22,27,29,25,24,24,24,0],"gold":119,"neow_bonus":"ONE_RARE_RELIC","is_prod":false,"is_daily":false,"chose_seed":false,"campfire_upgraded":5,"win_rate":0,"timestamp":1543634896,"path_taken":["M","?","?","?","M","R","$","?","T","M","E","M","R","M","R","BOSS","M","M","?","$","?","R","M","E","T","R","?","R","M","M","R","BOSS","M","M","?","$","M"],"build_version":"2018-11-15","purchased_purges":2,"victory":false,"max_hp_per_floor":[66,66,66,60,60,60,60,60,60,60,60,60,60,60,60,60,60,60,60,60,60,30,30,30,30,30,30,30,30,30,30,30,30,30,30,30,30,30,30],"card_choices":[{"not_picked":["Blade Dance","Eviscerate"],"picked":"PiercingWail","floor":1.0},{"not_picked":["Prepared","Acrobatics"],"picked":"Escape Plan","floor":2.0},{"not_picked":["Bane","Outmaneuver"],"picked":"Backflip","floor":3.0},{"not_picked":["Prepared","Underhanded Strike"],"picked":"Deflect","floor":5.0},{"not_picked":["Dagger Spray","Skewer"],"picked":"Die Die Die","floor":10.0},{"not_picked":["Endless Agony","Underhanded Strike"],"picked":"Deflect","floor":11.0},{"not_picked":["Calculated Gamble","Slice"],"picked":"Dagger Spray","floor":12.0},{"not_picked":["Masterful Stab","Blade Dance"],"picked":"Quick Slash","floor":14.0},{"not_picked":["Die Die Die","Unload"],"picked":"Wraith Form v2","floor":16.0},{"not_picked":["Expertise","Blade Dance"],"picked":"Deflect+1","floor":18.0},{"not_picked":["Cloak And Dagger","Poisoned Stab"],"picked":"Dash","floor":19.0},{"not_picked":["Deadly Poison","Leg Sweep+1"],"picked":"Caltrops","floor":24.0},{"not_picked":["Acrobatics+1","Riddle With Holes"],"picked":"Noxious Fumes","floor":25.0},{"not_picked":["Slice","Blade Dance"],"picked":"Footwork","floor":30},{"not_picked":["Masterful Stab","Cloak And Dagger"],"picked":"Tools of the Trade","floor":31},{"not_picked":["Bullet Time","Die Die Die"],"picked":"Burst","floor":33},{"not_picked":["Bane+1","Blade Dance"],"picked":"Footwork","floor":35},{"not_picked":["Masterful Stab","Outmaneuver","Acrobatics"],"picked":"SKIP","floor":36}],"player_experience":564434,"relics_obtained":[{"floor":9.0,"key":"Meat on the Bone"},{"floor":11.0,"key":"Shovel"},{"floor":15.0,"key":"Omamori"},{"floor":25.0,"key":"Letter Opener"},{"floor":26.0,"key":"Dodecahedron"},{"floor":29,"key":"Shuriken"}],"event_choices":[{"damage_healed":0.0,"max_hp_gain":0.0,"max_hp_loss":6.0,"gold_gain":0.0,"event_name":"Golden Idol","player_choice":"Lose Max HP","floor":4.0,"gold_loss":0.0,"damage_taken":0.0,"relics_obtained":["Golden Idol"]},{"cards_removed":["Strike_G"],"damage_healed":0.0,"max_hp_gain":0.0,"max_hp_loss":0.0,"gold_gain":0.0,"event_name":"Purifier","player_choice":"Purged","floor":8.0,"gold_loss":0.0,"damage_taken":0.0},{"cards_removed":["Strike_G"],"damage_healed":0.0,"max_hp_gain":0.0,"max_hp_loss":0.0,"gold_gain":0.0,"event_name":"Beggar","player_choice":"Gave Gold","floor":20.0,"gold_loss":75.0,"damage_taken":0.0},{"damage_healed":0.0,"max_hp_gain":0.0,"max_hp_loss":30.0,"gold_gain":0.0,"event_name":"Ghosts","player_choice":"Became a Ghost","floor":22.0,"gold_loss":0.0,"damage_taken":0.0,"cards_obtained":["Ghostly","Ghostly","Ghostly"]},{"damage_healed":0,"gold_gain":100,"player_choice":"Bet on Murderer","damage_taken":0,"max_hp_gain":0,"max_hp_loss":0,"event_name":"The Joust","floor":28,"gold_loss":50},{"damage_healed":0,"gold_gain":0,"player_choice":"Ignored","damage_taken":0,"max_hp_gain":0,"max_hp_loss":0,"event_name":"Tomb of Lord Red Mask","floor":37,"gold_loss":0}],"is_beta":false,"boss_relics":[{"not_picked":["Runic Pyramid","White Beast Statue"],"picked":"Ring of the Serpent"},{"not_picked":["Snecko Eye","Empty Cage"],"picked":"Eternal Feather"}],"items_purged_floors":[7,38],"is_endless":false,"potions_floor_spawned":[3,10,11,16,18,25,30,31,36],"killed_by":"Maw","ascension_level":18}