{"path_per_floor":["M","?","$","?","M","E","R","E","T","$","R","?","R","M","R","B",null,"M","$","?","?","?","R","E","M","T","?","?","M","$","M","R"],"character_chosen":"THE_SILENT","items_purchased":["Accuracy","Apotheosis","Cloak And Dagger","Accuracy","Flying Knee"],"gold_per_floor":[117,292,10,10,22,57,57,84,84,9,9,9,9,19,19,121,121,137,84,9,9,9,9,36,61,135,135,135,152,56,72,72],"floor_reached":33,"campfire_rested":5,"playtime":2015,"current_hp_per_floor":[68,68,68,61,61,59,59,27,27,27,48,15,36,38,59,34,77,36,36,36,36,36,59,26,5,5,30,21,23,23,4,43],"items_purged":["Defend_G"],"gold":72,"play_id":"72aa29a5-e4c4-4e24-9d0d-c46920ed40e2","is_prod":false,"is_daily":false,"campfire_rituals":0,"campfire_upgraded":1,"is_hardmode":false,"path_taken":["M","?","$","?","M","E","R","E","T","$","R","?","R","M","R","BOSS","M","$","?","?","?","R","E","?","T","?","?","M","$","M","R","BOSS"],"build_version":"2017-12-21-PROD1","purchased_purges":1,"victory":false,"master_deck":["Defend_G","Defend_G","Defend_G","Defend_G","Strike_G","Strike_G","Strike_G","Strike_G","Strike_G","Survivor","Neutralize","Cloak And Dagger","Accuracy","Apotheosis","Backflip","Calculated Gamble","Backflip","Outmaneuver","Phantasmal Killer","Parasite","Cloak And Dagger","Cloak And Dagger","Blade Dance","Flying Knee","Skewer","Blur","Accuracy","Flying Knee","Blade Dance","Caltrops"],"max_hp_per_floor":[70,70,70,70,70,70,70,70,70,70,70,70,70,70,70,70,77,77,77,77,77,77,77,77,77,77,77,82,82,82,82,82],"relics":["Ring of the Snake","Torii","Letter Opener","Unceasing Top","Blood Vial","Calling Bell","Shuriken","Strawberry","Dream Catcher","Regal Pillow","Darkstone Periapt"],"campfire_meditates":0,"card_choices":[{"not_picked":["Slice","Deflect"],"picked":"Cloak And Dagger"},{"not_picked":["Endless Agony","Sucker Punch"],"picked":"Backflip"},{"not_picked":["Malaise","Flechettes"],"picked":"Calculated Gamble"},{"not_picked":["Dagger Throw","Riddle With Holes"],"picked":"Backflip"},{"not_picked":["Backflip","Flying Knee"],"picked":"Outmaneuver"},{"not_picked":["Burst","Wraith Form"],"picked":"Phantasmal Killer"},{"not_picked":["Bane","Backstab"],"picked":"Cloak And Dagger"},{"not_picked":["Malaise","Slice"],"picked":"Blade Dance"},{"not_picked":["Slice","Bane"],"picked":"Flying Knee"},{"not_picked":["Bane","Flying Knee"],"picked":"Skewer"},{"not_picked":["Backflip","Leg Sweep"],"picked":"Blur"},{"not_picked":["Backflip","Slice"],"picked":"Blade Dance"},{"not_picked":["Dagger Spray","Bouncing Flask"],"picked":"Caltrops"}],"player_experience":68983,"potions_floor_usage":[16,24,24,29],"damage_taken":[{"damage":2,"enemies":"Looter","floor":1,"turns":4},{"damage":0,"enemies":"Jaw Worm","floor":5,"turns":5},{"damage":2,"enemies":"3 Sentries","floor":6,"turns":6},{"damage":32,"enemies":"Gremlin Nob","floor":8,"turns":4},{"damage":0,"enemies":"Cultist","floor":14,"turns":4},{"damage":27,"enemies":"Slime Boss","floor":16,"turns":9},{"damage":41,"enemies":"Spheric Guardian","floor":18,"turns":7},{"damage":35,"enemies":"Slavers","floor":24,"turns":5},{"damage":23,"enemies":"2 Thieves","floor":25,"turns":4},{"damage":0,"enemies":"Snecko","floor":29,"turns":3},{"damage":21,"enemies":"Sentry and Sphere","floor":31,"turns":4},{"damage":49,"enemies":"Champ","floor":33,"turns":9}],"event_choices":[{"event_name":"Liars Game","player_choice":"agreed","floor":2,"damage_taken":0},{"event_name":"Golden Wing","player_choice":"Card Removal","floor":4,"damage_taken":0},{"event_name":"Scrap Ooze","player_choice":"success","floor":12,"damage_taken":33},{"event_name":"Beggar","player_choice":"Gave Gold","floor":20,"damage_taken":0},{"event_name":"Back to Basics","player_choice":"Elegance","floor":21,"damage_taken":0},{"event_name":"Drug Dealer","player_choice":"Ignored","floor":22,"damage_taken":0},{"event_name":"The Library","player_choice":"Heal","floor":27,"damage_taken":0},{"event_name":"Forgotten Altar","player_choice":"Shed Blood","floor":28,"damage_taken":0}],"boss_relics":[{"not_picked":["Cursed Key","Black Star"],"picked":"Calling Bell"}],"potions_floor_spawned":[6,8,14,18],"seed_played":"4431429936257468734","killed_by":"Champ","is_trial":false}