{"gold_per_floor":[10,24,24,24,40,40,51,51,51,66,98,98,23,46,46,171,234,255,275,275,275,300,300,314,314,390,390,390,47,91,91,91,214,214,235,249,270,145,170,170,170,170,197,197,216,216,66,82,82,82],"floor_reached":50,"playtime":1712,"items_purged":["Strike_R","Defend_R","Strike_R","Defend_R+1"],"score":462,"play_id":"47024129-77ab-4d97-a10f-bc720ccedf25","local_time":"20181208131735","is_ascension_mode":false,"campfire_choices":[{"data":"Bash","floor":6,"key":"SMITH"},{"data":"Dropkick","floor":8,"key":"SMITH"},{"floor":15,"key":"REST"},{"data":"Clash","floor":23,"key":"SMITH"},{"data":"Shrug It Off","floor":25,"key":"SMITH"},{"floor":27,"key":"REST"},{"floor":32,"key":"REST"},{"floor":40,"key":"REST"},{"floor":44,"key":"REST"},{"floor":49,"key":"REST"}],"neow_cost":"NO_GOLD","seed_source_timestamp":2072438151653445,"circlet_count":0,"master_deck":["Strike_R+1","Bash+1","Dropkick+1","Clash+1","Shrug It Off+1","Necronomicurse"],"relics":["Burning Blood","Unceasing Top","Mummified Hand","Dodecahedron","Golden Idol","Tiny House","MutagenicStrength","Necronomicon","Letter Opener","Gremlin Horn","Art of War","Empty Cage","Lantern"],"potions_floor_usage":[11,16,24,30,33,33,50,50,50],"damage_taken":[{"damage":2,"enemies":"Small Slimes","floor":1,"turns":4},{"damage":11,"enemies":"Jaw Worm","floor":2,"turns":3},{"damage":0,"enemies":"2 Louse","floor":5,"turns":3},{"damage":9,"enemies":"Blue Slaver","floor":7,"turns":3},{"damage":13,"enemies":"3 Louse","floor":10,"turns":4},{"damage":9,"enemies":"Gremlin Nob","floor":11,"turns":4},{"damage":19,"enemies":"Large Slime","floor":14,"turns":6},{"damage":42,"enemies":"Slime Boss","floor":16,"turns":12},{"damage":20,"enemies":"Spheric Guardian","floor":18,"turns":5},{"damage":4,"enemies":"3 Byrds","floor":19,"turns":6},{"damage":2,"enemies":"Snecko","floor":22,"turns":4},{"damage":16,"enemies":"Snake Plant","floor":24,"turns":2},{"damage":41,"enemies":"Book of Stabbing","floor":30,"turns":5},{"damage":57,"enemies":"Automaton","floor":33,"turns":11},{"damage":21,"enemies":"3 Shapes","floor":35,"turns":5},{"damage":32,"enemies":"3 Darklings","floor":36,"turns":6},{"damage":7,"enemies":"Jaw Worm Horde","floor":37,"turns":4},{"damage":41,"enemies":"Maw","floor":39,"turns":9},{"damage":29,"enemies":"3 Darklings","floor":45,"turns":6},{"damage":12,"enemies":"Sphere and 2 Shapes","floor":48,"turns":4},{"damage":74,"enemies":"Time Eater","floor":50,"turns":6}],"seed_played":"7510820932518897746","potions_obtained":[{"floor":1,"key":"PowerPotion"},{"floor":5,"key":"Explosive Potion"},{"floor":14,"key":"Weak Potion"},{"floor":16,"key":"AttackPotion"},{"floor":17,"key":"SpeedPotion"},{"floor":22,"key":"EssenceOfSteel"},{"floor":24,"key":"AttackPotion"},{"floor":35,"key":"GamblersBrew"},{"floor":39,"key":"Weak Potion"},{"floor":45,"key":"BloodPotion"}],"is_trial":false,"path_per_floor":["M","M","?","$","M","R","M","R","T","M","E","?","$","M","R","B",null,"M","M","?","?","M","R","M","R","T","R","?","$","E","?","R","B",null,"M","M","M","$","M","R","?","?","T","R","M","?","$","M","R","B"],"character_chosen":"IRONCLAD","items_purchased":["Gremlin Horn"],"campfire_rested":6,"item_purchase_floors":[29],"current_hp_per_floor":[80,75,75,75,80,80,77,77,77,70,67,47,47,34,58,22,85,71,73,73,57,61,61,51,51,51,76,76,76,41,41,66,15,85,70,44,43,43,8,33,33,33,33,58,35,35,35,29,54,0],"gold":82,"neow_bonus":"ONE_RARE_RELIC","is_prod":false,"is_daily":false,"chose_seed":false,"campfire_upgraded":4,"win_rate":0,"timestamp":1544293055,"path_taken":["M","M","?","$","M","R","M","R","T","M","E","?","$","M","R","BOSS","M","M","?","?","M","R","M","R","T","R","?","$","E","?","R","BOSS","M","M","M","$","M","R","?","?","T","R","M","?","$","M","R","BOSS"],"build_version":"2018-12-06","purchased_purges":4,"victory":false,"max_hp_per_floor":[80,80,80,80,80,80,80,80,80,80,80,80,80,80,80,80,85,85,85,85,85,85,85,85,85,85,85,85,85,85,85,85,85,85,85,85,85,85,85,85,85,85,85,85,85,85,85,85,85,85],"card_choices":[{"not_picked":["Cleave","Armaments","Wild Strike"],"picked":"SKIP","floor":1},{"not_picked":["Pommel Strike","Cleave","Heavy Blade"],"picked":"SKIP","floor":2},{"not_picked":["Twin Strike","Carnage"],"picked":"Dropkick","floor":5},{"not_picked":["Havoc","Body Slam","Pommel Strike"],"picked":"SKIP","floor":7},{"not_picked":["Thunderclap","Rupture","Warcry"],"picked":"SKIP","floor":10},{"not_picked":["Brutality","Clothesline","Rage"],"picked":"SKIP","floor":11},{"not_picked":["Twin Strike","Flame Barrier","Iron Wave"],"picked":"SKIP","floor":14},{"not_picked":["Flex","Perfected Strike"],"picked":"Clash","floor":17},{"not_picked":["Intimidate","Wild Strike","Reckless Charge"],"picked":"SKIP","floor":18},{"not_picked":["Warcry","Searing Blow+1"],"picked":"Shrug It Off","floor":19},{"not_picked":["Clothesline","Shrug It Off","Iron Wave"],"picked":"SKIP","floor":22},{"not_picked":["Havoc","Blood for Blood","Entrench"],"picked":"SKIP","floor":24},{"not_picked":["Heavy Blade","True Grit","Feel No Pain"],"picked":"SKIP","floor":30},{"not_picked":["Perfected Strike","Twin Strike+1","Clash"],"picked":"SKIP","floor":35},{"not_picked":["Wild Strike","Blood for Blood+1","Fire Breathing"],"picked":"SKIP","floor":36},{"not_picked":["Shrug It Off+1","Dual Wield","True Grit"],"picked":"SKIP","floor":37},{"not_picked":["Perfected Strike","Cleave","Clothesline+1"],"picked":"SKIP","floor":39},{"not_picked":["Headbutt+1","Warcry+1","Bloodletting"],"picked":"SKIP","floor":45},{"not_picked":["Flex","Clothesline+1","Sword Boomerang+1"],"picked":"SKIP","floor":48}],"player_experience":606222,"relics_obtained":[{"floor":9,"key":"Mummified Hand"},{"floor":11,"key":"Dodecahedron"},{"floor":21,"key":"Necronomicon"},{"floor":26,"key":"Letter Opener"},{"floor":30,"key":"Art of War"},{"floor":43,"key":"Lantern"}],"event_choices":[{"cards_removed":["Defend_R"],"damage_healed":0,"gold_gain":0,"player_choice":"Forget","damage_taken":0,"max_hp_gain":0,"max_hp_loss":0,"event_name":"Living Wall","floor":3,"gold_loss":0},{"damage_healed":0,"gold_gain":0,"player_choice":"Take Damage","damage_taken":20,"relics_obtained":["Golden Idol"],"max_hp_gain":0,"max_hp_loss":0,"event_name":"Golden Idol","floor":12,"gold_loss":0},{"damage_healed":0,"gold_gain":0,"player_choice":"Inject Mutagens","damage_taken":0,"relics_obtained":["MutagenicStrength"],"max_hp_gain":0,"max_hp_loss":0,"event_name":"Drug Dealer","floor":20,"gold_loss":0},{"damage_healed":0,"gold_gain":0,"player_choice":"Obtained Book","damage_taken":16,"max_hp_gain":0,"max_hp_loss":0,"event_name":"Cursed Tome","floor":21,"gold_loss":0},{"damage_healed":0,"gold_gain":0,"player_choice":"Ignored","damage_taken":0,"max_hp_gain":0,"max_hp_loss":0,"event_name":"Ghosts","floor":28,"gold_loss":0},{"cards_removed":["Defend_R"],"damage_healed":0,"gold_gain":0,"player_choice":"Elegance","damage_taken":0,"max_hp_gain":0,"max_hp_loss":0,"event_name":"Back to Basics","floor":31,"gold_loss":0},{"damage_healed":0,"gold_gain":0,"player_choice":"Memory 1","damage_taken":0,"max_hp_gain":0,"max_hp_loss":0,"event_name":"SensoryStone","floor":41,"gold_loss":0},{"damage_healed":0,"gold_gain":0,"player_choice":"Ignored","damage_taken":0,"max_hp_gain":0,"max_hp_loss":0,"event_name":"Tomb of Lord Red Mask","floor":42,"gold_loss":0},{"damage_healed":0,"gold_gain":0,"player_choice":"Forge","damage_taken":0,"max_hp_gain":0,"max_hp_loss":0,"event_name":"Accursed Blacksmith","floor":46,"gold_loss":0,"cards_upgraded":["Strike_R"]}],"is_beta":false,"boss_relics":[{"not_picked":["Snecko Eye","Velvet Choker"],"picked":"Tiny House"},{"not_picked":["Lizard Tail","Sozu"],"picked":"Empty Cage"}],"items_purged_floors":[13,29,38,47],"is_endless":false,"potions_floor_spawned":[1,5,14,16,22,24,35,39,45,48],"killed_by":"Time Eater","ascension_level":0}