{"path_per_floor":["M","?","M","$","M","R","M","?","T","$","M","M","$","M","R"],"character_chosen":"DEFECT","items_purchased":["Cold Snap","Mummified Hand","Cold Snap"],"gold_per_floor":[114,289,303,7,21,21,34,34,34,34,53,63,17,34,34,34],"floor_reached":16,"campfire_rested":2,"playtime":851,"current_hp_per_floor":[64,64,60,60,58,75,53,53,53,53,52,44,44,31,53,0],"items_purged":[],"gold":34,"score":94,"play_id":"02b94025-083c-43ee-9c46-836d27ab21ea","local_time":"20180427122951","is_prod":false,"is_daily":false,"chose_seed":false,"is_ascension_mode":false,"campfire_upgraded":0,"timestamp":1524853791,"path_taken":["M","?","?","$","M","R","?","?","T","$","M","M","?","M","R","BOSS"],"build_version":"2018-04-26v2","seed_source_timestamp":1372630674897898,"purchased_purges":0,"victory":false,"master_deck":["Strike_B","Strike_B","Strike_B","Strike_B","Defend_B","Defend_B","Defend_B","Defend_B","Zap","Dualcast","Storm","Doubt","Blizzard","Cold Snap","Gash+1","Impulse","Force Field","Self Repair","Cold Snap","White Noise"],"max_hp_per_floor":[75,75,75,75,75,75,75,75,75,75,75,75,75,75,75,75],"relics":["Cracked Core","Mummified Hand","Gremlin Horn"],"card_choices":[{"not_picked":["Coolheaded","Axe Kick"],"picked":"Storm","floor":1},{"not_picked":["Rip and Tear","Hologram"],"picked":"Blizzard","floor":3},{"not_picked":["Ball Lightning","Doom and Gloom"],"picked":"Gash","floor":5},{"not_picked":["Beam Cell","Barrage"],"picked":"Impulse","floor":7},{"not_picked":["Beam Cell","Hello World"],"picked":"Force Field","floor":11},{"not_picked":["Hologram","Static Discharge"],"picked":"Self Repair","floor":12},{"not_picked":["Static Discharge","Axe Kick"],"picked":"White Noise","floor":14}],"player_experience":288962,"potions_floor_usage":[16,16,16],"damage_taken":[{"damage":11,"enemies":"Jaw Worm","floor":1,"turns":3},{"damage":4,"enemies":"2 Louse","floor":3,"turns":3},{"damage":2,"enemies":"Cultist","floor":5,"turns":4},{"damage":22,"enemies":"Gremlin Gang","floor":7,"turns":6},{"damage":1,"enemies":"Large Slime","floor":11,"turns":5},{"damage":8,"enemies":"Exordium Thugs","floor":12,"turns":4},{"damage":20,"enemies":"Blue Slaver","floor":14,"turns":3},{"damage":68,"enemies":"Slime Boss","floor":16,"turns":11}],"event_choices":[{"event_name":"Liars Game","player_choice":"agreed","floor":2,"damage_taken":0},{"event_name":"Living Wall","player_choice":"Grow","floor":8,"damage_taken":0}],"boss_relics":[],"potions_floor_spawned":[1,12,14],"seed_played":"3698877351531165637","killed_by":"Slime Boss","ascension_level":0,"is_trial":false}