{"gold_per_floor":[114,114,39,49,2,2,12,12,38,68,79,99,99,99,99,228,228,244,244,265,329,347,347,386,386,412,426,447,497,497,537,537,657,657,671,160,176,559,609,609,641,641,721,740,802,828,840,79,79,79,79,79,6,41,41],"floor_reached":56,"playtime":4365,"items_purged":["Bash"],"score":1422,"play_id":"e485b91b-3814-4acd-8e1c-702b3cdc4280","local_time":"20190303145634","is_ascension_mode":true,"campfire_choices":[{"data":"Armaments","floor":6,"key":"SMITH"},{"data":"Shrug It Off","floor":8,"key":"SMITH"},{"data":"Shrug It Off","floor":13,"key":"SMITH"},{"data":"Metallicize","floor":15,"key":"SMITH"},{"data":"Body Slam","floor":23,"key":"SMITH"},{"data":"Entrench","floor":25,"key":"SMITH"},{"data":"Juggernaut","floor":30,"key":"SMITH"},{"floor":32,"key":"RECALL"},{"floor":40,"key":"REST"},{"floor":42,"key":"REST"},{"data":"White Noise","floor":49,"key":"SMITH"},{"data":"Finesse","floor":52,"key":"SMITH"}],"neow_cost":"NONE","seed_source_timestamp":48770014787683,"circlet_count":0,"master_deck":["Strike_R+1","Strike_R+1","Strike_R+1","Strike_R+1","Defend_R+1","Defend_R+1","Defend_R+1","Defend_R+1","Immolate+1","Metallicize+1","Armaments+1","Shrug It Off+1","Shrug It Off+1","Juggernaut+1","Body Slam+1","Entrench+1","Cleave+1","Iron Wave+1","Evolve+1","Ghostly Armor+1","White Noise+1","Finesse+1","Inflame","Skim"],"relics":["Burning Blood","Strawberry","Ancient Tea Set","Velvet Choker","SsserpentHead","Kunai","Anchor","Ornamental Fan","Mark of Pain","Vajra","Blood Vial","PrismaticShard","Lantern","Paper Frog","Thread and Needle","Frozen Eye","Pantograph","War Paint"],"potions_floor_usage":[16,16,16,28,31,46,54,55,55],"damage_taken":[{"damage":5,"enemies":"Small Slimes","floor":1,"turns":2},{"damage":0,"enemies":"Cultist","floor":4,"turns":2},{"damage":0,"enemies":"2 Louse","floor":7,"turns":1},{"damage":18,"enemies":"Gremlin Nob","floor":10,"turns":5},{"damage":6,"enemies":"Looter","floor":11,"turns":3},{"damage":0,"enemies":"Gremlin Gang","floor":12,"turns":3},{"damage":48,"enemies":"Hexaghost","floor":16,"turns":10},{"damage":0,"enemies":"Shell Parasite","floor":18,"turns":5},{"damage":12,"enemies":"2 Thieves","floor":20,"turns":3},{"damage":13,"enemies":"Sentry and Sphere","floor":21,"turns":4},{"damage":0,"enemies":"Cultist and Chosen","floor":22,"turns":4},{"damage":44,"enemies":"Gremlin Leader","floor":24,"turns":6},{"damage":2,"enemies":"Chosen and Byrds","floor":27,"turns":6},{"damage":9,"enemies":"Snecko","floor":28,"turns":5},{"damage":6,"enemies":"Slavers","floor":31,"turns":3},{"damage":24,"enemies":"Champ","floor":33,"turns":10},{"damage":29,"enemies":"3 Darklings","floor":35,"turns":4},{"damage":0,"enemies":"3 Shapes","floor":37,"turns":1},{"damage":12,"enemies":"Giant Head","floor":41,"turns":7},{"damage":9,"enemies":"Transient","floor":44,"turns":5},{"damage":0,"enemies":"Maw","floor":45,"turns":7},{"damage":33,"enemies":"Reptomancer","floor":46,"turns":6},{"damage":0,"enemies":"Sphere and 2 Shapes","floor":47,"turns":3},{"damage":8,"enemies":"Donu and Deca","floor":50,"turns":9},{"damage":95,"enemies":"Shield and Spear","floor":54,"turns":8},{"damage":19,"enemies":"The Heart","floor":55,"turns":11}],"seed_played":"3981634535027192434","potions_obtained":[{"floor":4,"key":"SkillPotion"},{"floor":11,"key":"Poison Potion"},{"floor":12,"key":"Regen Potion"},{"floor":21,"key":"Regen Potion"},{"floor":22,"key":"Block Potion"},{"floor":24,"key":"Energy Potion"},{"floor":31,"key":"Fruit Juice"},{"floor":33,"key":"BloodPotion"},{"floor":41,"key":"Ancient Potion"},{"floor":46,"key":"FearPotion"},{"floor":54,"key":"GamblersBrew"}],"is_trial":false,"path_per_floor":["M","?","$","M","$","R","M","R","T","E","M","M","R","?","R","B",null,"M","?","M","M","M","R","E","R","T","M","M","?","R","E","R","B",null,"M","$","M","?","?","R","E","R","T","M","M","E","M","$","R","B",null,"R","$","E","B",null],"character_chosen":"IRONCLAD","items_purchased":["Armaments","Vajra","Blood Vial","PrismaticShard","Thread and Needle","Frozen Eye","Pantograph","Inflame"],"campfire_rested":2,"item_purchase_floors":[5,36,36,36,48,48,48,53],"current_hp_per_floor":[80,80,80,80,80,80,80,80,87,75,75,81,81,60,60,33,87,87,87,81,74,80,80,42,42,42,46,43,43,43,48,48,30,92,69,69,77,77,77,92,86,92,92,89,92,74,82,82,82,90,92,92,92,18,32],"gold":41,"neow_bonus":"TRANSFORM_CARD","is_prod":false,"is_daily":false,"chose_seed":false,"campfire_upgraded":9,"win_rate":0,"timestamp":1551646594,"path_taken":["M","?","?","M","$","R","M","R","T","E","M","M","R","?","R","BOSS","M","?","M","?","M","R","E","R","T","M","M","?","R","E","R","BOSS","M","$","M","?","?","R","E","R","T","M","?","E","M","$","R","BOSS","R","$","E","BOSS"],"build_version":"2019-01-23","purchased_purges":1,"victory":true,"max_hp_per_floor":[80,80,80,80,80,80,80,80,87,87,87,87,87,87,87,87,87,87,87,87,87,87,87,87,87,87,87,87,87,87,92,92,92,92,92,92,92,92,92,92,92,92,92,92,92,92,92,92,92,92,92,92,92,92,92],"card_choices":[{"not_picked":["Heavy Blade","Sever Soul","Evolve"],"picked":"SKIP","floor":1},{"not_picked":["Burning Pact","True Grit"],"picked":"Metallicize","floor":4},{"not_picked":["Battle Trance","Corruption"],"picked":"Shrug It Off","floor":7},{"not_picked":["Clash","Wild Strike","Power Through"],"picked":"SKIP","floor":10},{"not_picked":["Headbutt","Infernal Blade","Perfected Strike"],"picked":"SKIP","floor":11},{"not_picked":["Armaments","Warcry"],"picked":"Shrug It Off","floor":12},{"not_picked":["Brutality","Fiend Fire"],"picked":"Juggernaut","floor":16},{"not_picked":["Armaments","Rupture+1","Carnage"],"picked":"SKIP","floor":18},{"not_picked":["Havoc","Wild Strike"],"picked":"Body Slam","floor":20},{"not_picked":["Anger+1","Intimidate"],"picked":"Entrench","floor":21},{"not_picked":["Feel No Pain","Sword Boomerang","Body Slam"],"picked":"SKIP","floor":22},{"not_picked":["Brutality","True Grit"],"picked":"Cleave+1","floor":24},{"not_picked":["Clothesline+1","Heavy Blade"],"picked":"Iron Wave","floor":27},{"not_picked":["Headbutt","Perfected Strike"],"picked":"Evolve+1","floor":28},{"not_picked":["Dropkick","Bloodletting","Headbutt"],"picked":"SKIP","floor":31},{"not_picked":["Armaments","Heavy Blade+1"],"picked":"Ghostly Armor+1","floor":35},{"not_picked":["Dagger Spray+1","Havoc","Glacier+1"],"picked":"SKIP","floor":37},{"not_picked":["Phantasmal Killer","Genetic Algorithm","Hologram"],"picked":"SKIP","floor":41},{"not_picked":["Burning Pact","Panacea+1"],"picked":"White Noise","floor":44},{"not_picked":["Skim+1","Dual Wield+1"],"picked":"Finesse","floor":45},{"not_picked":["Anger+1","Flying Knee+1","Poisoned Stab"],"picked":"SKIP","floor":46},{"not_picked":["Ball Lightning+1","Backflip","Clash"],"picked":"SKIP","floor":47},{"not_picked":["PanicButton+1","Meteor Strike"],"picked":"Skim","floor":54}],"player_experience":99068,"relics_obtained":[{"floor":9,"key":"Strawberry"},{"floor":10,"key":"Ancient Tea Set"},{"floor":24,"key":"Kunai"},{"floor":26,"key":"Anchor"},{"floor":31,"key":"Ornamental Fan"},{"floor":41,"key":"Lantern"},{"floor":46,"key":"Paper Frog"},{"floor":54,"key":"War Paint"}],"event_choices":[{"damage_healed":0,"gold_gain":0,"player_choice":"Upgraded","damage_taken":0,"max_hp_gain":0,"max_hp_loss":0,"event_name":"Upgrade Shrine","floor":2,"gold_loss":0,"cards_upgraded":["Immolate"]},{"damage_healed":0,"gold_gain":0,"player_choice":"Take Damage","damage_taken":21,"relics_obtained":["Golden Idol"],"max_hp_gain":0,"max_hp_loss":0,"event_name":"Golden Idol","floor":14,"gold_loss":0},{"damage_healed":0,"gold_gain":0,"player_choice":"Trade","damage_taken":0,"relics_obtained":["SsserpentHead"],"max_hp_gain":0,"max_hp_loss":0,"event_name":"FaceTrader","floor":19,"gold_loss":0},{"damage_healed":0,"gold_gain":0,"player_choice":"Simplicity","damage_taken":0,"max_hp_gain":0,"max_hp_loss":0,"event_name":"Back to Basics","floor":29,"gold_loss":0,"cards_upgraded":["Strike_R","Strike_R","Strike_R","Strike_R","Defend_R","Defend_R","Defend_R","Defend_R"]},{"damage_healed":0,"gold_gain":333,"player_choice":"Gave Idol","damage_taken":0,"max_hp_gain":0,"max_hp_loss":0,"event_name":"The Moai Head","floor":38,"relics_lost":["Golden Idol"],"gold_loss":0},{"damage_healed":0,"gold_gain":0,"player_choice":"Upgraded","damage_taken":0,"max_hp_gain":0,"max_hp_loss":0,"event_name":"Upgrade Shrine","floor":39,"gold_loss":0,"cards_upgraded":["Iron Wave"]}],"is_beta":false,"boss_relics":[{"not_picked":["White Beast Statue","Empty Cage"],"picked":"Velvet Choker"},{"not_picked":["Coffee Dripper","Calling Bell"],"picked":"Mark of Pain"}],"items_purged_floors":[3],"is_endless":false,"potions_floor_spawned":[4,11,12,21,22,24,27,31,33,41,46,54],"ascension_level":3}