{"gold_per_floor":[110,110,110,37,51,51,1,1,1,28,28,28,92,106,106,211,211,231,244,264,363,278,310,310,310,310,322,347,347,360,372,372,477,477,489,508,100,0,17,51,66,93,93,107,107,122,122,134,134,134],"floor_reached":51,"playtime":5595,"items_purged":["Strike_B"],"score":1046,"play_id":"d415d11a-6f3f-465b-b33c-6c96ae706961","local_time":"20181101165751","is_ascension_mode":true,"campfire_choices":[{"data":"Coolheaded","floor":6,"key":"SMITH"},{"data":"Self Repair","floor":8,"key":"SMITH"},{"data":"Static Discharge","floor":11,"key":"SMITH"},{"data":"Coolheaded","floor":15,"key":"SMITH"},{"floor":25,"key":"REST"},{"data":"Strike_B","floor":29,"key":"PURGE"},{"floor":32,"key":"REST"},{"data":"Parasite","floor":45,"key":"PURGE"},{"data":"Defend_B","floor":47,"key":"PURGE"},{"data":"Strike_B","floor":49,"key":"PURGE"}],"neow_cost":"NONE","seed_source_timestamp":260549174147638,"circlet_count":0,"master_deck":["Defend_B","Defend_B","Defend_B","Zap+1","Dualcast+1","Steam","Self Repair+1","Coolheaded+1","Static Discharge+1","Coolheaded+1","Cold Snap","Core Surge","Conserve Battery+1","Barrage+1","Cold Snap","Recycle+1","Consume+1","All For One","Double Energy+1","Go for the Eyes+1","Blizzard","Defragment","Steam+1","Coolheaded+1","Electrodynamics","Recycle","Glacier+1"],"relics":["Cracked Core","Turnip","Peace Pipe","Dream Catcher","Inserter","DataDisk","Bottled Tornado","Meat on the Bone","Blood Vial","Fusion Hammer","ClockworkSouvenir","Red Mask","Dodecahedron","Unceasing Top","Centennial Puzzle"],"potions_floor_usage":[3,10,13,23,24,41,50,50],"damage_taken":[{"damage":2,"enemies":"Jaw Worm","floor":1,"turns":4},{"damage":1,"enemies":"Cultist","floor":5,"turns":3},{"damage":6,"enemies":"Lagavulin","floor":10,"turns":8},{"damage":19,"enemies":"Lagavulin Event","floor":13,"turns":5},{"damage":3,"enemies":"2 Louse","floor":14,"turns":2},{"damage":20,"enemies":"The Guardian","floor":16,"turns":10},{"damage":6,"enemies":"3 Byrds","floor":18,"turns":1},{"damage":7,"enemies":"Spheric Guardian","floor":19,"turns":5},{"damage":10,"enemies":"Snecko","floor":20,"turns":7},{"damage":58,"enemies":"Slavers","floor":23,"turns":5},{"damage":14,"enemies":"Colosseum Slavers","floor":24,"turns":4},{"damage":6,"enemies":"Cultist and Chosen","floor":27,"turns":5},{"damage":23,"enemies":"Book of Stabbing","floor":28,"turns":4},{"damage":39,"enemies":"Shelled Parasite and Fungi","floor":30,"turns":5},{"damage":5,"enemies":"Snecko","floor":31,"turns":5},{"damage":15,"enemies":"Champ","floor":33,"turns":14},{"damage":10,"enemies":"Orb Walker","floor":35,"turns":4},{"damage":17,"enemies":"3 Darklings","floor":36,"turns":9},{"damage":38,"enemies":"4 Shapes","floor":39,"turns":5},{"damage":35,"enemies":"Nemesis","floor":40,"turns":11},{"damage":28,"enemies":"Transient","floor":41,"turns":5},{"damage":0,"enemies":"Giant Head","floor":42,"turns":13},{"damage":3,"enemies":"Writhing Mass","floor":44,"turns":8},{"damage":5,"enemies":"4 Shapes","floor":46,"turns":5},{"damage":21,"enemies":"Transient","floor":48,"turns":5},{"damage":8,"enemies":"Awakened One","floor":50,"turns":82}],"seed_played":"528602013357091533","potions_obtained":[{"floor":2,"key":"Energy Potion"},{"floor":2,"key":"Fruit Juice"},{"floor":2,"key":"SkillPotion"},{"floor":5,"key":"SkillPotion"},{"floor":20,"key":"Weak Potion"},{"floor":30,"key":"Block Potion"},{"floor":33,"key":"FocusPotion"},{"floor":41,"key":"FearPotion"},{"floor":42,"key":"Ancient Potion"}],"is_trial":false,"path_per_floor":["M","?","?","$","M","R","?","R","T","E","R","$","?","M","R","B",null,"M","M","M","?","?","E","?","R","T","M","E","R","M","M","R","B",null,"M","M","$","?","M","E","M","E","T","M","R","M","R","M","R","B"],"character_chosen":"DEFECT","items_purchased":["Self Repair","Blizzard","ClockworkSouvenir","Defragment"],"campfire_rested":2,"item_purchase_floors":[4,37,37,37],"current_hp_per_floor":[73,73,62,62,68,68,68,68,68,72,72,72,63,70,70,60,80,74,77,77,77,77,29,25,51,51,55,44,44,29,48,74,71,83,85,80,80,80,54,43,29,53,53,62,62,59,59,62,62,66],"gold":134,"neow_bonus":"TEN_PERCENT_HP_BONUS","is_prod":false,"is_daily":false,"chose_seed":false,"campfire_upgraded":4,"win_rate":0,"timestamp":1541105871,"path_taken":["M","?","?","?","M","R","?","R","T","E","R","?","?","M","R","BOSS","M","M","M","?","?","E","?","R","T","M","E","R","M","?","R","BOSS","M","?","$","?","M","E","?","E","T","M","R","M","R","M","R","BOSS"],"build_version":"2018-10-25v2","purchased_purges":1,"victory":true,"max_hp_per_floor":[82,82,87,87,87,87,87,87,87,87,87,87,87,87,87,87,87,87,87,87,87,87,87,87,87,87,87,87,87,87,87,87,87,87,87,87,87,87,87,87,87,87,87,87,84,84,84,84,84,84],"card_choices":[{"not_picked":["Redo","Hologram"],"picked":"Steam","floor":1},{"not_picked":["Double Energy","Gash"],"picked":"Coolheaded","floor":5},{"not_picked":["Heatsinks","Redo"],"picked":"Static Discharge","floor":10},{"not_picked":["Loop","Turbo"],"picked":"Coolheaded","floor":13},{"not_picked":["Barrage","Loop"],"picked":"Cold Snap","floor":14},{"not_picked":["Biased Cognition","Seek"],"picked":"Core Surge","floor":16},{"not_picked":["Leap","Steam","Capacitor"],"picked":"SKIP","floor":18},{"not_picked":["Self Repair","Coolheaded"],"picked":"Conserve Battery+1","floor":19},{"not_picked":["Capacitor+1","Steam"],"picked":"Barrage+1","floor":20},{"not_picked":["Auto Shields","Steam Power","Rebound"],"picked":"SKIP","floor":23},{"not_picked":["Turbo+1","Barrage+1"],"picked":"Cold Snap","floor":25},{"not_picked":["Rainbow","Redo","Beam Cell+1"],"picked":"SKIP","floor":27},{"not_picked":["Steam","Turbo+1","Chaos"],"picked":"SKIP","floor":28},{"not_picked":["Rip and Tear","Turbo"],"picked":"Recycle+1","floor":30},{"not_picked":["Sunder","Lockon","Gash"],"picked":"SKIP","floor":31},{"not_picked":["Rebound","Melter"],"picked":"Consume+1","floor":32},{"not_picked":["Machine Learning","Meteor Strike"],"picked":"All For One","floor":33},{"not_picked":["Barrage","Loop+1"],"picked":"Double Energy+1","floor":35},{"not_picked":["Rebound","Rip and Tear+1"],"picked":"Go for the Eyes+1","floor":36},{"not_picked":["Auto Shields+1","Undo"],"picked":"Steam+1","floor":39},{"not_picked":["Double Energy","Genetic Algorithm","Barrage+1"],"picked":"SKIP","floor":40},{"not_picked":["Lockon","Compile Driver"],"picked":"Coolheaded+1","floor":41},{"not_picked":["Genetic Algorithm+1","Reinforced Body+1"],"picked":"Electrodynamics","floor":42},{"not_picked":["Beam Cell","Static Discharge+1","Undo"],"picked":"SKIP","floor":44},{"not_picked":["Cold Snap","Streamline+1"],"picked":"Recycle","floor":46},{"not_picked":["Steam+1","Compile Driver"],"picked":"Glacier+1","floor":48}],"player_experience":133245,"relics_obtained":[{"floor":9,"key":"Turnip"},{"floor":10,"key":"Peace Pipe"},{"floor":13,"key":"Dream Catcher"},{"floor":23,"key":"Bottled Tornado"},{"floor":26,"key":"Meat on the Bone"},{"floor":28,"key":"Blood Vial"},{"floor":40,"key":"Dodecahedron"},{"floor":42,"key":"Unceasing Top"},{"floor":43,"key":"Centennial Puzzle"}],"event_choices":[{"damage_healed":0,"gold_gain":0,"player_choice":"Got Potions","damage_taken":0,"max_hp_gain":0,"max_hp_loss":0,"event_name":"The Lab","floor":2,"gold_loss":0},{"damage_healed":0,"gold_gain":0,"player_choice":"Entered Light","damage_taken":16,"max_hp_gain":0,"max_hp_loss":0,"event_name":"Shining Light","floor":3,"gold_loss":0,"cards_upgraded":["Dualcast","Zap"]},{"cards_removed":["Strike_B"],"damage_healed":0,"gold_gain":0,"player_choice":"Card Removal","damage_taken":0,"max_hp_gain":0,"max_hp_loss":0,"event_name":"The Cleric","floor":7,"gold_loss":50},{"damage_healed":0,"gold_gain":0,"player_choice":"Searched \u00272\u0027 times","damage_taken":0,"max_hp_gain":0,"max_hp_loss":0,"event_name":"Dead Adventurer","floor":13,"gold_loss":0},{"damage_healed":0,"gold_gain":99,"player_choice":"Stole From Cult","damage_taken":0,"max_hp_gain":0,"max_hp_loss":0,"event_name":"Nest","floor":21,"gold_loss":0},{"damage_healed":0,"gold_gain":0,"player_choice":"Obtained Relic","damage_taken":0,"relics_obtained":["DataDisk"],"max_hp_gain":0,"max_hp_loss":0,"event_name":"Addict","floor":22,"gold_loss":85},{"damage_healed":0,"gold_gain":0,"player_choice":"Fight","damage_taken":0,"max_hp_gain":0,"max_hp_loss":0,"event_name":"Colosseum","floor":24,"gold_loss":0},{"damage_healed":0,"gold_gain":0,"player_choice":"Fled From Nobs","damage_taken":0,"max_hp_gain":0,"max_hp_loss":0,"event_name":"Colosseum","floor":24,"gold_loss":0},{"damage_healed":0,"gold_gain":0,"player_choice":"Paid","damage_taken":0,"relics_obtained":["Red Mask"],"max_hp_gain":0,"max_hp_loss":0,"event_name":"Tomb of Lord Red Mask","floor":38,"gold_loss":100}],"is_beta":false,"boss_relics":[{"not_picked":["Philosopher\u0027s Stone","White Beast Statue"],"picked":"Inserter"},{"not_picked":["Lizard Tail","Runic Dome"],"picked":"Fusion Hammer"}],"items_purged_floors":[37],"is_endless":false,"potions_floor_spawned":[5,20,24,30,33,41,42,46],"ascension_level":8}