{"gold_per_floor":[218,228,26,126,140,140,158,190,213,224,258,258,271,289,289,394,394,409,324,341,266,289,322,322],"floor_reached":24,"playtime":2916,"items_purged":[],"score":228,"play_id":"3b1ca94a-7870-4844-a5b6-7577e00e627d","local_time":"20190129201937","is_ascension_mode":false,"campfire_choices":[{"data":"Glacier","floor":6.0,"key":"SMITH"},{"floor":12.0,"key":"REST"},{"floor":15.0,"key":"REST"}],"neow_cost":"NONE","seed_source_timestamp":0,"circlet_count":0,"master_deck":["Strike_B","Strike_B+1","Strike_B","Defend_B","Defend_B","Defend_B","Defend_B","Zap","Dualcast","Doom and Gloom+1","Storm","Metamorphosis","Steam","Glacier+1","Reprogram","Ball Lightning","Undo","Compile Driver","Cold Snap","Echo Form","Multi-Cast","Aggregate","Auto Shields"],"special_seed":0,"relics":["Cracked Core","Boot","Omamori","Ancient Tea Set","Cursed Key","Frozen Egg 2","Lantern","Whetstone"],"potions_floor_usage":[23,23,23],"damage_taken":[{"damage":0.0,"enemies":"Small Slimes","floor":1.0,"turns":3.0},{"damage":1.0,"enemies":"Cultist","floor":2.0,"turns":3.0},{"damage":11.0,"enemies":"Jaw Worm","floor":5.0,"turns":3.0},{"damage":0.0,"enemies":"Looter","floor":7.0,"turns":3.0},{"damage":9.0,"enemies":"3 Sentries","floor":8.0,"turns":7.0},{"damage":11.0,"enemies":"Lots of Slimes","floor":10.0,"turns":4.0},{"damage":25.0,"enemies":"Gremlin Nob","floor":11.0,"turns":5.0},{"damage":1.0,"enemies":"3 Louse","floor":13.0,"turns":3.0},{"damage":0.0,"enemies":"2 Fungi Beasts","floor":14.0,"turns":4.0},{"damage":27.0,"enemies":"The Guardian","floor":16.0,"turns":12.0},{"damage":10.0,"enemies":"Spheric Guardian","floor":18.0,"turns":4.0},{"damage":3.0,"enemies":"Shell Parasite","floor":20.0,"turns":6.0},{"damage":14,"enemies":"Book of Stabbing","floor":23,"turns":6},{"damage":54,"enemies":"Cultist and Chosen","floor":24,"turns":4}],"seed_played":"4020044909979758106","potions_obtained":[{"floor":1.0,"key":"SkillPotion"},{"floor":8.0,"key":"PowerPotion"},{"floor":10.0,"key":"Weak Potion"},{"floor":11.0,"key":"Weak Potion"},{"floor":18.0,"key":"Block Potion"}],"is_trial":false,"path_per_floor":["M","M","$","?","M","R","M","E","T","M","E","R","M","M","R","B",null,"M","?","M","?","T","E","M"],"character_chosen":"DEFECT","items_purchased":["Metamorphosis","Steam"],"campfire_rested":2,"item_purchase_floors":[3,3],"current_hp_per_floor":[75,74,74,74,63,63,63,54,54,43,18,40,39,39,61,34,75,65,65,62,62,62,48,0],"gold":322,"neow_bonus":"HUNDRED_GOLD","is_prod":false,"is_daily":false,"chose_seed":false,"campfire_upgraded":1,"win_rate":0.0,"timestamp":1548753577,"path_taken":["M","M","$","?","?","R","M","E","T","?","E","R","M","M","R","BOSS","M","?","M","?","?","E","M"],"build_version":"2019-01-23","purchased_purges":0,"victory":false,"max_hp_per_floor":[75,75,75,75,75,75,75,75,75,75,75,75,75,75,75,75,75,75,75,75,75,75,75,75],"card_choices":[{"not_picked":["Steam","Streamline"],"picked":"Doom and Gloom","floor":1.0},{"not_picked":["Barrage","Rebound"],"picked":"Storm","floor":2.0},{"not_picked":["Redo","Barrage"],"picked":"Glacier","floor":5.0},{"not_picked":["Coolheaded","Streamline"],"picked":"Reprogram","floor":7.0},{"not_picked":["Lockon","Heatsinks"],"picked":"Ball Lightning","floor":8.0},{"not_picked":["Stack","Rainbow"],"picked":"Undo","floor":10.0},{"not_picked":["Gash","Coolheaded"],"picked":"Compile Driver","floor":11.0},{"not_picked":["Coolheaded","Go for the Eyes"],"picked":"Cold Snap","floor":13.0},{"not_picked":["Gash","Conserve Battery"],"picked":"Echo Form","floor":14.0},{"not_picked":["Rainbow","Buffer"],"picked":"Multi-Cast","floor":16.0},{"not_picked":["Hello World","Hologram","Compile Driver"],"picked":"SKIP","floor":18.0},{"not_picked":["Turbo+1","Stack+1"],"picked":"Aggregate","floor":20},{"not_picked":["Turbo+1","Sunder"],"picked":"Auto Shields","floor":23}],"player_experience":43533,"relics_obtained":[{"floor":8.0,"key":"Boot"},{"floor":9.0,"key":"Omamori"},{"floor":11.0,"key":"Ancient Tea Set"},{"floor":22,"key":"Lantern"},{"floor":23,"key":"Whetstone"}],"event_choices":[{"damage_healed":0.0,"max_hp_gain":0.0,"max_hp_loss":0.0,"gold_gain":100.0,"event_name":"Golden Shrine","player_choice":"Pray","floor":4.0,"gold_loss":0.0,"damage_taken":0.0},{"damage_healed":0.0,"max_hp_gain":0.0,"max_hp_loss":0.0,"gold_gain":0.0,"event_name":"Addict","player_choice":"Obtained Relic","floor":19.0,"gold_loss":85.0,"damage_taken":0.0,"relics_obtained":["Frozen Egg 2"]},{"cards_removed":["Strike_B"],"damage_healed":0,"gold_gain":0,"player_choice":"Gave Gold","damage_taken":0,"max_hp_gain":0,"max_hp_loss":0,"event_name":"Beggar","floor":21,"gold_loss":75}],"is_beta":false,"boss_relics":[{"not_picked":["Runic Dome","Black Star"],"picked":"Cursed Key"}],"items_purged_floors":[],"is_endless":false,"potions_floor_spawned":[1,8,10,11,18],"killed_by":"Cultist and Chosen","ascension_level":0}