{"gold_per_floor":[110,110,110,129,144,176,187,187,213,213,233,265,265,265,265,391,391,404,397,21,21,45,81,81,97,168,168,206,221,221,236,236,364,364,388,406,383,398,411,411,536,554,577,616,616,17,38,38,38,38,38,38,38,73,73],"floor_reached":55,"playtime":5153,"items_purged":[],"score":849,"play_id":"e92f1d3b-12a1-4674-838c-9baf003ea17e","local_time":"20190228003528","is_ascension_mode":false,"campfire_choices":[{"data":"Bash","floor":8.0,"key":"SMITH"},{"data":"Flame Barrier","floor":10.0,"key":"SMITH"},{"data":"Clothesline","floor":15.0,"key":"SMITH"},{"data":"Enlightenment","floor":24.0,"key":"SMITH"},{"data":"Armaments","floor":27.0,"key":"SMITH"},{"data":"Body Slam","floor":30.0,"key":"SMITH"},{"data":"Havoc","floor":32.0,"key":"SMITH"},{"data":"Barricade","floor":40.0,"key":"SMITH"},{"data":"Sentinel","floor":45.0,"key":"SMITH"},{"floor":49.0,"key":"RECALL"},{"data":"Impervious","floor":52.0,"key":"SMITH"}],"neow_cost":"PERCENT_DAMAGE","seed_source_timestamp":88704547761697,"circlet_count":0,"master_deck":["Strike_R+1","Strike_R","Strike_R","Defend_R+1","Defend_R","Defend_R","Defend_R","Bash+1","Sentinel","Feed+1","Clothesline+1","Flame Barrier+1","Iron Wave","Headbutt","Impervious+1","Havoc+1","True Grit+1","Enlightenment+1","Armaments+1","Uppercut","Shrug It Off","Body Slam+1","Shrug It Off","Barricade+1","Warcry","Warcry","True Grit","Inflame","Anger","Impervious","Body Slam+1","Decay","Sentinel+1","Body Slam","Decay"],"special_seed":0,"relics":["Burning Blood","Lantern","Bag of Preparation","Red Skull","Golden Idol","Runic Pyramid","Kunai","Centennial Puzzle","Self Forming Clay","Matryoshka","Cursed Key","StoneCalendar","Bag of Marbles","Vajra","Bottled Lightning","Art of War","Medical Kit","Bronze Scales"],"potions_floor_usage":[55,55],"damage_taken":[{"damage":0.0,"enemies":"Small Slimes","floor":1.0,"turns":7.0},{"damage":1.0,"enemies":"Cultist","floor":4.0,"turns":4.0},{"damage":0.0,"enemies":"2 Louse","floor":5.0,"turns":4.0},{"damage":26.0,"enemies":"Lagavulin","floor":6.0,"turns":8.0},{"damage":8.0,"enemies":"Gremlin Gang","floor":7.0,"turns":6.0},{"damage":4.0,"enemies":"Blue Slaver","floor":11.0,"turns":5.0},{"damage":9.0,"enemies":"3 Sentries","floor":12.0,"turns":9.0},{"damage":21.0,"enemies":"The Guardian","floor":16.0,"turns":16.0},{"damage":28.0,"enemies":"Spheric Guardian","floor":18.0,"turns":18.0},{"damage":14.0,"enemies":"2 Thieves","floor":19.0,"turns":4.0},{"damage":13.0,"enemies":"Sentry and Sphere","floor":22.0,"turns":12.0},{"damage":10.0,"enemies":"Slavers","floor":23.0,"turns":7.0},{"damage":11.0,"enemies":"Cultist and Chosen","floor":25.0,"turns":8.0},{"damage":6.0,"enemies":"Book of Stabbing","floor":28.0,"turns":7.0},{"damage":0.0,"enemies":"Chosen and Byrds","floor":29.0,"turns":6.0},{"damage":11.0,"enemies":"Shelled Parasite and Fungi","floor":31.0,"turns":7.0},{"damage":39.0,"enemies":"Automaton","floor":33.0,"turns":17.0},{"damage":1.0,"enemies":"3 Shapes","floor":35.0,"turns":7.0},{"damage":0.0,"enemies":"Orb Walker","floor":36.0,"turns":5.0},{"damage":29.0,"enemies":"Transient","floor":38.0,"turns":5.0},{"damage":0.0,"enemies":"Maw","floor":39.0,"turns":10.0},{"damage":10.0,"enemies":"Mind Bloom Boss Battle","floor":41.0,"turns":8.0},{"damage":4.0,"enemies":"Jaw Worm Horde","floor":42.0,"turns":5.0},{"damage":0.0,"enemies":"Nemesis","floor":44.0,"turns":7.0},{"damage":1.0,"enemies":"Sphere and 2 Shapes","floor":47.0,"turns":6.0},{"damage":28.0,"enemies":"Donu and Deca","floor":50.0,"turns":15.0},{"damage":52.0,"enemies":"Shield and Spear","floor":54.0,"turns":9.0},{"damage":146,"enemies":"The Heart","floor":55,"turns":11}],"seed_played":"795213228064003683","potions_obtained":[{"floor":5.0,"key":"Block Potion"},{"floor":6.0,"key":"PowerPotion"},{"floor":7.0,"key":"AttackPotion"},{"floor":12.0,"key":"Regen Potion"},{"floor":21.0,"key":"AttackPotion"},{"floor":25.0,"key":"BloodPotion"},{"floor":29.0,"key":"Swift Potion"},{"floor":33.0,"key":"Fire Potion"},{"floor":41.0,"key":"SteroidPotion"}],"is_trial":false,"path_per_floor":["M","?","?","M","M","E","M","R","T","R","M","E","?","?","R","B",null,"M","M","$","?","M","E","R","M","T","R","E","M","R","M","R","B",null,"M","M","$","M","M","R","?","M","T","E","R","$","M","?","R","B",null,"R","$","E","B"],"character_chosen":"IRONCLAD","items_purchased":["Kunai","Enlightenment","Armaments","True Grit","Bottled Lightning","Art of War","Medical Kit"],"campfire_rested":0,"item_purchase_floors":[20,20,20,37,46,46,46],"current_hp_per_floor":[65,65,65,74,84,68,70,70,70,70,76,77,51,30,30,15,107,89,85,85,85,82,82,82,81,81,81,85,95,95,94,94,65,143,147,151,151,128,134,134,134,140,140,146,146,146,155,155,155,137,167,167,167,125,0],"gold":73,"neow_bonus":"TRANSFORM_TWO_CARDS","is_prod":false,"is_daily":false,"chose_seed":false,"campfire_upgraded":10,"win_rate":0,"timestamp":1551310528,"path_taken":["M","?","?","M","M","E","M","R","T","R","M","E","?","?","R","BOSS","M","M","$","?","M","E","R","M","T","R","E","?","R","M","R","BOSS","M","M","$","M","M","R","?","M","T","E","R","$","M","?","R","BOSS","R","$","E","BOSS"],"build_version":"2019-01-23","purchased_purges":0,"victory":false,"max_hp_per_floor":[83,83,83,87,91,95,99,99,99,99,103,107,107,107,107,107,107,111,115,115,115,119,123,123,127,127,127,131,135,135,139,139,143,143,147,151,151,151,151,151,155,159,159,159,159,159,163,163,163,167,167,167,167,171,171],"card_choices":[{"not_picked":["Havoc","Corruption","Dropkick"],"picked":"SKIP","floor":1.0},{"not_picked":["Sword Boomerang","Armaments"],"picked":"Clothesline","floor":4.0},{"not_picked":["Reckless Charge","Body Slam"],"picked":"Flame Barrier","floor":5.0},{"not_picked":["Combust","Sword Boomerang","Flex"],"picked":"SKIP","floor":6.0},{"not_picked":["Havoc","Intimidate"],"picked":"Iron Wave","floor":7.0},{"not_picked":["Shrug It Off","Wild Strike"],"picked":"Headbutt","floor":11.0},{"not_picked":["Fire Breathing","Wild Strike","Thunderclap"],"picked":"SKIP","floor":12.0},{"not_picked":["Double Tap","Fiend Fire"],"picked":"Impervious","floor":16.0},{"not_picked":["Warcry","Clothesline+1"],"picked":"Havoc","floor":18.0},{"not_picked":["Blood for Blood","Anger+1"],"picked":"True Grit+1","floor":19.0},{"not_picked":["Havoc","Iron Wave"],"picked":"Uppercut","floor":22.0},{"not_picked":["Evolve","Searing Blow"],"picked":"Shrug It Off","floor":23.0},{"not_picked":["Flex+1","Iron Wave"],"picked":"Body Slam","floor":25.0},{"not_picked":["Fiend Fire","Armaments","Rage+1"],"picked":"SKIP","floor":28.0},{"not_picked":["Pommel Strike","Havoc"],"picked":"Shrug It Off","floor":29.0},{"not_picked":["Sword Boomerang","Wild Strike","Evolve"],"picked":"SKIP","floor":31.0},{"not_picked":["Fiend Fire","Immolate"],"picked":"Barricade","floor":33.0},{"not_picked":["Second Wind","Sword Boomerang"],"picked":"Warcry","floor":35.0},{"not_picked":["Sword Boomerang","Flex+1"],"picked":"Warcry","floor":36.0},{"not_picked":["Dropkick","Clash"],"picked":"Inflame","floor":38.0},{"not_picked":["Flex","Clash"],"picked":"Anger","floor":39.0},{"not_picked":["Clothesline","True Grit+1"],"picked":"Impervious","floor":41.0},{"not_picked":["Shockwave","Ghostly Armor+1"],"picked":"Body Slam+1","floor":42.0},{"not_picked":["Whirlwind+1","Anger+1"],"picked":"Sentinel","floor":44.0},{"not_picked":["Shrug It Off","Rupture+1"],"picked":"Body Slam","floor":47.0},{"not_picked":["Heavy Blade","Cleave+1","Hemokinesis"],"picked":"SKIP","floor":54.0}],"player_experience":261016,"relics_obtained":[{"floor":6.0,"key":"Lantern"},{"floor":9.0,"key":"Bag of Preparation"},{"floor":12.0,"key":"Red Skull"},{"floor":23.0,"key":"Centennial Puzzle"},{"floor":26.0,"key":"Self Forming Clay"},{"floor":28.0,"key":"Matryoshka"},{"floor":41.0,"key":"StoneCalendar"},{"floor":43.0,"key":"Bag of Marbles"},{"floor":44.0,"key":"Vajra"},{"floor":54.0,"key":"Bronze Scales"}],"event_choices":[{"damage_healed":0.0,"max_hp_gain":0.0,"max_hp_loss":0.0,"gold_gain":0.0,"event_name":"Liars Game","player_choice":"Ignored","floor":2.0,"gold_loss":0.0,"damage_taken":0.0},{"damage_healed":0.0,"max_hp_gain":0.0,"max_hp_loss":0.0,"gold_gain":0.0,"event_name":"Living Wall","player_choice":"Grow","floor":3.0,"gold_loss":0.0,"damage_taken":0.0,"cards_upgraded":["Feed"]},{"damage_healed":0.0,"max_hp_gain":0.0,"max_hp_loss":0.0,"gold_gain":0.0,"event_name":"Golden Idol","player_choice":"Take Damage","floor":13.0,"gold_loss":0.0,"damage_taken":26.0,"relics_obtained":["Golden Idol"]},{"damage_healed":0.0,"max_hp_gain":0.0,"max_hp_loss":0.0,"gold_gain":0.0,"event_name":"Shining Light","player_choice":"Entered Light","floor":14.0,"gold_loss":0.0,"damage_taken":21.0,"cards_upgraded":["Defend_R","Strike_R"]},{"damage_healed":0.0,"max_hp_gain":0.0,"max_hp_loss":0.0,"gold_gain":0.0,"event_name":"Lab","player_choice":"Got Potions","floor":21.0,"gold_loss":0.0,"damage_taken":0.0},{"damage_healed":0.0,"max_hp_gain":0.0,"max_hp_loss":0.0,"gold_gain":0.0,"event_name":"MindBloom","player_choice":"Fight","floor":41.0,"gold_loss":0.0,"damage_taken":0.0},{"damage_healed":0.0,"max_hp_gain":0.0,"max_hp_loss":0.0,"gold_gain":0.0,"event_name":"Wheel of Change","player_choice":"Cursed","floor":48.0,"gold_loss":0.0,"damage_taken":0.0,"cards_obtained":["Decay"]}],"is_beta":false,"boss_relics":[{"not_picked":["Coffee Dripper","Tiny House"],"picked":"Runic Pyramid"},{"not_picked":["Pandora\u0027s Box","Snecko Eye"],"picked":"Cursed Key"}],"items_purged_floors":[],"is_endless":false,"potions_floor_spawned":[5,6,7,12,18,25,29,33,36,41,44,54],"killed_by":"The Heart","ascension_level":0}