{"gold_per_floor":[113,113,133,147,159,159,11,41,41,56,56,81,93,119,119,222,222,235,235,247,259,54,85,104,133,160,160,175,175,715,665,665,769,769,783,783,794,367,367,367,381,392,461,461,472,64,64,95,95,95],"floor_reached":51,"playtime":2794,"items_purged":["Strike_B","Strike_B","Defend_B"],"score":1168,"play_id":"430529b3-6c93-461d-a6a8-c4aa30c8bcbb","local_time":"20181102155417","is_ascension_mode":true,"campfire_choices":[{"data":"Zap","floor":6.0,"key":"SMITH"},{"floor":11.0,"key":"REST"},{"data":"Dualcast","floor":15.0,"key":"SMITH"},{"floor":27.0,"key":"REST"},{"data":"Double Energy","floor":29.0,"key":"SMITH"},{"floor":32.0,"key":"REST"},{"data":"Defragment","floor":40,"key":"SMITH"},{"data":"Buffer","floor":44,"key":"SMITH"},{"data":"White Noise","floor":49,"key":"SMITH"}],"neow_cost":"PERCENT_DAMAGE","seed_source_timestamp":344965061746691,"circlet_count":0,"master_deck":["AscendersBane","Zap+1","Dualcast+1","FTL","Cold Snap+1","Doom and Gloom","Go for the Eyes+1","BootSequence","Gash","Cold Snap","Conserve Battery","Biased Cognition","Chill","White Noise+1","Defragment+1","Redo+1","Defragment+1","Go for the Eyes","Tempest+1","Double Energy+1","Buffer+1","Fusion+1","Machine Learning+1","Cold Snap+1","Streamline+1","Self Repair","Force Field+1","Blizzard"],"special_seed":0,"relics":["Cracked Core","Whetstone","Gremlin Horn","FossilizedHelix","Turnip","Orrery","Mummified Hand","Symbiotic Virus","Juzu Bracelet","Astrolabe","Orichalcum","Strawberry","Pear","Cables","Emotion Chip"],"potions_floor_usage":[50,50,50],"damage_taken":[{"damage":0.0,"enemies":"2 Louse","floor":1.0,"turns":2.0},{"damage":1.0,"enemies":"Cultist","floor":3.0,"turns":3.0},{"damage":5.0,"enemies":"Jaw Worm","floor":4.0,"turns":2.0},{"damage":6.0,"enemies":"2 Fungi Beasts","floor":5.0,"turns":3.0},{"damage":27.0,"enemies":"Gremlin Nob","floor":8.0,"turns":4.0},{"damage":1.0,"enemies":"Exordium Wildlife","floor":10.0,"turns":4.0},{"damage":20.0,"enemies":"3 Sentries","floor":12.0,"turns":9.0},{"damage":2.0,"enemies":"Exordium Thugs","floor":13.0,"turns":4.0},{"damage":15.0,"enemies":"Gremlin Nob","floor":14.0,"turns":4.0},{"damage":19.0,"enemies":"The Guardian","floor":16.0,"turns":10.0},{"damage":0.0,"enemies":"Spheric Guardian","floor":18.0,"turns":4.0},{"damage":0.0,"enemies":"Chosen","floor":20.0,"turns":4.0},{"damage":8.0,"enemies":"Snake Plant","floor":21.0,"turns":6.0},{"damage":33.0,"enemies":"Book of Stabbing","floor":23.0,"turns":6.0},{"damage":2.0,"enemies":"Centurion and Healer","floor":24.0,"turns":6.0},{"damage":32.0,"enemies":"Slavers","floor":25.0,"turns":4.0},{"damage":0.0,"enemies":"Snecko","floor":28.0,"turns":4.0},{"damage":22.0,"enemies":"Collector","floor":33.0,"turns":12.0},{"damage":5,"enemies":"Orb Walker","floor":35,"turns":5},{"damage":24,"enemies":"3 Darklings","floor":37,"turns":5},{"damage":0,"enemies":"4 Shapes","floor":41,"turns":7},{"damage":0,"enemies":"Writhing Mass","floor":42,"turns":5},{"damage":0,"enemies":"Transient","floor":45,"turns":5},{"damage":19,"enemies":"Giant Head","floor":48,"turns":9},{"damage":26,"enemies":"Donu and Deca","floor":50,"turns":10}],"seed_played":"4639367739037672748","potions_obtained":[{"floor":1.0,"key":"Regen Potion"},{"floor":3.0,"key":"SteroidPotion"},{"floor":8.0,"key":"Energy Potion"},{"floor":18.0,"key":"LiquidBronze"},{"floor":21.0,"key":"Energy Potion"},{"floor":24.0,"key":"PowerPotion"},{"floor":25.0,"key":"Energy Potion"},{"floor":35,"key":"Energy Potion"},{"floor":37,"key":"SkillPotion"}],"is_trial":false,"path_per_floor":["M","?","M","M","M","R","$","E","T","M","R","E","M","E","R","B",null,"M","?","M","M","$","E","M","E","T","R","M","R","?","?","R","B",null,"M","T","M","$","?","R","M","M","T","R","M","$","?","E","R","B",null],"character_chosen":"DEFECT","items_purchased":["Regen Potion","Defragment","Go for the Eyes","Strawberry","FocusPotion","Self Repair","Cables","FocusPotion","FocusPotion"],"campfire_rested":3,"item_purchase_floors":[7,22,22,38,38,38,46,46,46],"current_hp_per_floor":[64,64,63,58,52,52,52,25,25,24,50,82,80,72,72,60,82,89,89,89,88,88,62,67,35,35,61,68,68,12,12,38,23,73,75,75,58,65,65,65,79,93,103,103,106,106,106,94,94,75],"gold":95,"neow_bonus":"TWENTY_PERCENT_HP_BONUS","is_prod":false,"is_daily":false,"chose_seed":false,"campfire_upgraded":6,"win_rate":0,"timestamp":1541188457,"path_taken":["M","?","?","M","M","R","$","E","T","?","R","E","M","E","R","BOSS","M","?","M","M","$","E","?","E","T","R","M","R","?","?","R","BOSS","M","?","M","$","?","R","M","M","T","R","M","$","?","E","R","BOSS"],"build_version":"2018-11-01","purchased_purges":3,"victory":true,"max_hp_per_floor":[89,89,89,89,89,89,89,89,89,89,89,89,89,89,89,89,89,89,89,89,89,89,89,89,89,89,89,89,89,89,89,89,89,89,89,89,89,96,96,96,96,96,106,106,106,106,106,106,106,106],"card_choices":[{"not_picked":["Hologram","Beam Cell"],"picked":"FTL","floor":1.0},{"not_picked":["Skim","Reinforced Body"],"picked":"Cold Snap","floor":3.0},{"not_picked":["Heatsinks","Sweeping Beam"],"picked":"Doom and Gloom","floor":4.0},{"not_picked":["Coolheaded","Sweeping Beam"],"picked":"Go for the Eyes","floor":5.0},{"not_picked":["Beam Cell","Doom and Gloom"],"picked":"BootSequence","floor":8.0},{"not_picked":["Meteor Strike","Consume"],"picked":"Gash","floor":10.0},{"not_picked":["Lockon","Streamline"],"picked":"Cold Snap","floor":12.0},{"not_picked":["Coolheaded","Beam Cell"],"picked":"Self Repair","floor":13.0},{"not_picked":["Sweeping Beam","Capacitor"],"picked":"Conserve Battery","floor":14.0},{"not_picked":["Reboot","Meteor Strike"],"picked":"Biased Cognition","floor":16.0},{"not_picked":["Steam","Redo"],"picked":"Chill","floor":17.0},{"not_picked":["Leap","Seek"],"picked":"White Noise","floor":17.0},{"not_picked":["Hologram+1","Stack"],"picked":"Defragment+1","floor":18.0},{"not_picked":["Cold Snap+1","Gash"],"picked":"Redo+1","floor":20.0},{"not_picked":["Ball Lightning","Leap","Static Discharge"],"picked":"SKIP","floor":21.0},{"not_picked":["Coolheaded","Rebound"],"picked":"Tempest+1","floor":23.0},{"not_picked":["Rebound","Storm","Reinforced Body"],"picked":"SKIP","floor":24.0},{"not_picked":["Coolheaded","Melter","Multi-Cast"],"picked":"SKIP","floor":25.0},{"not_picked":["Go for the Eyes","Storm"],"picked":"Double Energy","floor":28.0},{"not_picked":["Rainbow","Multi-Cast"],"picked":"Buffer","floor":33.0},{"not_picked":["Melter","Leap+1","Consume+1"],"picked":"SKIP","floor":35},{"not_picked":["Go for the Eyes","Hologram"],"picked":"Streamline+1","floor":37},{"not_picked":["Sweeping Beam","Streamline"],"picked":"Force Field+1","floor":41},{"not_picked":["Scrape","Reinforced Body+1","Ball Lightning"],"picked":"SKIP","floor":42},{"not_picked":["Auto Shields+1","Cold Snap","Ball Lightning"],"picked":"SKIP","floor":45},{"not_picked":["Steam+1","Sweeping Beam+1"],"picked":"Blizzard","floor":48}],"player_experience":158971,"relics_obtained":[{"floor":8.0,"key":"Whetstone"},{"floor":9.0,"key":"Gremlin Horn"},{"floor":12.0,"key":"FossilizedHelix"},{"floor":14.0,"key":"Turnip"},{"floor":23.0,"key":"Mummified Hand"},{"floor":25.0,"key":"Symbiotic Virus"},{"floor":26.0,"key":"Juzu Bracelet"},{"floor":36,"key":"Orichalcum"},{"floor":43,"key":"Pear"},{"floor":48,"key":"Emotion Chip"}],"event_choices":[{"cards_removed":["Strike_B"],"damage_healed":0.0,"max_hp_gain":0.0,"max_hp_loss":0.0,"gold_gain":0.0,"event_name":"Purifier","player_choice":"Purged","floor":2.0,"gold_loss":0.0,"damage_taken":0.0},{"damage_healed":0.0,"max_hp_gain":0.0,"max_hp_loss":0.0,"gold_gain":0.0,"cards_transformed":["Strike_B"],"event_name":"Transmorgrifier","player_choice":"Transformed","floor":19.0,"gold_loss":0.0,"damage_taken":0.0,"cards_obtained":["Consume"]},{"damage_healed":0.0,"max_hp_gain":0.0,"max_hp_loss":0.0,"gold_gain":540.0,"event_name":"Knowing Skull","player_choice":"GOLD GOLD GOLD GOLD GOLD GOLD ","floor":30.0,"potions_obtained":[],"gold_loss":0.0,"damage_taken":56.0,"cards_obtained":[]},{"damage_healed":0.0,"max_hp_gain":0.0,"max_hp_loss":0.0,"gold_gain":0.0,"event_name":"The Joust","player_choice":"Bet on Murderer","floor":31.0,"gold_loss":50.0,"damage_taken":0.0},{"cards_removed":["Consume"],"damage_healed":0,"gold_gain":0,"player_choice":"Purged","damage_taken":0,"max_hp_gain":0,"max_hp_loss":0,"event_name":"Purifier","floor":39,"gold_loss":0},{"cards_removed":["Self Repair"],"damage_healed":0,"gold_gain":0,"player_choice":"Removed Power","damage_taken":0,"max_hp_gain":0,"max_hp_loss":0,"event_name":"Falling","floor":47,"gold_loss":0}],"is_beta":false,"boss_relics":[{"not_picked":["Runic Pyramid","Philosopher\u0027s Stone"],"picked":"Orrery"},{"not_picked":["White Beast Statue","Black Star"],"picked":"Astrolabe"}],"items_purged_floors":[7,22,38],"is_endless":false,"potions_floor_spawned":[1,3,8,10,18,21,24,25,35,37,41],"ascension_level":10}