{"path_per_floor":["M","$","?","?","M","E","?","R","T","?","T","M","E","M","R"],"character_chosen":"THE_SILENT","items_purchased":["Infinite Blades","Cloak And Dagger"],"gold_per_floor":[114,21,21,21,34,104,104,104,104,279,279,303,338,354,354,354],"floor_reached":16,"campfire_rested":0,"playtime":748,"current_hp_per_floor":[70,70,53,53,53,53,53,53,53,53,53,55,71,73,73,0],"items_purged":[],"gold":354,"score":146,"play_id":"b3db2b7a-ee0d-4da0-bbd6-275d5c7eb33c","local_time":"20180408014404","is_prod":false,"is_daily":false,"is_ascension_mode":true,"campfire_upgraded":2,"timestamp":1523173444,"path_taken":["M","$","?","?","M","E","?","R","T","?","?","M","E","M","R","BOSS"],"build_version":"2018-04-05v2","purchased_purges":0,"victory":false,"master_deck":["Defend_G","Defend_G","Defend_G","Defend_G","Defend_G","Strike_G","Strike_G","Strike_G","Strike_G","Survivor","Neutralize","Infinite Blades+1","Infinite Blades+1","Cloak And Dagger+1","Acrobatics","Well Laid Plans","Doubt","Cloak And Dagger","Escape Plan"],"max_hp_per_floor":[70,70,70,70,70,70,70,70,70,70,70,70,80,80,80,80],"relics":["Ring of the Snake","NeowsBlessing","Golden Idol","Tiny Chest","Blood Vial","Anchor","Pear"],"card_choices":[{"not_picked":["Concentrate","Acrobatics"],"picked":"Infinite Blades","floor":1},{"not_picked":["Slice","Escape Plan"],"picked":"Acrobatics","floor":5},{"not_picked":["Leg Sweep","Blur"],"picked":"Well Laid Plans","floor":6},{"not_picked":["Blur","Flying Knee"],"picked":"Cloak And Dagger","floor":12},{"not_picked":["Poisoned Stab","Deflect"],"picked":"Escape Plan","floor":13}],"player_experience":238092,"potions_floor_usage":[13,16,16],"damage_taken":[{"damage":0,"enemies":"Small Slimes","floor":1,"turns":1},{"damage":0,"enemies":"Cultist","floor":5,"turns":1},{"damage":0,"enemies":"Gremlin Nob","floor":6,"turns":1},{"damage":0,"enemies":"Jaw Worm","floor":12,"turns":4},{"damage":11,"enemies":"3 Sentries","floor":13,"turns":9},{"damage":0,"enemies":"Red Slaver","floor":14,"turns":5},{"damage":76,"enemies":"Hexaghost","floor":16,"turns":16}],"event_choices":[{"event_name":"Golden Idol","player_choice":"Take Damage","floor":3,"damage_taken":0},{"event_name":"Bonfire Elementals","player_choice":"BASIC","floor":4,"damage_taken":0},{"event_name":"Living Wall","player_choice":"Grow","floor":7,"damage_taken":0},{"event_name":"Liars Game","player_choice":"agreed","floor":10,"damage_taken":0}],"boss_relics":[],"potions_floor_spawned":[1,5,12],"seed_played":"2593625172767209935","killed_by":"Hexaghost","ascension_level":2,"is_trial":false}