{"gold_per_floor":[112,129,148,47,47,47,75,94,94,94,146,158,170,211,223,235],"floor_reached":16,"playtime":1389,"items_purged":["Strike_R"],"score":124,"play_id":"5d313951-f791-4482-8f04-c9a128d58206","local_time":"20190210233212","is_ascension_mode":true,"campfire_choices":[{"data":"Wild Strike","floor":6,"key":"SMITH"},{"floor":10,"key":"REST"},{"data":"Shrug It Off","floor":12,"key":"SMITH"},{"floor":15,"key":"REST"}],"neow_cost":"NONE","seed_source_timestamp":2812046527254118,"circlet_count":0,"master_deck":["Strike_R","Strike_R","Strike_R","Defend_R","Defend_R","Defend_R","Defend_R","Bash","Wild Strike+1","Spot Weakness","Shrug It Off+1","Iron Wave","Iron Wave","Regret","Pummel","Headbutt","Spot Weakness"],"relics":["Burning Blood","Singing Bowl","Paper Frog","Self Forming Clay","MawBank","Mercury Hourglass"],"potions_floor_usage":[],"damage_taken":[{"damage":1,"enemies":"Cultist","floor":1,"turns":4},{"damage":7,"enemies":"Small Slimes","floor":2,"turns":3},{"damage":7,"enemies":"Jaw Worm","floor":3,"turns":3},{"damage":58,"enemies":"Gremlin Nob","floor":7,"turns":6},{"damage":7,"enemies":"Exordium Wildlife","floor":8,"turns":3},{"damage":39,"enemies":"Lagavulin","floor":14,"turns":8},{"damage":40,"enemies":"Hexaghost","floor":16,"turns":9}],"seed_played":"1067647280375796898","potions_obtained":[{"floor":2,"key":"Dexterity Potion"}],"is_trial":false,"path_per_floor":["M","M","M","$","?","R","E","M","T","R","T","R","$","E","R","B"],"character_chosen":"IRONCLAD","items_purchased":["Iron Wave"],"campfire_rested":2,"item_purchase_floors":[4],"current_hp_per_floor":[80,79,78,78,78,78,26,25,25,49,49,49,49,16,40,0],"gold":235,"neow_bonus":"TRANSFORM_CARD","is_prod":false,"is_daily":false,"chose_seed":false,"campfire_upgraded":2,"win_rate":0,"timestamp":1549859532,"path_taken":["M","?","M","$","?","R","E","M","T","R","?","R","?","E","R","BOSS"],"build_version":"2019-01-23","purchased_purges":1,"victory":false,"max_hp_per_floor":[80,80,80,80,80,80,80,80,80,80,80,80,80,80,80,80],"card_choices":[{"not_picked":["Havoc","Anger"],"picked":"Spot Weakness","floor":1},{"not_picked":["True Grit","Blood for Blood"],"picked":"Shrug It Off","floor":2},{"not_picked":["Searing Blow","Warcry"],"picked":"Iron Wave","floor":3},{"not_picked":["Fire Breathing","Sever Soul"],"picked":"Pummel","floor":7},{"not_picked":["Feel No Pain","Second Wind"],"picked":"Headbutt","floor":8},{"not_picked":["Pummel","Whirlwind"],"picked":"Spot Weakness","floor":14}],"player_experience":196789,"relics_obtained":[{"floor":7,"key":"Paper Frog"},{"floor":9,"key":"Self Forming Clay"},{"floor":11,"key":"MawBank"},{"floor":14,"key":"Mercury Hourglass"}],"event_choices":[{"damage_healed":0,"gold_gain":0,"player_choice":"Box","damage_taken":0,"relics_obtained":["Singing Bowl"],"max_hp_gain":0,"max_hp_loss":0,"event_name":"Big Fish","floor":5,"gold_loss":0,"cards_obtained":["Regret"]}],"is_beta":false,"boss_relics":[],"items_purged_floors":[4],"is_endless":false,"potions_floor_spawned":[2],"killed_by":"Hexaghost","ascension_level":3}