{"gold_per_floor":[119,8,83,108,108,108,121,132,132,132,11,26,26,46,46,141,141,151,151,151,151],"floor_reached":21,"playtime":693,"items_purged":["Strike_B"],"score":184,"play_id":"226b6bf6-7de1-468a-aaaa-47feba003cf5","local_time":"20190307223316","is_ascension_mode":true,"campfire_choices":[{"data":"Tempest","floor":6,"key":"SMITH"},{"data":"Thunder Strike","floor":10,"key":"SMITH"},{"floor":15,"key":"REST"}],"neow_cost":"NONE","seed_source_timestamp":583774274673152,"circlet_count":0,"master_deck":["Strike_B","Strike_B","Strike_B","Defend_B","Defend_B","Defend_B","Defend_B","Zap","Dualcast","Thunder Strike+1","Tempest+1","Capacitor+1","Conserve Battery","Loop","Ball Lightning","FTL","Echo Form","Stack+1","RitualDagger","Ball Lightning"],"relics":["Cracked Core","Smiling Mask","Ornamental Fan","Philosopher\u0027s Stone"],"potions_floor_usage":[16],"damage_taken":[{"damage":0,"enemies":"2 Louse","floor":1,"turns":1},{"damage":2,"enemies":"Jaw Worm","floor":7,"turns":3},{"damage":0,"enemies":"Cultist","floor":8,"turns":3},{"damage":52,"enemies":"Exordium Thugs","floor":12,"turns":6},{"damage":8,"enemies":"Blue Slaver","floor":14,"turns":3},{"damage":21,"enemies":"The Guardian","floor":16,"turns":8},{"damage":46,"enemies":"2 Thieves","floor":18,"turns":4},{"damage":24,"enemies":"3 Byrds","floor":21,"turns":2}],"seed_played":"-479022407170469658","potions_obtained":[{"floor":1,"key":"Energy Potion"},{"floor":8,"key":"SteroidPotion"},{"floor":12,"key":"Ancient Potion"}],"is_trial":false,"path_per_floor":["M","$","?","T","?","R","M","M","T","R","$","M","$","M","R","B",null,"M","?","?","M"],"character_chosen":"DEFECT","items_purchased":["Tempest","Capacitor","Loop"],"campfire_rested":1,"item_purchase_floors":[2,2,11],"current_hp_per_floor":[75,75,64,64,64,64,62,62,62,62,62,10,10,2,24,3,75,29,23,23,0],"gold":151,"neow_bonus":"ONE_RANDOM_RARE_CARD","is_prod":false,"is_daily":false,"chose_seed":false,"campfire_upgraded":2,"win_rate":0,"timestamp":1552015996,"path_taken":["M","$","?","?","?","R","M","M","T","R","?","M","?","M","R","BOSS","M","?","?","M"],"build_version":"2019-01-23","purchased_purges":1,"victory":false,"max_hp_per_floor":[75,75,75,75,75,75,75,75,75,75,75,75,75,75,75,75,75,75,75,75,75],"card_choices":[{"not_picked":["Stack","Lockon","Hello World"],"picked":"SKIP","floor":1},{"not_picked":["Chaos","Redo"],"picked":"Conserve Battery","floor":7},{"not_picked":["Darkness","Coolheaded","Sweeping Beam"],"picked":"SKIP","floor":8},{"not_picked":["Streamline","Rip and Tear"],"picked":"Ball Lightning","floor":12},{"not_picked":["Fission","Steam"],"picked":"FTL","floor":14},{"not_picked":["All For One","Fission"],"picked":"Echo Form","floor":16},{"not_picked":["Undo+1","Coolheaded"],"picked":"Stack+1","floor":18}],"player_experience":1149015,"relics_obtained":[{"floor":4,"key":"Smiling Mask"},{"floor":9,"key":"Ornamental Fan"}],"event_choices":[{"damage_healed":0,"gold_gain":75,"player_choice":"Gather Gold","damage_taken":11,"max_hp_gain":0,"max_hp_loss":0,"event_name":"World of Goop","floor":3,"gold_loss":0},{"damage_healed":0,"gold_gain":0,"player_choice":"Grow","damage_taken":0,"max_hp_gain":0,"max_hp_loss":0,"event_name":"Living Wall","floor":5,"gold_loss":0,"cards_upgraded":["Capacitor"]},{"damage_healed":0,"gold_gain":0,"player_choice":"Joined the Cult","damage_taken":6,"max_hp_gain":0,"max_hp_loss":0,"event_name":"Nest","floor":19,"gold_loss":0,"cards_obtained":["RitualDagger"]},{"damage_healed":0,"gold_gain":0,"player_choice":"Read","damage_taken":0,"max_hp_gain":0,"max_hp_loss":0,"event_name":"The Library","floor":20,"gold_loss":0,"cards_obtained":["Ball Lightning"]}],"is_beta":false,"boss_relics":[{"not_picked":["Snecko Eye","Sozu"],"picked":"Philosopher\u0027s Stone"}],"items_purged_floors":[11],"is_endless":false,"potions_floor_spawned":[1,8,12],"killed_by":"3 Byrds","ascension_level":2}