{"gold_per_floor":[112,125,138,152,3,3,38,38,38,38,62,62,83,6,6,6],"floor_reached":16,"playtime":1309,"items_purged":["Strike_B","Strike_B"],"score":102,"play_id":"f96cc6d0-72d3-4c69-804d-59464178df80","local_time":"20190205230853","is_ascension_mode":false,"campfire_choices":[{"data":"Self Repair","floor":6,"key":"SMITH"},{"data":"Darkness","floor":12,"key":"SMITH"},{"floor":15,"key":"REST"}],"neow_cost":"NONE","seed_source_timestamp":40866964187700,"circlet_count":0,"master_deck":["Strike_B","Strike_B","Defend_B","Defend_B","Defend_B","Zap","Dualcast","Hologram","Self Repair+1","Redo","Darkness+1","Melter","Coolheaded","Injury","Recycle","Fission","Rebound"],"relics":["Cracked Core","Happy Flower","Smiling Mask","Golden Idol","Lantern"],"potions_floor_usage":[16,16,16],"damage_taken":[{"damage":1,"enemies":"Jaw Worm","floor":1,"turns":3},{"damage":1,"enemies":"Cultist","floor":2,"turns":4},{"damage":5,"enemies":"Small Slimes","floor":3,"turns":3},{"damage":2,"enemies":"Looter","floor":4,"turns":3},{"damage":31,"enemies":"3 Sentries","floor":7,"turns":8},{"damage":6,"enemies":"2 Fungi Beasts","floor":11,"turns":3},{"damage":16,"enemies":"Exordium Wildlife","floor":13,"turns":5},{"damage":74,"enemies":"The Guardian","floor":16,"turns":10}],"seed_played":"-2667242008994124672","potions_obtained":[{"floor":1,"key":"LiquidBronze"},{"floor":2,"key":"SneckoOil"},{"floor":7,"key":"SpeedPotion"}],"is_trial":false,"path_per_floor":["M","M","M","M","$","R","E","?","T","?","M","R","M","$","R","B"],"character_chosen":"DEFECT","items_purchased":["Melter","Rebound"],"campfire_rested":1,"item_purchase_floors":[5,14],"current_hp_per_floor":[74,73,75,73,73,73,52,52,52,52,56,56,50,50,72,0],"gold":6,"neow_bonus":"RANDOM_COMMON_RELIC","is_prod":false,"is_daily":false,"chose_seed":false,"campfire_upgraded":2,"win_rate":0.0,"timestamp":1549368533,"path_taken":["M","M","M","M","$","R","E","?","T","?","M","R","?","$","R","BOSS"],"build_version":"2019-01-23","purchased_purges":2,"victory":false,"max_hp_per_floor":[75,75,75,75,75,75,75,75,75,75,75,75,75,75,75,75],"card_choices":[{"not_picked":["Heatsinks","Rebound"],"picked":"Hologram","floor":1},{"not_picked":["Stack","Conserve Battery"],"picked":"Self Repair","floor":2},{"not_picked":["Leap","Rebound"],"picked":"Redo","floor":3},{"not_picked":["Steam Power","Doom and Gloom"],"picked":"Darkness","floor":4},{"not_picked":["Hello World","Sweeping Beam"],"picked":"Coolheaded","floor":7},{"not_picked":["Barrage","Coolheaded","Darkness"],"picked":"SKIP","floor":11},{"not_picked":["Doom and Gloom","Chill"],"picked":"Fission","floor":13}],"player_experience":83688,"relics_obtained":[{"floor":7,"key":"Smiling Mask"},{"floor":9,"key":"Lantern"}],"event_choices":[{"damage_healed":0,"gold_gain":0,"player_choice":"Take Wound","damage_taken":0,"relics_obtained":["Golden Idol"],"max_hp_gain":0,"max_hp_loss":0,"event_name":"Golden Idol","floor":8,"gold_loss":0,"cards_obtained":["Injury"]},{"damage_healed":0,"gold_gain":0,"cards_transformed":["Defend_B"],"player_choice":"Transformed","damage_taken":0,"max_hp_gain":0,"max_hp_loss":0,"event_name":"Transmorgrifier","floor":10,"gold_loss":0,"cards_obtained":["Recycle"]}],"is_beta":false,"boss_relics":[],"items_purged_floors":[5,14],"is_endless":false,"potions_floor_spawned":[1,2,4,7],"killed_by":"The Guardian","ascension_level":0}