{"gold_per_floor":[109,109,128,142,159,159,189,209,209,227,302,302,302,315,315,420,470,487,487,43,43,43,43,78,78,78,95,105,125,138,138,138,242,242,255,269,17,17,36,36,66,66,66,82,92,92,118,118,118,118],"floor_reached":51,"playtime":4873,"items_purged":["Strike_R","Strike_R"],"score":804,"play_id":"3f10b58d-2b6a-4ff5-9207-3f450a137fb8","local_time":"20190202235402","is_ascension_mode":false,"campfire_choices":[{"data":"Flame Barrier","floor":6.0,"key":"SMITH"},{"data":"Entrench","floor":13.0,"key":"SMITH"},{"floor":15.0,"key":"REST"},{"floor":23.0,"key":"REST"},{"data":"Corruption","floor":25.0,"key":"SMITH"},{"floor":32.0,"key":"REST"},{"data":"Demon Form","floor":40,"key":"SMITH"},{"data":"Exhume","floor":42,"key":"SMITH"},{"data":"Metamorphosis","floor":49,"key":"SMITH"}],"neow_cost":"NONE","seed_source_timestamp":0,"circlet_count":0,"master_deck":["Strike_R","Strike_R+1","Strike_R","Defend_R","Defend_R","Defend_R","Defend_R","Bash","Clothesline","Shockwave","Cleave","Flame Barrier+1","Entrench+1","Second Wind","Shrug It Off","Inflame","Demon Form+1","Sever Soul","Spot Weakness","Corruption+1","Burning Pact","True Grit+1","Seeing Red","Body Slam+1","Exhume","Exhume+1","Metallicize+1","Feel No Pain+1","Wild Strike+1","Metamorphosis+1"],"special_seed":0,"relics":["Burning Blood","Dead Branch","Kunai","Tiny House","Enchiridion","Mummified Hand","Sundial","Letter Opener","Ornamental Fan","Mark of Pain","Mercury Hourglass","Question Card","Shuriken","Pocketwatch"],"potions_floor_usage":[36,41,44,44,50],"damage_taken":[{"damage":5.0,"enemies":"Cultist","floor":1.0,"turns":4.0},{"damage":4.0,"enemies":"2 Louse","floor":3.0,"turns":3.0},{"damage":6.0,"enemies":"Jaw Worm","floor":4.0,"turns":5.0},{"damage":4.0,"enemies":"Looter","floor":5.0,"turns":3.0},{"damage":12.0,"enemies":"Gremlin Nob","floor":7.0,"turns":4.0},{"damage":4.0,"enemies":"Blue Slaver","floor":8.0,"turns":5.0},{"damage":6.0,"enemies":"3 Louse","floor":10.0,"turns":2.0},{"damage":13.0,"enemies":"Red Slaver","floor":14.0,"turns":3.0},{"damage":29.0,"enemies":"Slime Boss","floor":16.0,"turns":16.0},{"damage":50.0,"enemies":"Spheric Guardian","floor":18.0,"turns":8.0},{"damage":0.0,"enemies":"Book of Stabbing","floor":24.0,"turns":3.0},{"damage":0.0,"enemies":"Chosen","floor":27.0,"turns":4.0},{"damage":21.0,"enemies":"Snake Plant","floor":28.0,"turns":4.0},{"damage":0.0,"enemies":"Sentry and Sphere","floor":29.0,"turns":3.0},{"damage":0.0,"enemies":"Snecko","floor":30.0,"turns":3.0},{"damage":0.0,"enemies":"Collector","floor":33.0,"turns":4.0},{"damage":9,"enemies":"Orb Walker","floor":35,"turns":4},{"damage":0,"enemies":"3 Darklings","floor":36,"turns":3},{"damage":0,"enemies":"Maw","floor":39,"turns":3},{"damage":6,"enemies":"Nemesis","floor":41,"turns":5},{"damage":27,"enemies":"Jaw Worm Horde","floor":44,"turns":6},{"damage":15,"enemies":"Sphere and 2 Shapes","floor":45,"turns":5},{"damage":0,"enemies":"Giant Head","floor":47,"turns":6},{"damage":53,"enemies":"Time Eater","floor":50,"turns":8}],"seed_played":"-4090550909452761584","potions_obtained":[{"floor":0.0,"key":"Fruit Juice"},{"floor":0.0,"key":"SkillPotion"},{"floor":0.0,"key":"SneckoOil"},{"floor":2.0,"key":"FearPotion"},{"floor":14.0,"key":"Dexterity Potion"},{"floor":16.0,"key":"Fire Potion"},{"floor":17.0,"key":"BloodPotion"},{"floor":24.0,"key":"Ancient Potion"},{"floor":27.0,"key":"Dexterity Potion"},{"floor":35,"key":"Block Potion"},{"floor":41,"key":"PowerPotion"},{"floor":44,"key":"Strength Potion"}],"is_trial":false,"path_per_floor":["M","?","M","M","M","R","E","M","T","M","?","?","R","M","R","B",null,"M","?","$","?","?","R","E","R","T","M","M","M","M","T","R","B",null,"M","M","$","?","M","R","E","R","T","M","M","T","E","?","R","B",null],"character_chosen":"IRONCLAD","items_purchased":["Corruption","Burning Pact","Mummified Hand","Exhume","Regen Potion"],"campfire_rested":3,"item_purchase_floors":[20,20,20,37,37],"current_hp_per_floor":[85,85,85,85,85,85,79,81,81,81,70,75,75,68,90,67,95,60,44,44,25,25,55,61,61,61,67,52,58,64,64,94,100,100,97,100,100,100,100,100,100,100,100,89,80,80,86,86,86,39],"gold":118,"neow_bonus":"THREE_SMALL_POTIONS","is_prod":false,"is_daily":false,"chose_seed":false,"campfire_upgraded":6,"win_rate":0.0,"timestamp":1549112042,"path_taken":["M","?","M","M","?","R","E","M","T","M","?","?","R","M","R","BOSS","M","?","$","?","?","R","E","R","T","M","?","?","M","?","R","BOSS","M","M","$","?","M","R","E","R","T","M","M","?","E","?","R","BOSS"],"build_version":"2019-01-23","purchased_purges":2,"victory":true,"max_hp_per_floor":[85,85,85,85,85,85,85,85,85,85,85,90,90,90,90,90,95,95,95,95,100,100,100,100,100,100,100,100,100,100,100,100,100,100,100,100,100,100,100,100,100,100,100,100,100,100,100,100,100,100],"card_choices":[{"not_picked":["Twin Strike","Clash"],"picked":"Clothesline","floor":1.0},{"not_picked":["Pommel Strike","Infernal Blade"],"picked":"Shockwave","floor":3.0},{"not_picked":["Searing Blow","Clash"],"picked":"Cleave","floor":4.0},{"not_picked":["Rampage","Iron Wave"],"picked":"Flame Barrier","floor":5.0},{"not_picked":["Armaments","Infernal Blade"],"picked":"Entrench","floor":7.0},{"not_picked":["Pummel","Reaper"],"picked":"Second Wind","floor":8.0},{"not_picked":["Havoc","Clash"],"picked":"Shrug It Off","floor":10.0},{"not_picked":["Thunderclap","Cleave"],"picked":"Inflame","floor":14.0},{"not_picked":["Barricade","Offering"],"picked":"Demon Form","floor":16.0},{"not_picked":["Iron Wave","True Grit"],"picked":"Sever Soul","floor":17.0},{"not_picked":["Cleave+1","Body Slam"],"picked":"Spot Weakness","floor":18.0},{"not_picked":["Headbutt","Reckless Charge+1"],"picked":"True Grit+1","floor":24.0},{"not_picked":["Flex","Hemokinesis+1"],"picked":"Seeing Red","floor":27.0},{"not_picked":["Reckless Charge","Hemokinesis","Headbutt+1"],"picked":"SKIP","floor":28.0},{"not_picked":["Metallicize","Heavy Blade"],"picked":"Body Slam+1","floor":29.0},{"not_picked":["Twin Strike","Thunderclap","Wild Strike"],"picked":"SKIP","floor":30.0},{"not_picked":["Fiend Fire","Impervious"],"picked":"Exhume","floor":33.0},{"not_picked":["Cleave+1","Rupture","Havoc"],"picked":"SKIP","floor":35},{"not_picked":["Burning Pact","Armaments+1","Twin Strike+1"],"picked":"SKIP","floor":36},{"not_picked":["Heavy Blade+1","Sword Boomerang"],"picked":"Metallicize+1","floor":39},{"not_picked":["Rampage","Iron Wave"],"picked":"Feel No Pain+1","floor":41},{"not_picked":["Dropkick+1","Hemokinesis+1","Anger"],"picked":"Wild Strike+1","floor":44},{"not_picked":["Entrench","Clash","Body Slam+1","Shrug It Off+1"],"picked":"SKIP","floor":45},{"not_picked":["Clothesline+1","Iron Wave+1","Armaments+1","Feed"],"picked":"SKIP","floor":47},{"not_picked":["HandOfGreed","Trip","Flash of Steel"],"picked":"Metamorphosis","floor":48}],"player_experience":73042,"relics_obtained":[{"floor":7.0,"key":"Dead Branch"},{"floor":9.0,"key":"Kunai"},{"floor":19.0,"key":"Enchiridion"},{"floor":24.0,"key":"Sundial"},{"floor":26.0,"key":"Letter Opener"},{"floor":31.0,"key":"Ornamental Fan"},{"floor":41,"key":"Mercury Hourglass"},{"floor":43,"key":"Question Card"},{"floor":46,"key":"Shuriken"},{"floor":47,"key":"Pocketwatch"}],"event_choices":[{"damage_healed":0.0,"max_hp_gain":0.0,"max_hp_loss":0.0,"gold_gain":0.0,"event_name":"Lab","player_choice":"Got Potions","floor":2.0,"gold_loss":0.0,"damage_taken":0.0},{"damage_healed":0.0,"max_hp_gain":0.0,"max_hp_loss":0.0,"gold_gain":75.0,"event_name":"World of Goop","player_choice":"Gather Gold","floor":11.0,"gold_loss":0.0,"damage_taken":11.0},{"damage_healed":0.0,"max_hp_gain":5.0,"max_hp_loss":0.0,"gold_gain":0.0,"event_name":"Big Fish","player_choice":"Donut","floor":12.0,"gold_loss":0.0,"damage_taken":0.0},{"damage_healed":0.0,"max_hp_gain":0.0,"max_hp_loss":0.0,"gold_gain":0.0,"event_name":"Cursed Tome","player_choice":"Obtained Book","floor":19.0,"gold_loss":0.0,"damage_taken":16.0},{"damage_healed":0.0,"max_hp_gain":5.0,"max_hp_loss":0.0,"gold_gain":0.0,"event_name":"Forgotten Altar","player_choice":"Shed Blood","floor":21.0,"gold_loss":0.0,"damage_taken":24.0},{"damage_healed":0.0,"max_hp_gain":0.0,"max_hp_loss":0.0,"gold_gain":0.0,"event_name":"N\u0027loth","player_choice":"Ignored","floor":22.0,"gold_loss":0.0,"damage_taken":0.0},{"damage_healed":0,"gold_gain":0,"player_choice":"Ignored","damage_taken":0,"max_hp_gain":0,"max_hp_loss":0,"event_name":"Mysterious Sphere","floor":38,"gold_loss":0},{"damage_healed":0,"gold_gain":0,"player_choice":"Memory 1","damage_taken":0,"max_hp_gain":0,"max_hp_loss":0,"event_name":"SensoryStone","floor":48,"gold_loss":0}],"is_beta":false,"boss_relics":[{"not_picked":["Empty Cage","Fusion Hammer"],"picked":"Tiny House"},{"not_picked":["Black Star","Runic Cube"],"picked":"Mark of Pain"}],"items_purged_floors":[20,37],"is_endless":false,"potions_floor_spawned":[5,14,16,24,27,29,30,33,35,41,44],"ascension_level":0}