{"gold_per_floor":[109,109,384,402,0,34,34,11,11,31,31,31,57,77,77,174,174,190,204,0,14,14,14,24,53,53,53,63,63,13,29,29,29],"floor_reached":33,"playtime":2457,"items_purged":["Regret","Reaper"],"score":368,"play_id":"b6aea5d0-7ee0-4c3a-99ac-262a6406a395","local_time":"20190303231650","is_ascension_mode":true,"campfire_choices":[{"data":"Thinking Ahead","floor":7,"key":"SMITH"},{"data":"Clothesline","floor":12,"key":"SMITH"},{"data":"Metallicize","floor":15,"key":"SMITH"},{"data":"Feed","floor":23,"key":"SMITH"},{"floor":29,"key":"REST"},{"floor":32,"key":"REST"}],"neow_cost":"NONE","seed_source_timestamp":80730832934174,"circlet_count":0,"master_deck":["Strike_R+1","Strike_R+1","Strike_R+1","Strike_R+1","Strike_R+1","Defend_R+1","Defend_R+1","Defend_R+1","Defend_R+1","Bash","Offering","Metallicize+1","Thinking Ahead+1","Feed+1","Clothesline+1","Battle Trance","Immolate","Wild Strike+1","Armaments+1"],"relics":["Burning Blood","Boot","Shovel","Pear","Odd Mushroom","Mark of Pain","Smiling Mask","Happy Flower"],"potions_floor_usage":[13,16,21,25,31],"damage_taken":[{"damage":6,"enemies":"2 Louse","floor":1,"turns":2},{"damage":13,"enemies":"Jaw Worm","floor":4,"turns":4},{"damage":40,"enemies":"Lagavulin","floor":6,"turns":6},{"damage":6,"enemies":"Cultist","floor":10,"turns":3},{"damage":25,"enemies":"The Mushroom Lair","floor":13,"turns":5},{"damage":6,"enemies":"2 Fungi Beasts","floor":14,"turns":3},{"damage":26,"enemies":"Slime Boss","floor":16,"turns":12},{"damage":39,"enemies":"2 Thieves","floor":18,"turns":4},{"damage":16,"enemies":"Shell Parasite","floor":19,"turns":6},{"damage":26,"enemies":"Snake Plant","floor":21,"turns":5},{"damage":23,"enemies":"3 Cultists","floor":24,"turns":5},{"damage":37,"enemies":"Gremlin Leader","floor":25,"turns":5},{"damage":21,"enemies":"Centurion and Healer","floor":28,"turns":6},{"damage":16,"enemies":"Snake Plant","floor":31,"turns":3},{"damage":84,"enemies":"Champ","floor":33,"turns":13}],"seed_played":"5161395224162312643","potions_obtained":[{"floor":6,"key":"AttackPotion"},{"floor":14,"key":"Block Potion"},{"floor":16,"key":"LiquidBronze"},{"floor":21,"key":"Strength Potion"},{"floor":28,"key":"Energy Potion"}],"is_trial":false,"path_per_floor":["M","?","?","M","$","E","R","?","T","M","$","R","?","M","R","B",null,"M","M","?","M","$","R","M","E","T","?","M","R","$","M","R","B"],"character_chosen":"IRONCLAD","items_purchased":["Thinking Ahead","Boot"],"campfire_rested":2,"item_purchase_floors":[5,5],"current_hp_per_floor":[80,80,80,73,73,39,39,39,49,49,49,49,33,36,36,19,99,75,71,71,56,56,56,53,31,31,31,20,53,53,43,76,0],"gold":29,"neow_bonus":"ONE_RANDOM_RARE_CARD","is_prod":false,"is_daily":false,"chose_seed":false,"campfire_upgraded":4,"win_rate":0,"timestamp":1551676610,"path_taken":["M","?","?","?","$","E","R","?","T","M","?","R","?","M","R","BOSS","M","M","?","M","$","R","M","E","T","?","M","R","?","?","R","BOSS"],"build_version":"2019-01-23","purchased_purges":2,"victory":false,"max_hp_per_floor":[80,80,80,80,80,80,80,80,90,90,90,90,93,96,96,99,99,102,102,102,102,102,102,106,106,106,106,110,110,110,110,110,110],"card_choices":[{"not_picked":["Heavy Blade","Thunderclap","Body Slam"],"picked":"SKIP","floor":1},{"not_picked":["Ghostly Armor","Wild Strike"],"picked":"Metallicize","floor":4},{"not_picked":["True Grit","Ghostly Armor"],"picked":"Feed","floor":6},{"not_picked":["Flex","Anger"],"picked":"Clothesline","floor":10},{"not_picked":["Twin Strike","Headbutt"],"picked":"Battle Trance","floor":13},{"not_picked":["Burning Pact","Armaments"],"picked":"Immolate","floor":14},{"not_picked":["Offering","Limit Break"],"picked":"Reaper","floor":16},{"not_picked":["Clothesline+1","Pommel Strike"],"picked":"Wild Strike+1","floor":18},{"not_picked":["Thunderclap","Entrench","Rampage+1"],"picked":"SKIP","floor":19},{"not_picked":["Clash","Body Slam","Armaments"],"picked":"SKIP","floor":21},{"not_picked":["Wild Strike","Offering","Feel No Pain"],"picked":"SKIP","floor":24},{"not_picked":["Flex","Cleave"],"picked":"Armaments+1","floor":25},{"not_picked":["Heavy Blade","Sword Boomerang","Thunderclap"],"picked":"SKIP","floor":28},{"not_picked":["Iron Wave","Wild Strike","Dual Wield"],"picked":"SKIP","floor":31}],"player_experience":109733,"relics_obtained":[{"floor":6,"key":"Shovel"},{"floor":9,"key":"Pear"},{"floor":13,"key":"Odd Mushroom"},{"floor":25,"key":"Smiling Mask"},{"floor":26,"key":"Happy Flower"}],"event_choices":[{"damage_healed":0,"gold_gain":0,"player_choice":"Grow","damage_taken":0,"max_hp_gain":0,"max_hp_loss":0,"event_name":"Living Wall","floor":2,"gold_loss":0,"cards_upgraded":["Strike_R"]},{"damage_healed":0,"gold_gain":275,"player_choice":"Desecrate","damage_taken":0,"max_hp_gain":0,"max_hp_loss":0,"event_name":"Golden Shrine","floor":3,"gold_loss":0,"cards_obtained":["Regret"]},{"damage_healed":0,"gold_gain":0,"player_choice":"Left Gold","damage_taken":0,"max_hp_gain":0,"max_hp_loss":0,"event_name":"World of Goop","floor":8,"gold_loss":23},{"damage_healed":0,"gold_gain":0,"player_choice":"Fought Mushrooms","damage_taken":0,"max_hp_gain":0,"max_hp_loss":0,"event_name":"Mushrooms","floor":13,"gold_loss":0},{"damage_healed":0,"gold_gain":0,"player_choice":"Paid Fearfully","damage_taken":0,"max_hp_gain":0,"max_hp_loss":0,"event_name":"Masked Bandits","floor":20,"gold_loss":204},{"damage_healed":0,"gold_gain":0,"player_choice":"Simplicity","damage_taken":0,"max_hp_gain":0,"max_hp_loss":0,"event_name":"Back to Basics","floor":27,"gold_loss":0,"cards_upgraded":["Strike_R","Strike_R","Strike_R","Strike_R","Defend_R","Defend_R","Defend_R","Defend_R"]}],"is_beta":false,"boss_relics":[{"not_picked":["Astrolabe","Runic Pyramid"],"picked":"Mark of Pain"}],"items_purged_floors":[5,30],"is_endless":false,"potions_floor_spawned":[6,14,16,21,28],"killed_by":"Champ","ascension_level":4}