{"gold_per_floor":[118,136,149,149,21,53,53,73,73,73,73,90,100,114,114,216,216,231,247,263,59,78,103,103,103,127,127,127,127,143,163,163,262,262,280,240,254,274,65,65,78,78,127,52,71,71,85,98,98,98],"floor_reached":50,"playtime":3093,"items_purged":["Sunder+1"],"score":470,"play_id":"1030474d-a313-418d-b29f-e49cf30041b0","local_time":"20190306192106","is_ascension_mode":false,"campfire_choices":[{"floor":7,"key":"REST"},{"floor":11,"key":"REST"},{"floor":15,"key":"REST"},{"floor":24,"key":"REST"},{"floor":29,"key":"REST"},{"data":"Buffer","floor":32,"key":"SMITH"},{"data":"Echo Form","floor":40,"key":"SMITH"},{"floor":49,"key":"REST"}],"neow_cost":"NONE","seed_source_timestamp":33450316146382,"circlet_count":0,"master_deck":["Strike_B+1","Strike_B+1","Defend_B","Defend_B","Defend_B+1","Zap+1","Dualcast","Amplify+1","Ball Lightning","Redo","Capacitor","Conserve Battery","Consume","Buffer+1","Reinforced Body","Leap+1","Self Repair+1","Electrodynamics","Reinforced Body","Loop","White Noise","Conserve Battery","Sweeping Beam+1","Genetic Algorithm+1","Loop+1","Ball Lightning+1","Conserve Battery","Echo Form+1","Reinforced Body+1","Double Energy+1","Self Repair","Parasite","Heatsinks+1","FTL+1"],"relics":["Cracked Core","Bag of Preparation","Whetstone","Molten Egg 2","Busted Crown","Matryoshka","Bottled Tornado","War Paint","Astrolabe","Lee\u0027s Waffle","Bag of Marbles","Pen Nib"],"potions_floor_usage":[12,16,20,23,33,35,45,50,50],"damage_taken":[{"damage":5,"enemies":"Small Slimes","floor":1,"turns":4},{"damage":8,"enemies":"Jaw Worm","floor":2,"turns":3},{"damage":0,"enemies":"2 Louse","floor":3,"turns":1},{"damage":25,"enemies":"3 Sentries","floor":6,"turns":6},{"damage":33,"enemies":"Gremlin Gang","floor":8,"turns":5},{"damage":7,"enemies":"3 Louse","floor":12,"turns":3},{"damage":0,"enemies":"Exordium Thugs","floor":13,"turns":4},{"damage":6,"enemies":"Large Slime","floor":14,"turns":4},{"damage":33,"enemies":"The Guardian","floor":16,"turns":11},{"damage":14,"enemies":"2 Thieves","floor":18,"turns":4},{"damage":3,"enemies":"Chosen","floor":19,"turns":4},{"damage":3,"enemies":"Snake Plant","floor":20,"turns":4},{"damage":22,"enemies":"Snecko","floor":22,"turns":6},{"damage":33,"enemies":"Gremlin Leader","floor":23,"turns":5},{"damage":4,"enemies":"3 Cultists","floor":30,"turns":3},{"damage":0,"enemies":"Sentry and Sphere","floor":31,"turns":4},{"damage":50,"enemies":"Champ","floor":33,"turns":16},{"damage":32,"enemies":"Orb Walker","floor":35,"turns":5},{"damage":11,"enemies":"3 Shapes","floor":37,"turns":4},{"damage":32,"enemies":"Writhing Mass","floor":38,"turns":6},{"damage":33,"enemies":"Maw","floor":41,"turns":8},{"damage":38,"enemies":"4 Shapes","floor":45,"turns":3},{"damage":33,"enemies":"Jaw Worm Horde","floor":47,"turns":3},{"damage":16,"enemies":"Sphere and 2 Shapes","floor":48,"turns":5},{"damage":53,"enemies":"Time Eater","floor":50,"turns":6}],"seed_played":"-7005311254418250367","potions_obtained":[{"floor":2,"key":"LiquidBronze"},{"floor":3,"key":"SteroidPotion"},{"floor":12,"key":"Weak Potion"},{"floor":14,"key":"Weak Potion"},{"floor":19,"key":"SpeedPotion"},{"floor":20,"key":"Poison Potion"},{"floor":30,"key":"Swift Potion"},{"floor":33,"key":"EssenceOfSteel"},{"floor":38,"key":"Energy Potion"},{"floor":45,"key":"Energy Potion"},{"floor":48,"key":"Strength Potion"}],"is_trial":false,"path_per_floor":["M","M","M","?","$","E","R","M","T","T","R","M","M","M","R","B",null,"M","M","M","$","M","E","R","?","T","?","?","R","M","M","R","B",null,"M","?","M","M","$","R","M","?","T","$","M","$","M","M","R","B"],"character_chosen":"DEFECT","items_purchased":["Capacitor","Conserve Battery","Loop","White Noise","Conserve Battery","Lee\u0027s Waffle"],"campfire_rested":6,"item_purchase_floors":[5,5,21,21,21,39],"current_hp_per_floor":[70,62,62,47,47,22,44,11,11,11,33,26,26,20,42,16,75,68,65,62,62,40,14,36,36,36,36,36,58,68,68,68,25,75,57,57,53,31,82,82,66,66,66,66,52,52,19,10,34,0],"gold":98,"neow_bonus":"ONE_RANDOM_RARE_CARD","is_prod":false,"is_daily":false,"chose_seed":false,"campfire_upgraded":2,"win_rate":0.0,"timestamp":1551896466,"path_taken":["M","M","M","?","$","E","R","M","T","?","R","M","M","M","R","BOSS","M","M","M","$","M","E","R","?","T","?","?","R","M","M","R","BOSS","M","?","?","M","$","R","M","?","T","$","M","?","M","M","R","BOSS"],"build_version":"2019-01-23","purchased_purges":1,"victory":false,"max_hp_per_floor":[75,75,75,75,75,75,75,75,75,75,75,75,75,75,75,75,75,75,75,75,75,75,75,75,75,75,75,75,75,75,75,75,75,75,75,75,75,75,82,82,82,82,82,82,82,82,82,82,82,82],"card_choices":[{"not_picked":["Gash","Recycle"],"picked":"Ball Lightning","floor":1},{"not_picked":["Rebound","Melter"],"picked":"Redo","floor":2},{"not_picked":["Beam Cell","Lockon"],"picked":"Storm","floor":3},{"not_picked":["Reinforced Body","Sunder"],"picked":"Consume","floor":6},{"not_picked":["Force Field","Coolheaded"],"picked":"Buffer","floor":8},{"not_picked":["Coolheaded","Hologram"],"picked":"Reinforced Body","floor":12},{"not_picked":["Scrape+1","Turbo"],"picked":"Leap","floor":13},{"not_picked":["Hologram","Static Discharge"],"picked":"Self Repair","floor":14},{"not_picked":["Buffer","Thunder Strike+1"],"picked":"Electrodynamics","floor":16},{"not_picked":["Rip and Tear+1"],"picked":"SKIP","floor":18},{"not_picked":["Hologram"],"picked":"SKIP","floor":19},{"not_picked":[],"picked":"Reinforced Body","floor":20},{"not_picked":["Sweeping Beam+1"],"picked":"SKIP","floor":22},{"not_picked":[],"picked":"Sweeping Beam+1","floor":22},{"not_picked":["Rip and Tear+1"],"picked":"SKIP","floor":23},{"not_picked":[],"picked":"Ball Lightning+1","floor":30},{"not_picked":[],"picked":"Conserve Battery","floor":31},{"not_picked":[],"picked":"Echo Form","floor":33},{"not_picked":[],"picked":"Self Repair","floor":35},{"not_picked":["Conserve Battery"],"picked":"SKIP","floor":37},{"not_picked":[],"picked":"Heatsinks+1","floor":38},{"not_picked":["Reinforced Body"],"picked":"SKIP","floor":41},{"not_picked":["Stack+1"],"picked":"SKIP","floor":45},{"not_picked":["Beam Cell+1"],"picked":"SKIP","floor":47},{"not_picked":[],"picked":"FTL+1","floor":48}],"player_experience":110705,"relics_obtained":[{"floor":6,"key":"Bag of Preparation"},{"floor":9,"key":"Whetstone"},{"floor":10,"key":"Molten Egg 2"},{"floor":23,"key":"Matryoshka"},{"floor":26,"key":"Bottled Tornado"},{"floor":26,"key":"War Paint"},{"floor":43,"key":"Bag of Marbles"},{"floor":43,"key":"Pen Nib"}],"event_choices":[{"damage_healed":0,"gold_gain":0,"player_choice":"Entered Light","damage_taken":15,"max_hp_gain":0,"max_hp_loss":0,"event_name":"Shining Light","floor":4,"gold_loss":0,"cards_upgraded":["Amplify","Zap"]},{"damage_healed":0,"gold_gain":0,"cards_transformed":["Storm","Strike_B"],"player_choice":"Became Test Subject","damage_taken":0,"max_hp_gain":0,"max_hp_loss":0,"event_name":"Drug Dealer","floor":25,"gold_loss":0,"cards_obtained":["Genetic Algorithm","Turbo"]},{"damage_healed":0,"gold_gain":0,"player_choice":"Ignored","damage_taken":0,"max_hp_gain":0,"max_hp_loss":0,"event_name":"Ghosts","floor":27,"gold_loss":0},{"damage_healed":0,"gold_gain":0,"player_choice":"Read","damage_taken":0,"max_hp_gain":0,"max_hp_loss":0,"event_name":"The Library","floor":28,"gold_loss":0,"cards_obtained":["Loop"]},{"damage_healed":0,"gold_gain":0,"player_choice":"Upgraded Two","damage_taken":0,"max_hp_gain":0,"max_hp_loss":0,"event_name":"Designer","floor":36,"gold_loss":40,"cards_upgraded":["Leap","Self Repair"]},{"damage_healed":0,"gold_gain":0,"player_choice":"Upgraded","damage_taken":0,"max_hp_gain":0,"max_hp_loss":0,"event_name":"Upgrade Shrine","floor":42,"gold_loss":0,"cards_upgraded":["Loop"]}],"is_beta":false,"boss_relics":[{"not_picked":["Runic Dome","Philosopher\u0027s Stone"],"picked":"Busted Crown"},{"not_picked":["Calling Bell","Empty Cage"],"picked":"Astrolabe"}],"items_purged_floors":[44],"is_endless":false,"potions_floor_spawned":[2,3,12,14,19,20,30,33,38,45,47,48],"killed_by":"Time Eater","ascension_level":0}