{"path_per_floor":["M","M","M","$","?","R","M","M","T","$","M","M","E","M","R","B",null,"M","$","M","M","?","R","?","R","T","M","R","M","M","$","R","B",null,"M","?","$","?","M","R","?","R","T","R","M","E","?","M","R","B"],"character_chosen":"THE_SILENT","items_purchased":["Footwork","Bouncing Flask+1","Dexterity Potion","Poisoned Stab"],"gold_per_floor":[110,125,145,71,71,71,84,96,96,17,34,47,81,96,96,191,191,209,134,124,134,134,134,134,134,186,198,198,216,234,85,85,181,211,224,224,50,50,63,63,63,63,63,63,82,117,0,10,10,10],"floor_reached":51,"campfire_rested":9,"playtime":3029,"item_purchase_floors":[4,10,31,37],"current_hp_per_floor":[67,67,61,61,61,61,53,44,44,44,44,28,28,18,39,9,70,70,70,34,19,19,40,33,54,54,44,65,22,15,15,36,5,75,25,25,25,25,13,35,35,57,57,75,57,3,3,3,25,8],"items_purged":["Sucker Punch+1","Decay","Strike_G"],"gold":10,"score":706,"play_id":"a50ebd2e-ddf8-4652-b67c-65bdb0286790","local_time":"20180526171654","is_prod":false,"is_daily":false,"chose_seed":false,"is_ascension_mode":false,"campfire_upgraded":1,"win_rate":0,"timestamp":1527376614,"campfire_choices":[{"data":"Footwork","floor":6,"key":"SMITH"},{"floor":15,"key":"REST"},{"floor":23,"key":"REST"},{"floor":25,"key":"REST"},{"floor":28,"key":"REST"},{"floor":32,"key":"REST"},{"floor":40,"key":"REST"},{"floor":42,"key":"REST"},{"floor":44,"key":"REST"},{"floor":49,"key":"REST"}],"path_taken":["M","M","M","$","?","R","M","M","T","$","M","M","E","M","R","BOSS","M","$","M","M","?","R","?","R","T","M","R","?","M","$","R","BOSS","M","?","$","?","M","R","?","R","T","R","M","E","?","M","R","BOSS"],"build_version":"2018-05-25","seed_source_timestamp":6461023448416,"purchased_purges":3,"victory":true,"master_deck":["Defend_G","Defend_G","Defend_G","Defend_G","Survivor","Neutralize","Calculated Gamble","Footwork+1","Deadly Poison+1","Deadly Poison","Bouncing Flask+1","Backstab","Flying Knee","Escape Plan+1","Night Terror+1","Expertise+1","After Image+1","Footwork+1","Catalyst+1","Corpse Explosion","Bane+1","Dash","Poisoned Stab","Adrenaline+1","Deflect+1","Burst+1","Blur+1","Deadly Poison+1"],"max_hp_per_floor":[70,70,70,70,70,70,70,70,70,70,70,70,70,70,70,70,70,70,70,70,70,70,70,70,70,70,70,70,70,70,70,70,70,75,75,75,75,75,75,75,75,75,75,75,75,75,75,75,75,75],"relics":["Ring of the Snake","Toxic Egg 2","Happy Flower","Astrolabe","Pen Nib","Tiny House","Centennial Puzzle","Gambling Chip","Red Mask"],"card_choices":[{"not_picked":["Deflect","Sucker Punch"],"picked":"Calculated Gamble","floor":1},{"not_picked":["Dagger Throw","Cloak And Dagger","Flying Knee"],"picked":"SKIP","floor":2},{"not_picked":["Infinite Blades","Endless Agony","Prepared"],"picked":"SKIP","floor":3},{"not_picked":["Cloak And Dagger","Finisher"],"picked":"Deadly Poison","floor":7},{"not_picked":["Calculated Gamble","Catalyst"],"picked":"Deadly Poison","floor":8},{"not_picked":["Backflip+1","Deflect+1"],"picked":"Backstab","floor":11},{"not_picked":["Backflip+1","Venomology+1"],"picked":"Flying Knee","floor":12},{"not_picked":["Riddle With Holes","Leg Sweep+1"],"picked":"Escape Plan+1","floor":13},{"not_picked":["Dagger Spray","Slice","Flechettes"],"picked":"SKIP","floor":14},{"not_picked":["Venomology+1","Grand Finale"],"picked":"Night Terror+1","floor":16},{"not_picked":["Dagger Spray","Deflect+1"],"picked":"Footwork+1","floor":18},{"not_picked":["Cloak And Dagger+1","Dagger Spray","Sucker Punch"],"picked":"SKIP","floor":20},{"not_picked":["Deflect+1","Burst+1"],"picked":"Catalyst+1","floor":21},{"not_picked":["Flechettes","Dagger Spray+1","Quick Slash"],"picked":"SKIP","floor":27},{"not_picked":["Eviscerate+1","Expertise+1","Outmaneuver+1"],"picked":"SKIP","floor":29},{"not_picked":["Dodge and Roll+1","Flechettes+1","Dagger Spray"],"picked":"SKIP","floor":30},{"not_picked":["Bullet Time+1","Tools of the Trade"],"picked":"Corpse Explosion","floor":33},{"not_picked":["Slice","Quick Slash"],"picked":"Bane+1","floor":34},{"not_picked":["Flechettes+1","Slice"],"picked":"Dash","floor":35},{"not_picked":["Blur+1","Outmaneuver+1"],"picked":"Deflect+1","floor":39},{"not_picked":["Flying Knee","PiercingWail+1"],"picked":"Burst+1","floor":45},{"not_picked":["Cloak And Dagger+1","Sucker Punch+1"],"picked":"Blur+1","floor":46},{"not_picked":["Acrobatics+1","Dagger Spray"],"picked":"Deadly Poison+1","floor":48}],"player_experience":348786,"potions_floor_usage":[12,16,16,16,21,33,33,46,46,46],"damage_taken":[{"damage":3,"enemies":"Jaw Worm","floor":1,"turns":5},{"damage":0,"enemies":"2 Louse","floor":2,"turns":2},{"damage":6,"enemies":"Cultist","floor":3,"turns":4},{"damage":8,"enemies":"Blue Slaver","floor":7,"turns":6},{"damage":9,"enemies":"Red Slaver","floor":8,"turns":4},{"damage":0,"enemies":"3 Louse","floor":11,"turns":5},{"damage":16,"enemies":"Gremlin Gang","floor":12,"turns":5},{"damage":0,"enemies":"Lagavulin","floor":13,"turns":5},{"damage":10,"enemies":"Looter","floor":14,"turns":3},{"damage":30,"enemies":"Slime Boss","floor":16,"turns":11},{"damage":0,"enemies":"Spheric Guardian","floor":18,"turns":3},{"damage":36,"enemies":"2 Thieves","floor":20,"turns":4},{"damage":15,"enemies":"Centurion and Healer","floor":21,"turns":7},{"damage":10,"enemies":"Snecko","floor":27,"turns":5},{"damage":43,"enemies":"3 Cultists","floor":29,"turns":8},{"damage":7,"enemies":"Snake Plant","floor":30,"turns":4},{"damage":31,"enemies":"Automaton","floor":33,"turns":8},{"damage":50,"enemies":"3 Darklings","floor":35,"turns":7},{"damage":12,"enemies":"Orb Walker","floor":39,"turns":4},{"damage":18,"enemies":"4 Shapes","floor":45,"turns":3},{"damage":54,"enemies":"2 Orb Walkers","floor":46,"turns":9},{"damage":0,"enemies":"Maw","floor":48,"turns":8},{"damage":17,"enemies":"Donu and Deca","floor":50,"turns":8}],"relics_obtained":[{"floor":9,"key":"Toxic Egg 2"},{"floor":13,"key":"Happy Flower"},{"floor":26,"key":"Pen Nib"},{"floor":43,"key":"Centennial Puzzle"},{"floor":46,"key":"Gambling Chip"}],"event_choices":[{"event_name":"Shining Light","player_choice":"Ignored","floor":5,"damage_taken":0},{"event_name":"Forgotten Altar","player_choice":"Smashed Altar","floor":22,"damage_taken":0},{"event_name":"Knowing Skull","player_choice":"","floor":24,"damage_taken":0},{"event_name":"Match and Keep!","player_choice":"1 cards matched","floor":38,"damage_taken":0},{"event_name":"Mysterious Sphere","player_choice":"Ignore","floor":41,"damage_taken":0},{"event_name":"Tomb of Lord Red Mask","player_choice":"Paid","floor":47,"damage_taken":0}],"boss_relics":[{"not_picked":["Ectoplasm","Calling Bell"],"picked":"Astrolabe"},{"not_picked":["Cursed Key","Lizard Tail"],"picked":"Tiny House"}],"items_purged_floors":[19,31,37],"potions_floor_spawned":[1,3,7,8,13,14,20,27,30,33,39],"seed_played":"6745508059033654709","ascension_level":0,"potions_obtained":[{"floor":1,"key":"Weak Potion"},{"floor":3,"key":"FearPotion"},{"floor":7,"key":"PowerPotion"},{"floor":8,"key":"PowerPotion"},{"floor":13,"key":"Fire Potion"},{"floor":14,"key":"Dexterity Potion"},{"floor":20,"key":"Weak Potion"},{"floor":27,"key":"SteroidPotion"},{"floor":30,"key":"PowerPotion"},{"floor":33,"key":"Fire Potion"},{"floor":39,"key":"EssenceOfSteel"}],"is_trial":false}