{"gold_per_floor":[109,109,34,34,46,74,74,105,132,132,109,69,69,34,34,34],"floor_reached":16,"playtime":856,"items_purged":["Strike_R"],"score":142,"play_id":"bf2d829d-59c4-4cd3-8678-47bf61bfcb12","local_time":"20190301212856","is_ascension_mode":true,"campfire_choices":[{"data":"Shrug It Off","floor":7,"key":"SMITH"},{"data":"Exhume","floor":15,"key":"SMITH"}],"neow_cost":"NONE","seed_source_timestamp":1306817682954100,"circlet_count":0,"master_deck":["Strike_R","Strike_R","Strike_R","Defend_R","Defend_R","Defend_R","Defend_R","Bash","Heavy Blade","Shrug It Off+1","Thunderclap","Exhume+1","Power Through"],"relics":["Burning Blood","NeowsBlessing","Omamori","Dodecahedron","Anchor","Orichalcum"],"potions_floor_usage":[8],"damage_taken":[{"damage":0,"enemies":"2 Louse","floor":1,"turns":1},{"damage":0,"enemies":"Cultist","floor":5,"turns":1},{"damage":0,"enemies":"3 Sentries","floor":6,"turns":2},{"damage":56,"enemies":"Lagavulin","floor":8,"turns":10},{"damage":82,"enemies":"Slime Boss","floor":16,"turns":11}],"seed_played":"7471930923769246019","potions_obtained":[{"floor":2,"key":"Block Potion"},{"floor":2,"key":"FairyPotion"},{"floor":2,"key":"SmokeBomb"}],"is_trial":false,"path_per_floor":["M","?","$","?","M","E","R","E","T","?","?","$","?","?","R","B"],"character_chosen":"IRONCLAD","items_purchased":["Power Through"],"campfire_rested":0,"item_purchase_floors":[12],"current_hp_per_floor":[80,80,80,73,79,80,80,30,30,50,50,50,43,63,63,0],"gold":34,"neow_bonus":"THREE_ENEMY_KILL","is_prod":false,"is_daily":false,"chose_seed":false,"campfire_upgraded":2,"win_rate":0,"timestamp":1551436136,"path_taken":["M","?","$","?","M","E","R","E","T","?","?","?","?","?","R","BOSS"],"build_version":"2019-01-23","purchased_purges":1,"victory":false,"max_hp_per_floor":[80,80,80,80,80,80,80,80,80,80,80,80,80,80,80,80],"card_choices":[{"not_picked":["Warcry","Clash"],"picked":"Heavy Blade","floor":1},{"not_picked":["Anger","Clash"],"picked":"Shrug It Off","floor":5},{"not_picked":["Wild Strike","Rupture"],"picked":"Thunderclap","floor":6},{"not_picked":["Pommel Strike","Clothesline"],"picked":"Exhume","floor":8}],"player_experience":209714,"relics_obtained":[{"floor":6,"key":"Omamori"},{"floor":8,"key":"Dodecahedron"},{"floor":9,"key":"Anchor"}],"event_choices":[{"damage_healed":0,"gold_gain":0,"player_choice":"Got Potions","damage_taken":0,"max_hp_gain":0,"max_hp_loss":0,"event_name":"Lab","floor":2,"gold_loss":0},{"cards_removed":["Strike_R"],"damage_healed":0,"gold_gain":0,"player_choice":"Card Removal","damage_taken":7,"max_hp_gain":0,"max_hp_loss":0,"event_name":"Golden Wing","floor":4,"gold_loss":0},{"damage_healed":20,"gold_gain":0,"player_choice":"Healed and dodged fight","damage_taken":0,"max_hp_gain":0,"max_hp_loss":0,"event_name":"Mushrooms","floor":10,"gold_loss":0,"cards_obtained":["Parasite"]},{"damage_healed":0,"gold_gain":0,"player_choice":"Left Gold","damage_taken":0,"max_hp_gain":0,"max_hp_loss":0,"event_name":"World of Goop","floor":11,"gold_loss":23},{"damage_healed":0,"gold_gain":0,"player_choice":"Success","damage_taken":7,"relics_obtained":["Orichalcum"],"max_hp_gain":0,"max_hp_loss":0,"event_name":"Scrap Ooze","floor":13,"gold_loss":0},{"damage_healed":20,"gold_gain":0,"player_choice":"Healed","damage_taken":0,"max_hp_gain":0,"max_hp_loss":0,"event_name":"The Cleric","floor":14,"gold_loss":35}],"is_beta":false,"boss_relics":[],"items_purged_floors":[3],"is_endless":false,"potions_floor_spawned":[6],"killed_by":"Slime Boss","ascension_level":2}