{"path_per_floor":["M","?","?","?","M","R","E","M","T","R","M","$","R","M","R","B",null,"M","M"],"character_chosen":"IRONCLAD","items_purchased":["Self Forming Clay","True Grit"],"gold_per_floor":[118,196,196,196,216,216,243,257,281,281,295,8,8,18,18,120,120,130,142],"floor_reached":20,"campfire_rested":1,"playtime":1729,"current_hp_per_floor":[80,80,80,80,79,79,62,65,65,65,54,54,81,86,86,30,95,64,34],"items_purged":[],"gold":142,"play_id":"588303ee-af31-48a2-b505-55326922808e","is_prod":false,"is_daily":false,"campfire_rituals":0,"campfire_upgraded":3,"is_hardmode":false,"path_taken":["M","?","?","?","M","R","E","M","T","R","M","$","R","M","R","BOSS","M","M","M"],"build_version":"2017-12-21-PROD1","purchased_purges":0,"victory":false,"master_deck":["Strike_R","Strike_R","Strike_R","Strike_R","Defend_R","Defend_R","Defend_R","Defend_R","Feed","Searing Blow","Shrug It Off","Armaments","Flex","Twin Strike","Feed","Disarm","Pummel","Dropkick","Second Wind","Thunderclap"],"max_hp_per_floor":[80,80,80,80,83,83,87,87,87,87,91,91,91,95,95,95,95,99,99],"relics":["Burning Blood","Kunai","Blood Vial","Self Forming Clay","Astrolabe"],"campfire_meditates":0,"card_choices":[{"not_picked":["Corruption","Second Wind"],"picked":"Feed"},{"not_picked":["Fire Breathing","Cleave"],"picked":"Shrug It Off"},{"not_picked":["Intimidate","Dropkick"],"picked":"True Grit"},{"not_picked":["Thunderclap","Power Through"],"picked":"Armaments"},{"not_picked":["Sever Soul","Heavy Blade"],"picked":"Flex"},{"not_picked":["Anger","Burning Pact"],"picked":"Twin Strike"},{"not_picked":["Demon Form","Brutality"],"picked":"Feed"},{"not_picked":["Spot Weakness","Body Slam"],"picked":"Second Wind"},{"not_picked":["Uppercut","Infernal Blade"],"picked":"Thunderclap"}],"player_experience":20393,"potions_floor_usage":[7,7,16],"damage_taken":[{"damage":6,"enemies":"Cultist","floor":1,"turns":3},{"damage":10,"enemies":"Looter","floor":5,"turns":2},{"damage":27,"enemies":"3 Sentries","floor":7,"turns":11},{"damage":3,"enemies":"Jaw Worm","floor":8,"turns":5},{"damage":23,"enemies":"Red Slaver","floor":11,"turns":7},{"damage":7,"enemies":"2 Fungi Beasts","floor":14,"turns":6},{"damage":64,"enemies":"Hexaghost","floor":16,"turns":16},{"damage":41,"enemies":"Shell Parasite","floor":18,"turns":7},{"damage":38,"enemies":"Spheric Guardian","floor":19,"turns":6},{"damage":36,"enemies":"Centurion and Healer","floor":20,"turns":6}],"event_choices":[{"event_name":"Golden Wing","player_choice":"Gained Gold","floor":2,"damage_taken":0},{"event_name":"Transmorgrifier","player_choice":"Transform","floor":3,"damage_taken":0},{"event_name":"The Cleric","player_choice":"Leave","floor":4,"damage_taken":0}],"boss_relics":[{"not_picked":["Black Blood","Velvet Choker"],"picked":"Astrolabe"}],"potions_floor_spawned":[1,5,7,18],"seed_played":"-3915582997150810559","killed_by":"Centurion and Healer","is_trial":false}