{"gold_per_floor":[114,124,143,161,178,178,206,206,206,218,218,46,75,90,90,166,166,184,202,234,234],"floor_reached":21,"playtime":1210,"items_purged":[],"score":386,"play_id":"cc41222e-6597-42c5-8b12-bd5e753b5045","local_time":"20190215193823","is_ascension_mode":true,"campfire_choices":[{"data":"Sweeping Beam","floor":6,"key":"SMITH"},{"floor":8,"key":"REST"},{"data":"Conserve Battery","floor":11,"key":"SMITH"},{"data":"Hologram","floor":15,"key":"SMITH"}],"neow_cost":"NONE","seed_source_timestamp":11696397634263,"circlet_count":0,"master_deck":["AscendersBane","Strike_B","Strike_B+1","Strike_B+1","Strike_B","Defend_B","Defend_B","Defend_B","Defend_B","Zap","Dualcast","Chill","Sweeping Beam+1","BootSequence","Conserve Battery+1","Gash","Gash","Hologram+1","Electrodynamics","Coolheaded+1","Coolheaded","Echo Form"],"relics":["FrozenCore","NeowsBlessing","Matryoshka","Sundial","Whetstone","Bag of Preparation","Kunai","Red Mask"],"potions_floor_usage":[7,7,13,16,16],"damage_taken":[{"damage":0,"enemies":"2 Louse","floor":1,"turns":1},{"damage":0,"enemies":"Jaw Worm","floor":2,"turns":1},{"damage":0,"enemies":"Small Slimes","floor":3,"turns":1},{"damage":8,"enemies":"Blue Slaver","floor":4,"turns":4},{"damage":11,"enemies":"Exordium Thugs","floor":5,"turns":7},{"damage":16,"enemies":"Lagavulin","floor":7,"turns":7},{"damage":1,"enemies":"Large Slime","floor":10,"turns":5},{"damage":9,"enemies":"Gremlin Nob","floor":13,"turns":3},{"damage":0,"enemies":"2 Fungi Beasts","floor":14,"turns":2},{"damage":17,"enemies":"Hexaghost","floor":16,"turns":11},{"damage":9,"enemies":"Spheric Guardian","floor":18,"turns":8},{"damage":8,"enemies":"Shell Parasite","floor":19,"turns":7},{"damage":32,"enemies":"Masked Bandits","floor":20,"turns":6},{"damage":17,"enemies":"3 Cultists","floor":21,"turns":3}],"seed_played":"-3579908084231156944","potions_obtained":[{"floor":1,"key":"SteroidPotion"},{"floor":4,"key":"GamblersBrew"},{"floor":7,"key":"Block Potion"},{"floor":10,"key":"SteroidPotion"},{"floor":13,"key":"FearPotion"}],"is_trial":false,"path_per_floor":["M","M","M","M","M","R","E","R","T","M","R","$","E","M","R","B",null,"M","M","?","M"],"character_chosen":"DEFECT","items_purchased":["Bag of Preparation"],"campfire_rested":1,"item_purchase_floors":[12],"current_hp_per_floor":[64,64,64,56,45,45,29,50,50,49,49,49,40,40,40,23,59,50,42,10,0],"gold":234,"neow_bonus":"THREE_ENEMY_KILL","is_prod":false,"is_daily":false,"chose_seed":false,"campfire_upgraded":3,"win_rate":0,"timestamp":1550277503,"path_taken":["M","M","M","M","M","R","E","R","T","M","R","$","E","M","R","BOSS","M","M","?","M"],"build_version":"2019-01-23","purchased_purges":0,"victory":false,"max_hp_per_floor":[71,71,71,71,71,71,71,71,71,71,71,71,71,71,71,71,71,71,71,71,71],"card_choices":[{"not_picked":["BootSequence","Barrage"],"picked":"Chill","floor":1},{"not_picked":["Coolheaded","Scrape"],"picked":"Sweeping Beam","floor":2},{"not_picked":["Hologram","Recycle"],"picked":"BootSequence","floor":3},{"not_picked":["Leap","Steam"],"picked":"Conserve Battery","floor":4},{"not_picked":["Storm","Steam"],"picked":"Gash","floor":5},{"not_picked":["Lockon","Coolheaded"],"picked":"Gash","floor":7},{"not_picked":["Stack","Turbo","Steam Power"],"picked":"SKIP","floor":10},{"not_picked":["Consume","Fusion","Amplify"],"picked":"SKIP","floor":13},{"not_picked":["Loop","Rip and Tear"],"picked":"Hologram","floor":14},{"not_picked":["Biased Cognition","Creative AI"],"picked":"Electrodynamics","floor":16},{"not_picked":["Darkness+1","Leap"],"picked":"Coolheaded+1","floor":18},{"not_picked":["Turbo","Gash"],"picked":"Coolheaded","floor":19},{"not_picked":["Steam","Rebound"],"picked":"Echo Form","floor":20}],"player_experience":647789,"relics_obtained":[{"floor":7,"key":"Matryoshka"},{"floor":9,"key":"Sundial"},{"floor":9,"key":"Whetstone"},{"floor":13,"key":"Kunai"},{"floor":20,"key":"Red Mask"}],"event_choices":[{"damage_healed":0,"gold_gain":0,"player_choice":"Fought Bandits","damage_taken":0,"max_hp_gain":0,"max_hp_loss":0,"event_name":"Masked Bandits","floor":20,"gold_loss":0}],"is_beta":false,"boss_relics":[{"not_picked":["Tiny House","Coffee Dripper"],"picked":"FrozenCore"}],"items_purged_floors":[],"is_endless":false,"potions_floor_spawned":[1,4,7,10,13],"killed_by":"3 Cultists","ascension_level":20}