{"gold_per_floor":[110,110,110,124,134,169,169,169,169,169,189,209,209,209,209,310,310,325,342,10,26,26,26,26,51,78,96,96,106,19,29,29,128,128,142,27,27,42,42],"floor_reached":39,"playtime":5204,"items_purged":["Prepared"],"score":401,"play_id":"709ca352-c454-4bf7-abe3-4aff4a332898","local_time":"20190222143046","is_ascension_mode":false,"campfire_choices":[{"data":"Endless Agony","floor":8,"key":"SMITH"},{"data":"Defend_G","floor":10,"key":"SMITH"},{"floor":13,"key":"REST"},{"data":"Slice","floor":15,"key":"SMITH"},{"floor":23,"key":"REST"},{"floor":28,"key":"REST"},{"floor":32,"key":"REST"}],"neow_cost":"NONE","seed_source_timestamp":10153776620109,"circlet_count":0,"master_deck":["Defend_G","Defend_G","Defend_G","Defend_G","Defend_G+1","Strike_G+1","Strike_G","Strike_G","Strike_G","Strike_G+1","Survivor","Neutralize","Endless Agony+1","Terror","Quick Slash","Parasite","Slice+1","Poisoned Stab","Envenom","Footwork","Dagger Spray+1","Backflip","Footwork","Slice","Glass Knife","Dash+1","Malaise+1","A Thousand Cuts+1","Outmaneuver+1","Noxious Fumes","Flying Knee"],"relics":["Ring of the Snake","Pocketwatch","Dodecahedron","Darkstone Periapt","Busted Crown","Lantern","Regal Pillow","Shuriken","Centennial Puzzle","Oddly Smooth Stone","Astrolabe"],"potions_floor_usage":[5,16,16,33,33,33],"damage_taken":[{"damage":0,"enemies":"Small Slimes","floor":1,"turns":5},{"damage":4,"enemies":"2 Louse","floor":4,"turns":2},{"damage":2,"enemies":"Jaw Worm","floor":5,"turns":2},{"damage":37,"enemies":"3 Sentries","floor":6,"turns":11},{"damage":8,"enemies":"Exordium Wildlife","floor":11,"turns":3},{"damage":29,"enemies":"Lots of Slimes","floor":12,"turns":5},{"damage":8,"enemies":"Slime Boss","floor":16,"turns":7},{"damage":10,"enemies":"3 Byrds","floor":18,"turns":5},{"damage":26,"enemies":"2 Thieves","floor":19,"turns":4},{"damage":13,"enemies":"Centurion and Healer","floor":21,"turns":6},{"damage":51,"enemies":"Gremlin Leader","floor":25,"turns":6},{"damage":15,"enemies":"Snake Plant","floor":27,"turns":4},{"damage":7,"enemies":"3 Cultists","floor":29,"turns":4},{"damage":19,"enemies":"Snecko","floor":31,"turns":5},{"damage":39,"enemies":"Automaton","floor":33,"turns":8},{"damage":47,"enemies":"3 Darklings","floor":35,"turns":6},{"damage":26,"enemies":"3 Shapes","floor":38,"turns":4},{"damage":9,"enemies":"Writhing Mass","floor":39,"turns":2}],"seed_played":"-4654854736148820156","potions_obtained":[{"floor":1,"key":"EssenceOfSteel"},{"floor":5,"key":"Fruit Juice"},{"floor":6,"key":"AttackPotion"},{"floor":11,"key":"Swift Potion"},{"floor":21,"key":"FearPotion"},{"floor":25,"key":"GamblersBrew"},{"floor":29,"key":"LiquidBronze"},{"floor":33,"key":"Strength Potion"},{"floor":38,"key":"Strength Potion"}],"is_trial":false,"path_per_floor":["M","?","?","M","M","E","?","R","T","R","M","M","R","?","R","B",null,"M","M","$","M","?","R","?","E","T","M","R","M","$","M","R","B",null,"M","$","?","M","M"],"character_chosen":"THE_SILENT","items_purchased":["Lantern","Regal Pillow","Backflip","Prepared","Footwork","Noxious Fumes"],"campfire_rested":4,"item_purchase_floors":[20,20,20,30,30,36],"current_hp_per_floor":[77,62,62,58,61,24,44,44,44,44,36,7,31,31,31,23,82,72,46,46,33,33,72,72,21,21,6,45,38,38,19,58,19,82,35,35,35,9,0],"gold":42,"neow_bonus":"TEN_PERCENT_HP_BONUS","is_prod":false,"is_daily":false,"chose_seed":false,"campfire_upgraded":3,"win_rate":0.0,"timestamp":1550842246,"path_taken":["M","?","?","M","M","E","?","R","T","R","M","M","R","?","R","BOSS","M","M","$","M","?","R","?","E","T","M","R","M","?","M","R","BOSS","M","$","?","?","M"],"build_version":"2019-01-23","purchased_purges":1,"victory":false,"max_hp_per_floor":[77,77,77,77,82,82,82,82,82,82,82,82,82,82,82,82,82,82,82,82,82,82,82,82,82,82,82,82,82,82,82,82,82,82,82,82,82,82,82],"card_choices":[{"not_picked":["Expertise","Acrobatics"],"picked":"Endless Agony","floor":1},{"not_picked":["Bouncing Flask","Riddle With Holes"],"picked":"Terror","floor":4},{"not_picked":["PiercingWail","Flechettes"],"picked":"Quick Slash","floor":5},{"not_picked":["Blade Dance","Unload"],"picked":"Underhanded Strike","floor":6},{"not_picked":["Quick Slash","Dodge and Roll"],"picked":"Slice","floor":11},{"not_picked":["PiercingWail","Catalyst"],"picked":"Poisoned Stab","floor":12},{"not_picked":["Night Terror","Phantasmal Killer"],"picked":"Envenom","floor":16},{"not_picked":[],"picked":"Footwork","floor":18},{"not_picked":[],"picked":"Dagger Spray+1","floor":19},{"not_picked":["Bane"],"picked":"SKIP","floor":21},{"not_picked":[],"picked":"Dodge and Roll","floor":25},{"not_picked":[],"picked":"Deflect","floor":27},{"not_picked":["Blade Dance"],"picked":"SKIP","floor":29},{"not_picked":[],"picked":"Slice","floor":31},{"not_picked":[],"picked":"Glass Knife","floor":33},{"not_picked":[],"picked":"Outmaneuver+1","floor":35},{"not_picked":[],"picked":"Flying Knee","floor":38}],"player_experience":34785,"relics_obtained":[{"floor":6,"key":"Dodecahedron"},{"floor":9,"key":"Darkstone Periapt"},{"floor":25,"key":"Centennial Puzzle"},{"floor":26,"key":"Oddly Smooth Stone"}],"event_choices":[{"damage_healed":0,"gold_gain":0,"player_choice":"Entered Light","damage_taken":15,"max_hp_gain":0,"max_hp_loss":0,"event_name":"Shining Light","floor":2,"gold_loss":0,"cards_upgraded":["Strike_G","Strike_G"]},{"damage_healed":0,"gold_gain":0,"player_choice":"Box","damage_taken":0,"relics_obtained":["Pocketwatch"],"max_hp_gain":0,"max_hp_loss":0,"event_name":"Big Fish","floor":3,"gold_loss":0,"cards_obtained":["Regret"]},{"damage_healed":20,"gold_gain":0,"player_choice":"Healed and dodged fight","damage_taken":0,"max_hp_gain":0,"max_hp_loss":0,"event_name":"Mushrooms","floor":7,"gold_loss":0,"cards_obtained":["Parasite"]},{"cards_removed":["Regret"],"damage_healed":0,"gold_gain":0,"player_choice":"Forget","damage_taken":0,"max_hp_gain":0,"max_hp_loss":0,"event_name":"Living Wall","floor":14,"gold_loss":0},{"damage_healed":0,"gold_gain":0,"player_choice":"Ignored","damage_taken":0,"max_hp_gain":0,"max_hp_loss":0,"event_name":"Beggar","floor":22,"gold_loss":0},{"damage_healed":0,"gold_gain":0,"player_choice":"Opened","damage_taken":0,"relics_obtained":["Shuriken"],"max_hp_gain":0,"max_hp_loss":0,"event_name":"The Mausoleum","floor":24,"gold_loss":0},{"damage_healed":0,"gold_gain":0,"player_choice":"Ignored","damage_taken":0,"max_hp_gain":0,"max_hp_loss":0,"event_name":"SecretPortal","floor":37,"gold_loss":0}],"is_beta":false,"boss_relics":[{"not_picked":["Eternal Feather","Ring of the Serpent"],"picked":"Busted Crown"},{"not_picked":["Empty Cage","Coffee Dripper"],"picked":"Astrolabe"}],"items_purged_floors":[36],"is_endless":false,"potions_floor_spawned":[1,5,6,11,21,25,29,33,38],"killed_by":"Writhing Mass","ascension_level":0}