{"path_per_floor":["M","$","?","M","M","E","R","M","T","$","M","M","E","M","R","B",null,"M","$","M","M","?","E","R","M","T","T","R","M","T","M","R","B",null,"M","?","M","?","T","E","R","M","T","$"],"character_chosen":"IRONCLAD","items_purchased":["Rampage","Apotheosis","Sadistic Nature","Clothesline","Metallicize","Ornamental Fan"],"gold_per_floor":[111,30,130,141,154,186,186,202,202,7,20,39,97,117,117,220,220,230,9,27,42,42,74,74,93,140,140,140,156,156,168,168,268,268,286,286,304,304,329,363,363,376,376,63],"floor_reached":45,"campfire_rested":3,"playtime":3711,"current_hp_per_floor":[71,71,71,68,68,73,73,65,65,65,65,63,63,69,69,33,80,80,80,80,80,80,64,80,73,73,73,73,72,72,68,80,60,80,74,64,51,51,51,27,51,47,47,47],"items_purged":[],"gold":63,"play_id":"f5cf41a5-8779-449b-88b3-2c3f4d4426ad","is_prod":false,"is_daily":false,"campfire_rituals":0,"campfire_upgraded":3,"is_hardmode":false,"path_taken":["M","$","?","M","M","E","R","M","T","$","M","M","E","M","R","BOSS","M","$","M","M","?","E","R","?","T","?","R","?","?","M","R","BOSS","M","?","M","?","?","E","R","M","T","$","?"],"build_version":"2017-12-21-PROD1","purchased_purges":0,"victory":false,"master_deck":["Strike_R","Strike_R","Strike_R","Strike_R","Defend_R","Defend_R","Defend_R","Defend_R","Bash","Corruption","Armaments","Rampage","Feel No Pain","Shrug It Off","Disarm","Headbutt","Apotheosis","Dropkick","Searing Blow","Shockwave","Seeing Red","Double Tap","Shrug It Off","Sadistic Nature","Clothesline","Thunderclap","Searing Blow","Iron Wave","Sword Boomerang","Dual Wield","Thunderclap","Pummel","Rampage","Clothesline","Dark Embrace","Sever Soul","Madness","Madness","Burning Pact","Intimidate","Feel No Pain","Flame Barrier","Shockwave","Metallicize"],"max_hp_per_floor":[80,80,80,80,80,80,80,80,80,80,80,80,80,80,80,80,80,80,80,80,80,80,80,80,80,80,80,80,80,80,80,80,80,80,80,80,80,80,80,80,80,80,80,80],"relics":["Burning Blood","Prayer Wheel","Mercury Hourglass","Tiny Chest","Velvet Choker","Toolbox","Toxic Egg","Thread and Needle","Self Forming Clay","Philosopher\u0027s Stone","Bag of Preparation","Anchor","Red Skull","Ornamental Fan"],"campfire_meditates":0,"card_choices":[{"not_picked":["Twin Strike","Iron Wave"],"picked":"Armaments"},{"not_picked":["Hemokinesis","Flame Barrier"],"picked":"Feel No Pain"},{"not_picked":["Brutality","Wild Strike"],"picked":"Shrug It Off"},{"not_picked":["Heavy Blade","Bloodletting"],"picked":"Disarm"},{"not_picked":["Second Wind","Inflame"],"picked":"Infernal Blade"},{"not_picked":["Power Through","Perfected Strike"],"picked":"Headbutt"},{"not_picked":["Shrug It Off","Wild Strike"],"picked":"Dropkick"},{"not_picked":["Corruption","Anger"],"picked":"Searing Blow"},{"not_picked":["Iron Wave","Disarm"],"picked":"Shockwave"},{"not_picked":["Wild Strike","Limit Break"],"picked":"Seeing Red"},{"not_picked":["Brutality","Offering"],"picked":"Double Tap"},{"not_picked":["Sword Boomerang","Feel No Pain"],"picked":"Shrug It Off"},{"not_picked":["Inflame","Iron Wave"],"picked":"Thunderclap"},{"not_picked":["Combust","Whirlwind"],"picked":"Searing Blow"},{"not_picked":["Heavy Blade","Anger"],"picked":"Iron Wave"},{"not_picked":["Sever Soul","Anger"],"picked":"Sword Boomerang"},{"not_picked":["Clash","Sword Boomerang"],"picked":"Dual Wield"},{"not_picked":["Iron Wave","Brutality"],"picked":"Thunderclap"},{"not_picked":["Sword Boomerang","Warcry"],"picked":"Pummel"},{"not_picked":["Pommel Strike","Anger"],"picked":"Rampage"},{"not_picked":["Anger","Searing Blow"],"picked":"Clothesline"},{"not_picked":["Impervious","Reaper"],"picked":"Dark Embrace"},{"not_picked":["Headbutt","Perfected Strike"],"picked":"Sever Soul"},{"not_picked":["Corruption","Body Slam"],"picked":"Burning Pact"},{"not_picked":["Flex","Bloodletting"],"picked":"Intimidate"},{"not_picked":["Body Slam","Headbutt"],"picked":"Feel No Pain"},{"not_picked":["Body Slam","Double Tap"],"picked":"Flame Barrier"},{"not_picked":["Feel No Pain","Shrug It Off"],"picked":"Shockwave"}],"player_experience":16728,"potions_floor_usage":[],"damage_taken":[{"damage":15,"enemies":"Looter","floor":1,"turns":3},{"damage":9,"enemies":"Blue Slaver","floor":4,"turns":4},{"damage":6,"enemies":"Jaw Worm","floor":5,"turns":5},{"damage":1,"enemies":"Gremlin Nob","floor":6,"turns":5},{"damage":14,"enemies":"Exordium Wildlife","floor":8,"turns":5},{"damage":6,"enemies":"Exordium Thugs","floor":11,"turns":3},{"damage":8,"enemies":"Red Slaver","floor":12,"turns":5},{"damage":6,"enemies":"Lagavulin","floor":13,"turns":6},{"damage":0,"enemies":"2 Fungi Beasts","floor":14,"turns":3},{"damage":42,"enemies":"Slime Boss","floor":16,"turns":9},{"damage":4,"enemies":"Shell Parasite","floor":18,"turns":5},{"damage":0,"enemies":"Chosen","floor":20,"turns":3},{"damage":4,"enemies":"Snecko","floor":21,"turns":5},{"damage":22,"enemies":"Gremlin Leader","floor":23,"turns":4},{"damage":13,"enemies":"Centurion and Healer","floor":25,"turns":4},{"damage":7,"enemies":"Snake Plant","floor":29,"turns":4},{"damage":10,"enemies":"Snecko","floor":31,"turns":5},{"damage":26,"enemies":"Collector","floor":33,"turns":9},{"damage":12,"enemies":"Orb Walker","floor":35,"turns":3},{"damage":19,"enemies":"3 Darklings","floor":37,"turns":5},{"damage":30,"enemies":"Nemesis","floor":40,"turns":7},{"damage":10,"enemies":"Maw","floor":42,"turns":8},{"damage":53,"enemies":"4 Shapes","floor":45,"turns":4}],"event_choices":[{"event_name":"Wheel of Change","player_choice":"Gold","floor":3,"damage_taken":0},{"event_name":"Back to Basics","player_choice":"Simplicity","floor":22,"damage_taken":0},{"event_name":"Winding Halls","player_choice":"Embrace Madness","floor":36,"damage_taken":0}],"boss_relics":[{"not_picked":["White Beast Statue","Calling Bell"],"picked":"Velvet Choker"},{"not_picked":["Runic Cube","Snecko Eye"],"picked":"Philosopher\u0027s Stone"}],"potions_floor_spawned":[8,11,12,13,16,18,23,25,35],"seed_played":"-7646036860583355498","killed_by":"4 Shapes","is_trial":false}