{"gold_per_floor":[17,17,31,49,14,50,50,50,50,94,119,144,180,180,180,300,300,315,315,335,360,360,699,699,718,718,718,489,489,525,550,550,674,674,697,697,251,275,299,332,332,357,357,373,398,433,448,168,168,168],"floor_reached":51,"playtime":4261,"items_purged":["Slimebound:Strike_Slimebound","Slimebound:Defend_Slimebound"],"score":794,"play_id":"4316a6b7-e812-4d9e-bda7-5367b21f9299","local_time":"20190304085237","is_ascension_mode":false,"campfire_choices":[{"data":"Slimebound:CorrosiveSpit","floor":8.0,"key":"SMITH"},{"floor":15.0,"key":"REST"},{"data":"Slimebound:Split","floor":24.0,"key":"SMITH"},{"data":"Slimebound:CheckThePlaybook","floor":27.0,"key":"SMITH"},{"data":"Slimebound:SpikyOuterGoop","floor":32.0,"key":"SMITH"},{"floor":41,"key":"REST"},{"floor":49,"key":"REST"}],"neow_cost":"NO_GOLD","seed_source_timestamp":0,"circlet_count":0,"master_deck":["Slimebound:Defend_Slimebound","Slimebound:Defend_Slimebound","Slimebound:Defend_Slimebound","Slimebound:Split+1","Slimebound:CorrosiveSpit+1","Slimebound:ViciousTackle","Slimebound:FinishingTackle","Slimebound:VenomTackle","Slimebound:SlimeTap","Slimebound:SpikyOuterGoop+1","Slimebound:Lick","Slimebound:SplitLeeching","Slimebound:SplitMire","Slimebound:CheckThePlaybook+1","Slimebound:SplitMire+1","Slimebound:PoisonLick","Slimebound:GoopSpray","Slimebound:MinionMaster","Slimebound:RainOfGoop","Slimebound:Gluttony+1","Slimebound:MegaLick","Slimebound:DuplicatedForm+1","Slimebound:Lick","Slimebound:PrepareCrush","Slimebound:SplitMire+1","Slimebound:LivingWall","Slimebound:SelfFormingGoo+1","Slimebound:ServeAndProtect","Slimebound:GoopTackle+1","Slimebound:LevelUp+1","Slimebound:AcidGelatin+1","Slimebound:Grow+1","Slimebound:Equalize","Slimebound:Gluttony+1","Slimebound:SamplingLick"],"special_seed":0,"relics":["Slimebound:AbsorbEndCombat","Golden Idol","Pear","Bronze Scales","Happy Flower","Centennial Puzzle","Slimebound:StudyCardRelic","Old Coin","Frozen Egg 2","Regal Pillow","Fusion Hammer","Strange Spoon","Mummified Hand","Letter Opener","Bag of Preparation","Membership Card"],"potions_floor_usage":[39,39,46,50,50,50],"damage_taken":[{"damage":16.0,"enemies":"Jaw Worm","floor":1.0,"turns":3.0},{"damage":12.0,"enemies":"2 Louse","floor":3.0,"turns":3.0},{"damage":9.0,"enemies":"Small Slimes","floor":4.0,"turns":3.0},{"damage":29.0,"enemies":"3 Sentries","floor":6.0,"turns":5.0},{"damage":37.0,"enemies":"Lagavulin","floor":10.0,"turns":5.0},{"damage":19.0,"enemies":"Blue Slaver","floor":11.0,"turns":3.0},{"damage":14.0,"enemies":"Large Slime","floor":12.0,"turns":5.0},{"damage":32.0,"enemies":"Gremlin Nob","floor":13.0,"turns":3.0},{"damage":39.0,"enemies":"Hexaghost","floor":16.0,"turns":7.0},{"damage":29.0,"enemies":"Chosen","floor":18.0,"turns":3.0},{"damage":24.0,"enemies":"3 Byrds","floor":20.0,"turns":3.0},{"damage":30.0,"enemies":"Snecko","floor":21.0,"turns":3.0},{"damage":32.0,"enemies":"Book of Stabbing","floor":23.0,"turns":4.0},{"damage":25.0,"enemies":"Snake Plant","floor":25.0,"turns":3.0},{"damage":17.0,"enemies":"Slavers","floor":30.0,"turns":4.0},{"damage":20.0,"enemies":"Centurion and Healer","floor":31.0,"turns":3.0},{"damage":32.0,"enemies":"Automaton","floor":33.0,"turns":6.0},{"damage":25.0,"enemies":"3 Darklings","floor":35.0,"turns":4.0},{"damage":23,"enemies":"3 Shapes","floor":38,"turns":3},{"damage":70,"enemies":"Transient","floor":39,"turns":5},{"damage":65,"enemies":"Giant Head","floor":40,"turns":7},{"damage":56,"enemies":"4 Shapes","floor":42,"turns":4},{"damage":25,"enemies":"Sphere and 2 Shapes","floor":44,"turns":3},{"damage":37,"enemies":"Maw","floor":45,"turns":5},{"damage":40,"enemies":"Reptomancer","floor":46,"turns":4},{"damage":15,"enemies":"3 Darklings","floor":47,"turns":3},{"damage":71,"enemies":"Awakened One","floor":50,"turns":7}],"seed_played":"-4178565769316168015","potions_obtained":[{"floor":4.0,"key":"SkillPotion"},{"floor":10.0,"key":"Strength Potion"},{"floor":11.0,"key":"Fire Potion"},{"floor":20.0,"key":"Explosive Potion"},{"floor":25.0,"key":"SteroidPotion"},{"floor":38,"key":"Weak Potion"},{"floor":40,"key":"Weak Potion"},{"floor":42,"key":"Energy Potion"},{"floor":47,"key":"Slimebound:SlimedPotion"}],"is_trial":false,"path_per_floor":["M","?","M","M","?","E","?","R","T","E","M","M","E","?","R","B",null,"M","?","M","M","?","E","R","M","T","R","$","?","E","M","R","B",null,"M","?","$","M","M","E","R","M","T","M","M","E","M","$","R","B",null],"character_chosen":"SLIMEBOUND","items_purchased":["Slimebound:Gluttony+1","Slimebound:MegaLick","Slimebound:LivingWall","Slimebound:SelfFormingGoo+1","Strange Spoon","Membership Card","Slimebound:Equalize","Slimebound:Gluttony+1","Slimebound:SamplingLick"],"campfire_rested":3,"item_purchase_floors":[28,28,37,37,37,48,48,48,48],"current_hp_per_floor":[74,53,47,47,68,67,67,67,67,54,44,45,25,18,46,40,94,92,73,70,63,96,76,76,75,75,75,75,75,82,83,83,99,99,99,99,99,91,63,40,84,55,55,54,59,39,44,44,88,93],"gold":168,"neow_bonus":"TWENTY_PERCENT_HP_BONUS","is_prod":false,"is_daily":false,"chose_seed":false,"campfire_upgraded":4,"win_rate":0.0,"timestamp":1551685957,"path_taken":["M","?","M","M","?","E","?","R","T","E","M","M","E","?","R","BOSS","M","?","M","M","?","E","R","M","T","R","$","?","E","?","R","BOSS","M","?","$","M","M","E","R","M","T","M","?","E","M","$","R","BOSS"],"build_version":"2019-01-23","purchased_purges":2,"victory":true,"max_hp_per_floor":[84,84,84,84,84,94,94,94,94,94,94,94,94,94,94,94,94,94,99,99,99,99,99,99,99,99,99,99,99,99,99,99,99,99,99,99,99,99,99,99,99,99,99,99,99,99,99,99,99,99],"card_choices":[{"not_picked":["Slimebound:TongueLash","Slimebound:LeechingTouch"],"picked":"Slimebound:ViciousTackle","floor":1.0},{"not_picked":["Slimebound:SelfFormingGoo","Slimebound:ItLooksTasty"],"picked":"Slimebound:FinishingTackle","floor":3.0},{"not_picked":["Slimebound:SplitBruiser","Slimebound:ComboTackle"],"picked":"Slimebound:VenomTackle","floor":4.0},{"not_picked":["Slimebound:GoopTackle","Slimebound:RejuvenatingLick"],"picked":"Slimebound:SlimeTap","floor":6.0},{"not_picked":["Slimebound:FormOfPuddle","Slimebound:ServeAndProtect"],"picked":"Slimebound:SpikyOuterGoop","floor":10.0},{"not_picked":["Slimebound:SplitAcid","Slimebound:GoopTackle"],"picked":"Slimebound:Lick","floor":11.0},{"not_picked":["Slimebound:DuplicatedForm","Slimebound:GrowthPunch"],"picked":"Slimebound:SplitLeeching","floor":12.0},{"not_picked":["Slimebound:GrowthPunch","Slimebound:HauntingLick"],"picked":"Slimebound:SplitMire","floor":13.0},{"not_picked":["Slimebound:OozeBath","Slimebound:AcidTongue"],"picked":"Slimebound:CheckThePlaybook","floor":16.0},{"not_picked":["Slimebound:SplitBruiser+1","Slimebound:SlimeTap"],"picked":"Slimebound:SplitMire+1","floor":18.0},{"not_picked":["Slimebound:DivideAndConquer","Slimebound:SoulSicken"],"picked":"Slimebound:PoisonLick","floor":20.0},{"not_picked":["Slimebound:ServeAndProtect","Slimebound:SplitLeeching+1"],"picked":"Slimebound:GoopSpray","floor":21.0},{"not_picked":["Slimebound:SoulSicken","Slimebound:AcidTongue"],"picked":"Slimebound:MinionMaster","floor":23.0},{"not_picked":["Slimebound:DivideAndConquer","Slimebound:LeechLife"],"picked":"Slimebound:RainOfGoop","floor":25.0},{"not_picked":["Slimebound:SplitMire","Slimebound:GrowthPunch"],"picked":"Slimebound:DuplicatedForm+1","floor":30.0},{"not_picked":["Slimebound:RainOfGoop","Slimebound:SlimeSpikes"],"picked":"Slimebound:Lick","floor":31.0},{"not_picked":["Slimebound:AcidTongue+1","Slimebound:StudyTheSpire+1"],"picked":"Slimebound:PrepareCrush","floor":33.0},{"not_picked":["Slimebound:ComboTackle+1","Slimebound:PressTheAttack+1"],"picked":"Slimebound:SplitMire+1","floor":35.0},{"not_picked":["Slimebound:GrowthPunch+1","Slimebound:ComboTackle"],"picked":"Slimebound:ServeAndProtect","floor":38},{"not_picked":["Slimebound:GrowthPunch+1","Slimebound:RollThrough+1"],"picked":"Slimebound:GoopTackle+1","floor":39},{"not_picked":["Slimebound:LeechingTouch","Slimebound:ItLooksTasty+1"],"picked":"Slimebound:LevelUp+1","floor":40},{"not_picked":["Slimebound:SlimeBrawl","Slimebound:FormOfPuddle+1","Slimebound:SlimeSpikes"],"picked":"SKIP","floor":42},{"not_picked":["Slimebound:FinishingTackle","Slimebound:GrowthPunch+1","Slimebound:GoopSpray"],"picked":"SKIP","floor":44},{"not_picked":["Slimebound:LevelUp+1","Slimebound:LeadByExample+1"],"picked":"Slimebound:AcidGelatin+1","floor":45},{"not_picked":["Slimebound:SamplingLick","Slimebound:VenomTackle+1"],"picked":"Slimebound:Grow+1","floor":46},{"not_picked":["Slimebound:SplitBruiser+1","Slimebound:GoopTackle+1","Slimebound:PressTheAttack"],"picked":"SKIP","floor":47}],"player_experience":337503,"relics_obtained":[{"floor":6.0,"key":"Pear"},{"floor":9.0,"key":"Bronze Scales"},{"floor":10.0,"key":"Happy Flower"},{"floor":13.0,"key":"Centennial Puzzle"},{"floor":23.0,"key":"Old Coin"},{"floor":26.0,"key":"Frozen Egg 2"},{"floor":30.0,"key":"Regal Pillow"},{"floor":40,"key":"Mummified Hand"},{"floor":43,"key":"Letter Opener"},{"floor":46,"key":"Bag of Preparation"}],"event_choices":[{"damage_healed":0.0,"max_hp_gain":0.0,"max_hp_loss":0.0,"gold_gain":0.0,"event_name":"Golden Idol","player_choice":"Take Damage","floor":2.0,"gold_loss":0.0,"damage_taken":21.0,"relics_obtained":["Golden Idol"]},{"damage_healed":21.0,"max_hp_gain":0.0,"max_hp_loss":0.0,"gold_gain":0.0,"event_name":"The Cleric","player_choice":"Healed","floor":5.0,"gold_loss":35.0,"damage_taken":0.0},{"damage_healed":0.0,"max_hp_gain":0.0,"max_hp_loss":0.0,"gold_gain":0.0,"event_name":"Liars Game","player_choice":"Ignored","floor":7.0,"gold_loss":0.0,"damage_taken":0.0},{"cards_removed":["Slimebound:Strike_Slimebound"],"damage_healed":0.0,"max_hp_gain":0.0,"max_hp_loss":0.0,"gold_gain":0.0,"event_name":"Golden Wing","player_choice":"Card Removal","floor":14.0,"gold_loss":0.0,"damage_taken":7.0},{"damage_healed":0.0,"max_hp_gain":5.0,"max_hp_loss":0.0,"gold_gain":0.0,"event_name":"Forgotten Altar","player_choice":"Shed Blood","floor":19.0,"gold_loss":0.0,"damage_taken":24.0},{"damage_healed":33.0,"max_hp_gain":0.0,"max_hp_loss":0.0,"gold_gain":0.0,"event_name":"The Library","player_choice":"Heal","floor":22.0,"gold_loss":0.0,"damage_taken":0.0},{"cards_removed":["Slimebound:Tackle"],"damage_healed":0.0,"max_hp_gain":0.0,"max_hp_loss":0.0,"gold_gain":0.0,"event_name":"Bonfire Elementals","player_choice":"Offered Basic","floor":29.0,"gold_loss":0.0,"damage_taken":0.0},{"cards_removed":["Slimebound:Strike_Slimebound"],"damage_healed":0.0,"max_hp_gain":0.0,"max_hp_loss":0.0,"gold_gain":0.0,"event_name":"Purifier","player_choice":"Purged","floor":36.0,"gold_loss":0.0,"damage_taken":0.0}],"is_beta":false,"boss_relics":[{"not_picked":["Snecko Eye","Eternal Feather"],"picked":"Slimebound:StudyCardRelic"},{"not_picked":["Runic Dome","Busted Crown"],"picked":"Fusion Hammer"}],"items_purged_floors":[28,37],"is_endless":false,"potions_floor_spawned":[4,10,11,20,25,31,38,40,42,47],"ascension_level":0}