{"gold_per_floor":[130,142,134,161,185,197,243,255,267,289,301,388,46,46,46,46],"floor_reached":16,"playtime":395,"items_purged":["Injury"],"score":191,"play_id":"8129003f-958d-455a-807a-d94f7637d0f8","local_time":"20181128222002","is_ascension_mode":true,"campfire_choices":[{"data":"Bash","floor":6.0,"key":"SMITH"},{"data":"Whirlwind","floor":8.0,"key":"SMITH"},{"floor":15.0,"key":"REST"}],"neow_cost":"NONE","seed_source_timestamp":1242226683357875,"circlet_count":0,"master_deck":["AscendersBane","Strike_R","Strike_R","Strike_R","Strike_R","Strike_R","Defend_R","Defend_R","Defend_R","Defend_R","Bash+1","Whirlwind+1","Whirlwind","Shrug It Off","Infernal Blade","Shrug It Off"],"special_seed":0,"relics":["Burning Blood","MawBank","Vajra","Strawberry","Letter Opener","Golden Idol","Matryoshka","Mummified Hand","Potion Belt"],"potions_floor_usage":[16],"damage_taken":[{"damage":4.0,"enemies":"2 Louse","floor":1.0,"turns":4.0},{"damage":2.0,"enemies":"Cultist","floor":4.0,"turns":4.0},{"damage":0.0,"enemies":"Jaw Worm","floor":5.0,"turns":4.0},{"damage":32.0,"enemies":"Gremlin Nob","floor":7.0,"turns":4.0},{"damage":17.0,"enemies":"Red Slaver","floor":10.0,"turns":4.0},{"damage":40,"enemies":"The Guardian","floor":16,"turns":7}],"seed_played":"2429001383990552187","potions_obtained":[{"floor":1.0,"key":"Weak Potion"},{"floor":3.0,"key":"Regen Potion"},{"floor":5.0,"key":"Explosive Potion"}],"is_trial":false,"path_per_floor":["M","?","?","M","M","R","E","R","T","M","?","?","$","T","R","B"],"character_chosen":"IRONCLAD","items_purchased":["Matryoshka"],"campfire_rested":1,"item_purchase_floors":[13],"current_hp_per_floor":[70,25,25,41,47,47,28,28,28,17,17,6,6,6,30,0],"gold":46,"neow_bonus":"RANDOM_COMMON_RELIC","is_prod":false,"is_daily":false,"chose_seed":false,"campfire_upgraded":2,"win_rate":0,"timestamp":1543461602,"path_taken":["M","?","?","?","M","R","E","R","T","M","?","?","$","?","R","BOSS"],"build_version":"2018-11-15","purchased_purges":1,"victory":false,"max_hp_per_floor":[75,75,75,75,75,75,82,82,82,82,82,82,82,82,82,82],"card_choices":[{"not_picked":["Entrench","Flex"],"picked":"Whirlwind","floor":1.0},{"not_picked":["Warcry","Evolve"],"picked":"Whirlwind","floor":4.0},{"not_picked":["Wild Strike","Clash"],"picked":"Shrug It Off","floor":5.0},{"not_picked":["Limit Break","Warcry"],"picked":"Infernal Blade","floor":7.0},{"not_picked":["Sentinel","Wild Strike"],"picked":"Shrug It Off","floor":10.0}],"player_experience":535140,"relics_obtained":[{"floor":7.0,"key":"Strawberry"},{"floor":9.0,"key":"Letter Opener"},{"floor":14.0,"key":"Mummified Hand"},{"floor":14.0,"key":"Potion Belt"}],"event_choices":[{"damage_healed":0.0,"max_hp_gain":0.0,"max_hp_loss":0.0,"gold_gain":0.0,"event_name":"Scrap Ooze","player_choice":"Success","floor":2.0,"gold_loss":0.0,"damage_taken":45.0,"relics_obtained":["Vajra"]},{"damage_healed":0.0,"max_hp_gain":0.0,"max_hp_loss":0.0,"gold_gain":0.0,"event_name":"The Woman in Blue","player_choice":"Bought 1 Potion","floor":3.0,"gold_loss":0.0,"damage_taken":0.0},{"damage_healed":0.0,"max_hp_gain":0.0,"max_hp_loss":0.0,"gold_gain":0.0,"event_name":"Golden Idol","player_choice":"Take Wound","floor":11.0,"gold_loss":0.0,"damage_taken":0.0,"relics_obtained":["Golden Idol"],"cards_obtained":["Injury"]},{"damage_healed":0.0,"max_hp_gain":0.0,"max_hp_loss":0.0,"gold_gain":75.0,"event_name":"World of Goop","player_choice":"Gather Gold","floor":12.0,"gold_loss":0.0,"damage_taken":11.0}],"is_beta":false,"boss_relics":[],"items_purged_floors":[13],"is_endless":false,"potions_floor_spawned":[1,5],"killed_by":"The Guardian","ascension_level":19}