{"path_per_floor":["M","M","$","?","M","R","E","?","T","?","M","R","M","$","R","B",null,"M","$","M","?","?","R"],"character_chosen":"THE_SILENT","items_purchased":["Infinite Blades","Dagger Spray","Lee\u0027s Waffle","Cloak And Dagger","Backflip"],"gold_per_floor":[116,127,10,10,20,20,46,121,121,174,188,188,203,7,7,104,104,119,19,33,33,33,33],"floor_reached":24,"campfire_rested":2,"playtime":1516,"current_hp_per_floor":[67,63,63,63,63,63,31,20,20,20,9,30,20,77,77,19,77,47,47,18,43,34,58],"items_purged":[],"gold":33,"play_id":"26d9dff0-9058-4a30-ada2-598a5acb5d60","is_prod":false,"is_daily":false,"campfire_rituals":0,"campfire_upgraded":2,"is_hardmode":false,"path_taken":["M","M","$","?","M","R","E","?","T","?","M","R","M","?","R","BOSS","M","$","M","?","?","R","E"],"build_version":"2017-12-21-PROD1","purchased_purges":0,"victory":false,"master_deck":["Defend_G","Defend_G","Defend_G","Defend_G","Defend_G","Strike_G","Strike_G","Survivor","Neutralize","Die Die Die","Acrobatics","Cloak And Dagger","Infinite Blades","Dagger Spray","Accuracy","Quick Slash","Predator","Outmaneuver","Envenom","Underhanded Strike","Blade Dance","Deadly Poison","Escape Plan","Cloak And Dagger","Backflip","Cloak And Dagger"],"max_hp_per_floor":[70,70,70,70,70,70,70,70,70,70,70,70,70,77,77,77,77,77,77,77,77,82,82],"relics":["Ring of the Snake","Ginger","Blood Vial","Lee\u0027s Waffle","Astrolabe"],"campfire_meditates":0,"card_choices":[{"not_picked":["Flying Knee","Eviscerate"],"picked":"Acrobatics"},{"not_picked":["Flechettes","Choke"],"picked":"Cloak And Dagger"},{"not_picked":["Slice","Deadly Poison"],"picked":"Accuracy"},{"not_picked":["Flying Knee","Outmaneuver"],"picked":"Quick Slash"},{"not_picked":["Acrobatics","Flechettes"],"picked":"Predator"},{"not_picked":["Acrobatics","Masterful Stab"],"picked":"Outmaneuver"},{"not_picked":["Wraith Form","Corpse Explosion"],"picked":"Envenom"},{"not_picked":["Dagger Spray","Underhanded Strike"],"picked":"Escape Plan"},{"not_picked":["Catalyst","Masterful Stab"],"picked":"Cloak And Dagger"}],"player_experience":36602,"potions_floor_usage":[24,24,24],"damage_taken":[{"damage":3,"enemies":"Jaw Worm","floor":1,"turns":2},{"damage":4,"enemies":"Blue Slaver","floor":2,"turns":4},{"damage":0,"enemies":"Cultist","floor":5,"turns":3},{"damage":32,"enemies":"3 Sentries","floor":7,"turns":3},{"damage":13,"enemies":"Exordium Thugs","floor":11,"turns":6},{"damage":12,"enemies":"3 Louse","floor":13,"turns":3},{"damage":58,"enemies":"Slime Boss","floor":16,"turns":9},{"damage":30,"enemies":"2 Thieves","floor":18,"turns":4},{"damage":31,"enemies":"Shell Parasite","floor":20,"turns":6},{"damage":62,"enemies":"Book of Stabbing","floor":24,"turns":6}],"event_choices":[{"event_name":"The Lab","player_choice":"Got Potions","floor":4,"damage_taken":0},{"event_name":"World of Goop","player_choice":"Gather Gold","floor":8,"damage_taken":0},{"event_name":"Golden Wing","player_choice":"Gained Gold","floor":10,"damage_taken":0},{"event_name":"The Library","player_choice":"Heal","floor":21,"damage_taken":0},{"event_name":"Forgotten Altar","player_choice":"Shed Blood","floor":22,"damage_taken":0}],"boss_relics":[{"not_picked":["Snecko Eye","Orrery"],"picked":"Astrolabe"}],"potions_floor_spawned":[7,11,13,16,20],"seed_played":"918702499423162104","killed_by":"Book of Stabbing","is_trial":false}