{"path_per_floor":["M","?","M","?","?","E","M","R","T","M","R","M","M","M","R","B",null],"character_chosen":"DEFECT","items_purchased":[],"gold_per_floor":[116,116,135,85,85,112,130,130,130,148,148,165,176,186,186,281,281,281],"floor_reached":18,"campfire_rested":3,"playtime":1687,"current_hp_per_floor":[63,63,57,57,42,23,20,45,45,37,62,53,57,56,81,51,85,0],"items_purged":[],"gold":281,"score":164,"play_id":"9884ad58-863d-49f8-ac0d-5e02faefb726","local_time":"20180427163617","is_prod":false,"is_daily":false,"chose_seed":false,"is_ascension_mode":false,"campfire_upgraded":0,"timestamp":1524868577,"path_taken":["M","?","M","?","?","E","M","R","T","?","R","M","M","?","R","BOSS","M"],"build_version":"2018-04-26v2","seed_source_timestamp":1386579162239954,"purchased_purges":0,"victory":false,"master_deck":["Strike_B","Strike_B","Strike_B","Defend_B","Defend_B","Defend_B","Defend_B+1","Zap","Dualcast","Allocate","Dark Shackles","Streamline","Undo+1","Heatsinks","Self Repair","White Noise","Reprogram","Hello World","Turbo","Fusion"],"max_hp_per_floor":[75,75,75,75,75,85,85,85,85,85,85,85,85,85,85,85,85,85],"relics":["Cracked Core","Pear","Meat on the Bone","Inserter"],"card_choices":[{"not_picked":["Leap","Go for the Eyes"],"picked":"Allocate","floor":1},{"not_picked":["Axe Kick","Chaos"],"picked":"Undo","floor":3},{"not_picked":["Leap","Meteor Strike"],"picked":"Heatsinks","floor":6},{"not_picked":["Stack","Gash"],"picked":"Self Repair","floor":7},{"not_picked":["Doom and Gloom","Barrage"],"picked":"White Noise","floor":10},{"not_picked":["Sweeping Beam","Stack"],"picked":"Reprogram","floor":12},{"not_picked":["Barrage","Defragment"],"picked":"Hello World","floor":13},{"not_picked":["Beam Cell","Conserve Battery"],"picked":"Turbo","floor":14},{"not_picked":["Rainbow","Fission"],"picked":"Fusion","floor":16}],"player_experience":293354,"potions_floor_usage":[14],"damage_taken":[{"damage":12,"enemies":"Small Slimes","floor":1,"turns":3},{"damage":6,"enemies":"Cultist","floor":3,"turns":4},{"damage":41,"enemies":"3 Sentries","floor":6,"turns":7},{"damage":5,"enemies":"Jaw Worm","floor":7,"turns":4},{"damage":27,"enemies":"Large Slime","floor":10,"turns":6},{"damage":21,"enemies":"3 Louse","floor":12,"turns":4},{"damage":17,"enemies":"Blue Slaver","floor":13,"turns":5},{"damage":21,"enemies":"Exordium Thugs","floor":14,"turns":5},{"damage":71,"enemies":"Hexaghost","floor":16,"turns":15},{"damage":97,"enemies":"Shell Parasite","floor":18,"turns":12}],"event_choices":[{"event_name":"Match and Keep!","player_choice":"2 cards matched","floor":2,"damage_taken":0},{"event_name":"The Cleric","player_choice":"Card Removal","floor":4,"damage_taken":0},{"event_name":"Shining Light","player_choice":"Entered Light","floor":5,"damage_taken":0}],"boss_relics":[{"not_picked":["Eternal Feather","Snecko Eye"],"picked":"Inserter"}],"potions_floor_spawned":[3,12,14],"seed_played":"-2193166427500425429","killed_by":"Shell Parasite","ascension_level":0,"is_trial":false}