{"gold_per_floor":[118,134,134,134,59,59,94,94,174,225,254,279,319,347,359,467,479,502,429,519,481,510,522,567,589,646,674,686,798,1140,1164,1176,1288,1300,1324,1349,831,841,554,554,554,587,612,645,317,317,317,362,362,362],"floor_reached":51,"playtime":2400,"items_purged":["Strike_B","Strike_B","Strike_B","Strike_B"],"score":1239,"play_id":"e48ad986-8b52-4b61-8827-68aa78b32f55","local_time":"20181101202107","is_ascension_mode":true,"campfire_choices":[{"data":"Seek","floor":6,"key":"SMITH"},{"floor":8,"key":"REST"},{"data":"Coolheaded","floor":15,"key":"SMITH"},{"data":"Electrodynamics","floor":23,"key":"SMITH"},{"floor":28,"key":"REST"},{"floor":32,"key":"REST"},{"floor":40,"key":"REST"},{"floor":47,"key":"REST"},{"floor":49,"key":"REST"}],"neow_cost":"NONE","seed_source_timestamp":275935331411890,"circlet_count":0,"master_deck":["Defend_B","Defend_B+1","Defend_B+1","Defend_B","Zap+1","Dualcast","Seek+1","Melter","Self Repair","Gash","Glacier","Gash","Coolheaded+1","Electrodynamics+1","Rebound","FTL+1","Gash+1","Rebound+1","Coolheaded+1","Compile Driver+1","Conserve Battery","Creative AI","Recycle+1","Echo Form","Chill","Gash","All For One","Gash+1","Steam Power","Gash+1"],"relics":["Cracked Core","Letter Opener","Shuriken","MawBank","Mercury Hourglass","White Beast Statue","Regal Pillow","Cables","Anchor","Whetstone","Mango","Symbiotic Virus","Old Coin","Nuclear Battery","Membership Card","Bag of Marbles","Bottled Flame","Medical Kit","Gremlin Horn","Vajra","Juzu Bracelet","Centennial Puzzle","War Paint","DataDisk","FossilizedHelix","Ginger"],"potions_floor_usage":[13,16,16,16,16,16,25,25,29,29,29,33,33,33,35,42,50,50,50],"damage_taken":[{"damage":3,"enemies":"2 Louse","floor":1,"turns":4},{"damage":0,"enemies":"Cultist","floor":2,"turns":3},{"damage":35,"enemies":"3 Sentries","floor":7,"turns":7},{"damage":7,"enemies":"Jaw Worm","floor":11,"turns":2},{"damage":4,"enemies":"Exordium Wildlife","floor":12,"turns":4},{"damage":16,"enemies":"Lagavulin","floor":13,"turns":7},{"damage":0,"enemies":"3 Louse","floor":14,"turns":2},{"damage":0,"enemies":"Slime Boss","floor":16,"turns":6},{"damage":14,"enemies":"3 Byrds","floor":18,"turns":3},{"damage":0,"enemies":"Spheric Guardian","floor":22,"turns":1},{"damage":34,"enemies":"Slavers","floor":24,"turns":2},{"damage":16,"enemies":"Snecko","floor":25,"turns":5},{"damage":6,"enemies":"Centurion and Healer","floor":27,"turns":4},{"damage":12,"enemies":"Colosseum Slavers","floor":29,"turns":2},{"damage":1,"enemies":"Colosseum Nobs","floor":29,"turns":3},{"damage":31,"enemies":"Book of Stabbing","floor":30,"turns":4},{"damage":0,"enemies":"Chosen and Byrds","floor":31,"turns":4},{"damage":51,"enemies":"Champ","floor":33,"turns":9},{"damage":16,"enemies":"3 Darklings","floor":35,"turns":4},{"damage":14,"enemies":"Orb Walker","floor":36,"turns":3},{"damage":2,"enemies":"Sphere and 2 Shapes","floor":38,"turns":3},{"damage":35,"enemies":"Nemesis","floor":42,"turns":7},{"damage":28,"enemies":"Reptomancer","floor":44,"turns":4},{"damage":5,"enemies":"2 Orb Walkers","floor":48,"turns":3},{"damage":34,"enemies":"Awakened One","floor":50,"turns":5}],"seed_played":"-104578640781215967","potions_obtained":[{"floor":2,"key":"Swift Potion"},{"floor":3,"key":"FocusPotion"},{"floor":3,"key":"EntropicBrew"},{"floor":3,"key":"FearPotion"},{"floor":11,"key":"EssenceOfSteel"},{"floor":18,"key":"SpeedPotion"},{"floor":22,"key":"SpeedPotion"},{"floor":24,"key":"Weak Potion"},{"floor":25,"key":"Poison Potion"},{"floor":27,"key":"Dexterity Potion"},{"floor":29,"key":"Fire Potion"},{"floor":30,"key":"Poison Potion"},{"floor":31,"key":"SkillPotion"},{"floor":33,"key":"SkillPotion"},{"floor":35,"key":"PowerPotion"},{"floor":36,"key":"FearPotion"},{"floor":38,"key":"EssenceOfSteel"},{"floor":42,"key":"FearPotion"},{"floor":44,"key":"Energy Potion"},{"floor":48,"key":"GamblersBrew"}],"is_trial":false,"path_per_floor":["M","M","?","?","$","R","E","R","T","T","M","M","E","M","R","B",null,"M","?","T","?","M","R","E","M","T","M","R","?","E","M","R","B",null,"M","M","$","M","$","R","?","E","T","E","$","?","R","?","R","B"],"character_chosen":"DEFECT","items_purchased":["Membership Card","Echo Form","Chill","Bag of Marbles","Bottled Flame","Medical Kit","Gremlin Horn","DataDisk","FossilizedHelix","Steam Power"],"campfire_rested":6,"item_purchase_floors":[37,37,37,37,37,39,39,45,45,45],"current_hp_per_floor":[65,65,65,65,65,65,30,52,52,52,52,55,46,53,53,60,71,57,57,57,57,57,57,30,21,21,22,59,60,29,36,77,33,75,66,59,59,57,57,89,89,61,61,40,40,40,81,76,89,55],"gold":362,"neow_bonus":"ONE_RANDOM_RARE_CARD","is_prod":false,"is_daily":false,"chose_seed":false,"campfire_upgraded":3,"win_rate":0,"timestamp":1541118067,"path_taken":["M","M","?","?","$","R","E","R","T","?","M","?","E","M","R","BOSS","M","?","?","?","M","R","E","M","T","M","R","?","E","M","R","BOSS","M","M","$","M","$","R","?","E","T","E","$","?","R","?","R","BOSS"],"build_version":"2018-10-25v2","purchased_purges":4,"victory":true,"max_hp_per_floor":[75,75,75,75,75,75,75,75,75,75,75,75,75,75,75,75,75,75,75,75,75,75,75,75,75,75,75,75,89,89,89,89,89,89,89,89,89,89,89,89,89,89,89,89,89,89,89,89,89,89],"card_choices":[{"not_picked":["Barrage","Leap"],"picked":"Melter","floor":1},{"not_picked":["Barrage","Capacitor","Steam"],"picked":"SKIP","floor":2},{"not_picked":["Turbo","Scrape"],"picked":"Self Repair","floor":7},{"not_picked":["Capacitor","Force Field"],"picked":"Gash","floor":11},{"not_picked":["Ball Lightning","Aggregate"],"picked":"Glacier","floor":12},{"not_picked":["BootSequence","Storm"],"picked":"Gash","floor":13},{"not_picked":["Consume","Steam"],"picked":"Coolheaded","floor":14},{"not_picked":["Hyperbeam","Fission"],"picked":"Electrodynamics","floor":16},{"not_picked":["Compile Driver","Sunder"],"picked":"Rebound","floor":18},{"not_picked":["Leap+1","Stack"],"picked":"FTL","floor":22},{"not_picked":["Barrage","Genetic Algorithm"],"picked":"Gash","floor":24},{"not_picked":["Hologram+1","Leap"],"picked":"Rebound+1","floor":25},{"not_picked":["Rebound+1","Turbo"],"picked":"Coolheaded+1","floor":27},{"not_picked":["Redo","Blizzard"],"picked":"Compile Driver+1","floor":29},{"not_picked":["Fusion","Sweeping Beam","Sunder"],"picked":"SKIP","floor":30},{"not_picked":["Fusion","Compile Driver"],"picked":"Conserve Battery","floor":31},{"not_picked":["Multi-Cast","Thunder Strike"],"picked":"Creative AI","floor":33},{"not_picked":["Beam Cell+1","Melter"],"picked":"Recycle+1","floor":35},{"not_picked":["Beam Cell","Leap+1","Force Field"],"picked":"SKIP","floor":36},{"not_picked":["Streamline","Compile Driver"],"picked":"Gash","floor":38},{"not_picked":["Cold Snap","Leap"],"picked":"All For One","floor":42},{"not_picked":["Lockon","Static Discharge"],"picked":"Gash+1","floor":44},{"not_picked":["Sweeping Beam+1","Ball Lightning+1"],"picked":"Gash+1","floor":48}],"player_experience":143462,"relics_obtained":[{"floor":7,"key":"Letter Opener"},{"floor":9,"key":"Shuriken"},{"floor":10,"key":"MawBank"},{"floor":13,"key":"Mercury Hourglass"},{"floor":20,"key":"Cables"},{"floor":24,"key":"Anchor"},{"floor":26,"key":"Whetstone"},{"floor":29,"key":"Mango"},{"floor":29,"key":"Symbiotic Virus"},{"floor":30,"key":"Old Coin"},{"floor":41,"key":"Vajra"},{"floor":42,"key":"Juzu Bracelet"},{"floor":43,"key":"Centennial Puzzle"},{"floor":44,"key":"War Paint"},{"floor":48,"key":"Ginger"}],"event_choices":[{"damage_healed":0,"gold_gain":0,"player_choice":"Got Potions","damage_taken":0,"max_hp_gain":0,"max_hp_loss":0,"event_name":"The Lab","floor":3,"gold_loss":0},{"damage_healed":0,"gold_gain":0,"player_choice":"Grow","damage_taken":0,"max_hp_gain":0,"max_hp_loss":0,"event_name":"Living Wall","floor":4,"gold_loss":0,"cards_upgraded":["Zap"]},{"damage_healed":0,"gold_gain":0,"player_choice":"Obtained Relic","damage_taken":0,"relics_obtained":["Regal Pillow"],"max_hp_gain":0,"max_hp_loss":0,"event_name":"Addict","floor":19,"gold_loss":85},{"damage_healed":0,"gold_gain":0,"player_choice":"Bet on Owner","damage_taken":0,"max_hp_gain":0,"max_hp_loss":0,"event_name":"The Joust","floor":21,"gold_loss":50},{"damage_healed":0,"gold_gain":0,"player_choice":"Fight","damage_taken":0,"max_hp_gain":0,"max_hp_loss":0,"event_name":"Colosseum","floor":29,"gold_loss":0},{"damage_healed":0,"gold_gain":0,"player_choice":"Fought Nobs","damage_taken":0,"max_hp_gain":0,"max_hp_loss":0,"event_name":"Colosseum","floor":29,"gold_loss":0},{"damage_healed":0,"gold_gain":0,"player_choice":"Relic","damage_taken":0,"max_hp_gain":0,"max_hp_loss":0,"event_name":"Wheel of Change","floor":41,"gold_loss":0},{"damage_healed":0,"gold_gain":0,"player_choice":"Ignored","damage_taken":0,"max_hp_gain":0,"max_hp_loss":0,"event_name":"The Moai Head","floor":46,"gold_loss":0},{"damage_healed":0,"gold_gain":0,"player_choice":"Fight","damage_taken":0,"max_hp_gain":0,"max_hp_loss":0,"event_name":"Mysterious Sphere","floor":48,"gold_loss":0}],"is_beta":false,"boss_relics":[{"not_picked":["Cursed Key","Runic Pyramid"],"picked":"White Beast Statue"},{"not_picked":["Runic Dome","Sozu"],"picked":"Nuclear Battery"}],"items_purged_floors":[5,37,39,45],"is_endless":false,"potions_floor_spawned":[2,11,18,22,24,25,27,29,29,30,31,33,35,36,38,42,44,48],"ascension_level":9}