{"gold_per_floor":[113,7,7,25,35,35,69,88,159,170,203,203,378,390,390,488,488,502,40,40,40,51,51,69,69,69,87,87,105,105,105,105,105],"floor_reached":33,"playtime":2620,"items_purged":["Strike_R"],"score":282,"play_id":"f872fc92-1573-40cc-a3a1-6a0bddc2b1b9","local_time":"20190201174306","is_ascension_mode":false,"campfire_choices":[{"data":"Body Slam","floor":6.0,"key":"SMITH"},{"floor":15.0,"key":"REST"},{"data":"Body Slam","floor":23.0,"key":"SMITH"},{"data":"Juggernaut","floor":25,"key":"SMITH"},{"data":"Power Through","floor":32,"key":"SMITH"}],"neow_cost":"NONE","seed_source_timestamp":0,"circlet_count":0,"master_deck":["Strike_R","Strike_R","Strike_R","Defend_R","Defend_R","Defend_R","Defend_R","Bash","True Grit","Body Slam+1","Power Through+1","Iron Wave","Shrug It Off","Body Slam+1","Anger+1","Battle Trance","Juggernaut+1","Juggernaut+1","Body Slam+1","Body Slam+1","Clash+1","Bandage Up","Burning Pact","Headbutt+1","Spot Weakness","Clumsy","Second Wind","Cleave+1"],"special_seed":0,"relics":["Burning Blood","Omamori","Girya","Oddly Smooth Stone","Molten Egg 2","Orichalcum","Cursed Key","Tiny Chest","Frozen Egg 2"],"potions_floor_usage":[29,33,33],"damage_taken":[{"damage":1.0,"enemies":"Cultist","floor":1.0,"turns":4.0},{"damage":10.0,"enemies":"Small Slimes","floor":4.0,"turns":5.0},{"damage":4.0,"enemies":"Jaw Worm","floor":5.0,"turns":5.0},{"damage":19.0,"enemies":"Gremlin Nob","floor":7.0,"turns":5.0},{"damage":4.0,"enemies":"Blue Slaver","floor":8.0,"turns":2.0},{"damage":12.0,"enemies":"Large Slime","floor":10.0,"turns":7.0},{"damage":22.0,"enemies":"Lagavulin","floor":11.0,"turns":8.0},{"damage":1.0,"enemies":"Exordium Thugs","floor":14.0,"turns":7.0},{"damage":23.0,"enemies":"Slime Boss","floor":16.0,"turns":14.0},{"damage":0.0,"enemies":"Chosen","floor":18.0,"turns":4.0},{"damage":0.0,"enemies":"Spheric Guardian","floor":22.0,"turns":2.0},{"damage":6.0,"enemies":"Cultist and Chosen","floor":24.0,"turns":4.0},{"damage":15,"enemies":"Snake Plant","floor":27,"turns":3},{"damage":16,"enemies":"Snecko","floor":29,"turns":5},{"damage":76,"enemies":"Automaton","floor":33,"turns":8}],"seed_played":"5684688809787057382","potions_obtained":[{"floor":5.0,"key":"LiquidBronze"},{"floor":8.0,"key":"FearPotion"},{"floor":11.0,"key":"Poison Potion"},{"floor":14.0,"key":"SkillPotion"},{"floor":16.0,"key":"Explosive Potion"},{"floor":22.0,"key":"SteroidPotion"},{"floor":24.0,"key":"Poison Potion"}],"is_trial":false,"path_per_floor":["M","$","?","M","M","R","E","M","T","M","E","?","?","M","R","B",null,"M","$","?","?","M","R","M","R","T","M","?","M","T","T","R","B"],"character_chosen":"IRONCLAD","items_purchased":["True Grit","Body Slam","Body Slam+1","Clash+1","Bandage Up","Burning Pact","Tiny Chest"],"campfire_rested":1,"item_purchase_floors":[2,2,19,19,19,19,19],"current_hp_per_floor":[80,80,80,76,78,78,65,67,67,61,45,38,38,43,67,50,80,80,80,80,80,80,80,80,80,80,71,71,65,65,65,65,0],"gold":105,"neow_bonus":"RANDOM_COMMON_RELIC","is_prod":false,"is_daily":false,"chose_seed":false,"campfire_upgraded":4,"win_rate":0.0,"timestamp":1549003386,"path_taken":["M","?","?","M","M","R","E","M","T","M","E","?","?","?","R","BOSS","M","$","?","?","M","R","M","R","T","?","?","M","?","?","R","BOSS"],"build_version":"2019-01-23","purchased_purges":1,"victory":false,"max_hp_per_floor":[80,80,80,80,80,80,80,80,80,80,80,80,80,80,80,80,80,80,80,80,80,80,80,80,80,80,80,80,80,80,80,80,80],"card_choices":[{"not_picked":["Wild Strike","Perfected Strike","Flex"],"picked":"SKIP","floor":1.0},{"not_picked":["Armaments","Entrench"],"picked":"Power Through","floor":4.0},{"not_picked":["Heavy Blade","Thunderclap"],"picked":"Iron Wave","floor":5.0},{"not_picked":["Reckless Charge","Second Wind"],"picked":"Shrug It Off","floor":7.0},{"not_picked":["Battle Trance","Twin Strike"],"picked":"Body Slam","floor":8.0},{"not_picked":["Seeing Red","Warcry"],"picked":"Anger+1","floor":10.0},{"not_picked":["Warcry","Metallicize"],"picked":"Battle Trance","floor":11.0},{"not_picked":["Body Slam+1","Rampage+1"],"picked":"Juggernaut","floor":14.0},{"not_picked":["Dark Embrace","Bludgeon+1"],"picked":"Juggernaut","floor":16.0},{"not_picked":["Fire Breathing","Flex+1"],"picked":"Body Slam+1","floor":18.0},{"not_picked":["Searing Blow+1","Anger+1"],"picked":"Headbutt+1","floor":22.0},{"not_picked":["Wild Strike+1","Pummel+1"],"picked":"Spot Weakness","floor":24.0},{"not_picked":["Twin Strike+1","Iron Wave+1"],"picked":"Second Wind","floor":27},{"not_picked":["Anger+1","Flex+1"],"picked":"Cleave+1","floor":29}],"player_experience":70422,"relics_obtained":[{"floor":7.0,"key":"Oddly Smooth Stone"},{"floor":9.0,"key":"Molten Egg 2"},{"floor":11.0,"key":"Orichalcum"},{"floor":26,"key":"Frozen Egg 2"}],"event_choices":[{"damage_healed":0.0,"max_hp_gain":0.0,"max_hp_loss":0.0,"gold_gain":0.0,"event_name":"Big Fish","player_choice":"Box","floor":3.0,"gold_loss":0.0,"damage_taken":0.0,"relics_obtained":["Girya"],"cards_obtained":["Regret"]},{"cards_removed":["Strike_R"],"damage_healed":0.0,"max_hp_gain":0.0,"max_hp_loss":0.0,"gold_gain":0.0,"event_name":"Golden Wing","player_choice":"Card Removal","floor":12.0,"gold_loss":0.0,"damage_taken":7.0},{"damage_healed":0.0,"max_hp_gain":0.0,"max_hp_loss":0.0,"gold_gain":175.0,"event_name":"Liars Game","player_choice":"AGREE","floor":13.0,"gold_loss":0.0,"damage_taken":0.0,"cards_obtained":["Doubt"]},{"damage_healed":0.0,"max_hp_gain":0.0,"max_hp_loss":0.0,"gold_gain":0.0,"event_name":"The Mausoleum","player_choice":"Ignored","floor":20.0,"gold_loss":0.0,"damage_taken":0.0},{"damage_healed":0.0,"max_hp_gain":0.0,"max_hp_loss":0.0,"gold_gain":0.0,"event_name":"Upgrade Shrine","player_choice":"Upgraded","floor":21.0,"gold_loss":0.0,"damage_taken":0.0,"cards_upgraded":["Juggernaut"]},{"damage_healed":0,"gold_gain":0,"player_choice":"Ignored","damage_taken":0,"max_hp_gain":0,"max_hp_loss":0,"event_name":"Vampires","floor":28,"gold_loss":0}],"is_beta":false,"boss_relics":[{"not_picked":["Runic Pyramid","Busted Crown"],"picked":"Cursed Key"}],"items_purged_floors":[19],"is_endless":false,"potions_floor_spawned":[5,8,11,14,16,22,24],"killed_by":"Automaton","ascension_level":0}