{"gold_per_floor":[111,129,54,67,86,120,120,136,136,136,147,147,177,206,206,278,278,294,20,40,53,63,63,63,89,89,117,129,141,153,176,188,279,291,316,345,357,384,410,422,434,298,298,14,26,60,60,79,79,79],"floor_reached":51,"playtime":2970,"items_purged":["Strike_B","Strike_B+1"],"score":1224,"play_id":"3dc68e01-0c56-47f1-a807-05a6d2d6899a","local_time":"20181104193352","is_ascension_mode":true,"campfire_choices":[{"data":"Zap","floor":7,"key":"SMITH"},{"floor":10,"key":"REST"},{"floor":15,"key":"REST"},{"data":"Chill","floor":23,"key":"SMITH"},{"data":"Go for the Eyes","floor":24,"key":"SMITH"},{"data":"Dualcast","floor":28,"key":"SMITH"},{"floor":32,"key":"REST"},{"floor":40,"key":"REST"},{"floor":41,"key":"REST"},{"floor":49,"key":"REST"}],"neow_cost":"NONE","seed_source_timestamp":112774903937284,"circlet_count":0,"master_deck":["AscendersBane","Strike_B+1","Strike_B+1","Defend_B+1","Defend_B+1","Defend_B+1","Defend_B+1","Zap+1","Dualcast+1","Go for the Eyes+1","Conserve Battery","Doom and Gloom+1","Genetic Algorithm","Compile Driver+1","Genetic Algorithm","Chill+1","Seek","Self Repair","Coolheaded","Hologram","Electrodynamics+1","Coolheaded+1","Buffer+1","Tempest","Echo Form+1","Capacitor+1","Seek","Fission","Stack+1","Static Discharge+1","Madness","Madness","Electrodynamics+1","Go for the Eyes+1","Loop+1","Echo Form+1"],"relics":["Cracked Core","Bronze Scales","Prayer Wheel","WingedGreaves","Mango","Frozen Egg 2","Sozu","Runic Capacitor","Lantern","MawBank","Lizard Tail","Whetstone","Molten Egg 2","Pen Nib","Ancient Tea Set"],"potions_floor_usage":[6,13,14,16,21],"damage_taken":[{"damage":0,"enemies":"Cultist","floor":1,"turns":3},{"damage":6,"enemies":"Small Slimes","floor":2,"turns":3},{"damage":11,"enemies":"2 Louse","floor":4,"turns":2},{"damage":1,"enemies":"Looter","floor":5,"turns":3},{"damage":8,"enemies":"Lagavulin","floor":6,"turns":6},{"damage":3,"enemies":"2 Fungi Beasts","floor":8,"turns":2},{"damage":5,"enemies":"3 Louse","floor":11,"turns":2},{"damage":19,"enemies":"Gremlin Nob","floor":13,"turns":4},{"damage":21,"enemies":"Lagavulin","floor":14,"turns":7},{"damage":18,"enemies":"Slime Boss","floor":16,"turns":10},{"damage":12,"enemies":"2 Thieves","floor":18,"turns":4},{"damage":0,"enemies":"3 Byrds","floor":20,"turns":2},{"damage":9,"enemies":"Shelled Parasite and Fungi","floor":21,"turns":5},{"damage":9,"enemies":"Centurion and Healer","floor":22,"turns":8},{"damage":6,"enemies":"Gremlin Leader","floor":25,"turns":6},{"damage":32,"enemies":"Snake Plant","floor":27,"turns":5},{"damage":9,"enemies":"Chosen and Byrds","floor":31,"turns":4},{"damage":63,"enemies":"Collector","floor":33,"turns":11},{"damage":8,"enemies":"3 Shapes","floor":35,"turns":2},{"damage":13,"enemies":"3 Darklings","floor":36,"turns":5},{"damage":22,"enemies":"Spire Growth","floor":38,"turns":7},{"damage":18,"enemies":"Transient","floor":39,"turns":5},{"damage":0,"enemies":"Maw","floor":45,"turns":7},{"damage":13,"enemies":"Nemesis","floor":46,"turns":9},{"damage":16,"enemies":"Spire Growth","floor":48,"turns":6},{"damage":46,"enemies":"Time Eater","floor":50,"turns":12}],"seed_played":"2631357688992557776","potions_obtained":[{"floor":4,"key":"Energy Potion"},{"floor":6,"key":"Energy Potion"},{"floor":8,"key":"LiquidBronze"},{"floor":11,"key":"Explosive Potion"},{"floor":14,"key":"Ancient Potion"},{"floor":16,"key":"Block Potion"}],"is_trial":false,"path_per_floor":["M","M","$","M","M","E","R","M","T","R","M","?","E","E","R","B",null,"M","$","M","M","M","R","R","E","T","M","R","?","$","M","R","B",null,"M","M","?","M","M","R","R","$","T","$","M","E","?","M","R","B",null],"character_chosen":"DEFECT","items_purchased":["Genetic Algorithm","Runic Capacitor","Whetstone","Loop+1","Pen Nib"],"campfire_rested":6,"item_purchase_floors":[3,19,42,44,44],"current_hp_per_floor":[64,58,58,47,46,38,38,35,35,56,51,46,48,34,59,48,76,71,71,71,69,67,67,67,68,68,50,50,50,50,41,66,17,68,60,54,39,24,13,38,63,63,63,63,77,78,78,76,85,46],"gold":79,"neow_bonus":"THREE_CARDS","is_prod":false,"is_daily":false,"chose_seed":false,"campfire_upgraded":4,"win_rate":0,"timestamp":1541378032,"path_taken":["M","M","?","M","M","E","R","M","T","R","M","?","E","E","R","BOSS","M","$","M","M","M","R","R","E","T","M","R","?","$","M","R","BOSS","M","M","?","M","M","R","R","$","T","$","M","E","?","M","R","BOSS"],"build_version":"2018-11-01","purchased_purges":2,"victory":true,"max_hp_per_floor":[71,71,71,71,71,71,71,71,71,71,71,71,85,85,85,85,85,85,85,85,85,85,85,85,85,85,85,85,85,85,85,85,85,85,85,85,85,85,85,85,85,85,85,85,85,85,85,85,85,85],"card_choices":[{"not_picked":["Gash","Doom and Gloom"],"picked":"Go for the Eyes","floor":0},{"not_picked":["Force Field","Barrage"],"picked":"Conserve Battery","floor":1},{"not_picked":["Barrage","Steam Power"],"picked":"Doom and Gloom","floor":2},{"not_picked":["Ball Lightning","Steam"],"picked":"Compile Driver","floor":4},{"not_picked":["Sweeping Beam","Heatsinks"],"picked":"Genetic Algorithm","floor":5},{"not_picked":["Compile Driver","Static Discharge"],"picked":"Chill","floor":6},{"not_picked":["Ball Lightning","Go for the Eyes"],"picked":"Seek","floor":8},{"not_picked":["Rebound","Recycle"],"picked":"Self Repair","floor":11},{"not_picked":["Sunder","Sweeping Beam"],"picked":"Coolheaded","floor":11},{"not_picked":["Melter","Ball Lightning","Storm"],"picked":"SKIP","floor":13},{"not_picked":["Redo","Conserve Battery"],"picked":"Hologram","floor":14},{"not_picked":["Meteor Strike","Rainbow"],"picked":"Electrodynamics+1","floor":16},{"not_picked":["Go for the Eyes","Storm+1","Hologram"],"picked":"SKIP","floor":18},{"not_picked":["Coolheaded","Go for the Eyes","Doom and Gloom"],"picked":"SKIP","floor":18},{"not_picked":["Redo","Conserve Battery+1"],"picked":"Coolheaded+1","floor":20},{"not_picked":["Aggregate","Barrage","Reinforced Body"],"picked":"SKIP","floor":20},{"not_picked":["Coolheaded","Steam"],"picked":"Buffer+1","floor":21},{"not_picked":["Recycle","Coolheaded","Hologram"],"picked":"SKIP","floor":21},{"not_picked":["Auto Shields","Gash"],"picked":"Tempest","floor":22},{"not_picked":["Gash+1","Conserve Battery","Consume"],"picked":"SKIP","floor":22},{"not_picked":["White Noise","Reprogram"],"picked":"Echo Form+1","floor":25},{"not_picked":["Hologram","Redo"],"picked":"Capacitor+1","floor":27},{"not_picked":["Barrage","Force Field","Cold Snap+1"],"picked":"SKIP","floor":27},{"not_picked":["Leap","Steam"],"picked":"Seek","floor":31},{"not_picked":["Cold Snap","Barrage","Leap+1"],"picked":"SKIP","floor":31},{"not_picked":["Reboot","Amplify"],"picked":"Fission","floor":33},{"not_picked":["Compile Driver","Rebound"],"picked":"Stack+1","floor":35},{"not_picked":["Compile Driver","Fusion"],"picked":"Static Discharge+1","floor":35},{"not_picked":["Gash","Fusion","Consume"],"picked":"SKIP","floor":36},{"not_picked":["FTL","Steam","Rebound+1"],"picked":"SKIP","floor":36},{"not_picked":["Go for the Eyes","Cold Snap+1"],"picked":"Electrodynamics+1","floor":38},{"not_picked":["Leap","Fusion","Gash+1"],"picked":"SKIP","floor":38},{"not_picked":["Static Discharge+1","Steam"],"picked":"Go for the Eyes+1","floor":39},{"not_picked":["Sweeping Beam","Leap","Beam Cell"],"picked":"SKIP","floor":39},{"not_picked":["Redo","Hologram","Gash+1"],"picked":"SKIP","floor":45},{"not_picked":["Scrape+1","Cold Snap+1","Barrage+1"],"picked":"SKIP","floor":45},{"not_picked":["Steam","Ball Lightning+1"],"picked":"Echo Form+1","floor":46},{"not_picked":["Darkness","Turbo","Beam Cell+1"],"picked":"SKIP","floor":48},{"not_picked":["Compile Driver+1","Go for the Eyes+1","Melter+1"],"picked":"SKIP","floor":48}],"player_experience":197340,"relics_obtained":[{"floor":6,"key":"Bronze Scales"},{"floor":9,"key":"Prayer Wheel"},{"floor":13,"key":"Mango"},{"floor":14,"key":"Frozen Egg 2"},{"floor":25,"key":"Lantern"},{"floor":26,"key":"MawBank"},{"floor":43,"key":"Molten Egg 2"},{"floor":46,"key":"Ancient Tea Set"}],"event_choices":[{"damage_healed":0,"gold_gain":0,"player_choice":"Success","damage_taken":5,"relics_obtained":["WingedGreaves"],"max_hp_gain":0,"max_hp_loss":0,"event_name":"Scrap Ooze","floor":12,"gold_loss":0},{"damage_healed":0,"gold_gain":0,"player_choice":"Simplicity","damage_taken":0,"max_hp_gain":0,"max_hp_loss":0,"event_name":"Back to Basics","floor":29,"gold_loss":0,"cards_upgraded":["Strike_B","Strike_B","Strike_B","Defend_B","Defend_B","Defend_B","Defend_B"]},{"damage_healed":0,"gold_gain":0,"player_choice":"Embrace Madness","damage_taken":15,"max_hp_gain":0,"max_hp_loss":0,"event_name":"Winding Halls","floor":37,"gold_loss":0,"cards_obtained":["Madness","Madness"]},{"damage_healed":0,"gold_gain":0,"player_choice":"Ignored","damage_taken":0,"max_hp_gain":0,"max_hp_loss":0,"event_name":"Mysterious Sphere","floor":47,"gold_loss":0}],"is_beta":false,"boss_relics":[{"not_picked":["Snecko Eye","Empty Cage"],"picked":"Sozu"},{"not_picked":["Runic Dome","White Beast Statue"],"picked":"Lizard Tail"}],"items_purged_floors":[19,44],"is_endless":false,"potions_floor_spawned":[4,6,8,11,14,16,22,25,35,48],"ascension_level":15}