{"gold_per_floor":[117,392,406,422,25,25,25,25,49,78,92,119,119,31,31,108,108,128,148,162,180,180,180,180,180,180,180,198,198,223,237,237,309,309,329,82,0,0],"floor_reached":38,"playtime":1953,"items_purged":["Regret"],"score":829,"play_id":"e5a2dcbb-1d62-4e66-8bce-2c289846044e","local_time":"20190213144924","is_ascension_mode":true,"campfire_choices":[{"data":"Predator","floor":6,"key":"SMITH"},{"data":"Crippling Poison","floor":8,"key":"SMITH"},{"data":"Sucker Punch","floor":13,"key":"SMITH"},{"floor":15,"key":"REST"},{"floor":23,"key":"REST"},{"floor":25,"key":"REST"},{"data":"A Thousand Cuts","floor":27,"key":"SMITH"},{"data":"Cloak And Dagger","floor":29,"key":"SMITH"},{"data":"Footwork","floor":32,"key":"SMITH"}],"neow_cost":"NONE","seed_source_timestamp":701047582530435,"circlet_count":0,"master_deck":["AscendersBane","Defend_G","Defend_G+1","Defend_G","Defend_G","Defend_G","Survivor","Neutralize","Predator+1","Crippling Poison+1","PiercingWail","Sucker Punch+1","Infinite Blades","A Thousand Cuts+1","Flying Knee","Dodge and Roll+1","Deadly Poison","After Image","Footwork+1","Cloak And Dagger+1","Deflect+1","Bite","Bite","Bite","Bite","Bite","A Thousand Cuts","Wraith Form v2","Noxious Fumes+1","Infinite Blades","Bandage Up"],"relics":["Ring of the Snake","Sling","Orichalcum","The Courier","Art of War","Sozu","Thread and Needle","Letter Opener","Eternal Feather","War Paint","Red Mask"],"potions_floor_usage":[10,10,12,12,16],"damage_taken":[{"damage":0,"enemies":"Small Slimes","floor":1,"turns":5},{"damage":3,"enemies":"Cultist","floor":3,"turns":3},{"damage":6,"enemies":"Jaw Worm","floor":4,"turns":5},{"damage":3,"enemies":"Gremlin Nob","floor":10,"turns":3},{"damage":2,"enemies":"2 Fungi Beasts","floor":11,"turns":4},{"damage":22,"enemies":"3 Sentries","floor":12,"turns":7},{"damage":17,"enemies":"The Guardian","floor":16,"turns":10},{"damage":13,"enemies":"Chosen","floor":18,"turns":6},{"damage":9,"enemies":"3 Byrds","floor":19,"turns":6},{"damage":12,"enemies":"Snake Plant","floor":20,"turns":5},{"damage":21,"enemies":"Shelled Parasite and Fungi","floor":21,"turns":8},{"damage":19,"enemies":"3 Cultists","floor":28,"turns":7},{"damage":14,"enemies":"Book of Stabbing","floor":30,"turns":6},{"damage":8,"enemies":"Sentry and Sphere","floor":31,"turns":7},{"damage":31,"enemies":"Collector","floor":33,"turns":11},{"damage":11,"enemies":"3 Shapes","floor":35,"turns":9},{"damage":44,"enemies":"3 Darklings","floor":38,"turns":4}],"seed_played":"-227026535099207160","potions_obtained":[{"floor":0,"key":"Strength Potion"},{"floor":0,"key":"FearPotion"},{"floor":10,"key":"FearPotion"},{"floor":11,"key":"Block Potion"}],"is_trial":false,"path_per_floor":["M","?","M","M","$","R","$","R","T","E","M","E","R","$","R","B",null,"M","M","M","M","?","R","?","R","T","R","M","R","E","M","R","B",null,"M","$","?","M"],"character_chosen":"THE_SILENT","items_purchased":["Sling","Sucker Punch","Infinite Blades","Deadly Poison","Poison Potion","Infinite Blades","War Paint","Bandage Up"],"campfire_rested":3,"item_purchase_floors":[5,5,5,14,14,36,36,36],"current_hp_per_floor":[59,59,56,50,50,50,50,50,50,47,45,23,23,23,42,25,56,43,34,22,1,1,14,14,27,27,27,24,24,20,26,26,11,37,36,36,36,0],"gold":0,"neow_bonus":"THREE_SMALL_POTIONS","is_prod":false,"is_daily":false,"chose_seed":false,"campfire_upgraded":6,"win_rate":0,"timestamp":1550087364,"path_taken":["M","?","M","M","$","R","?","R","T","E","M","E","R","$","R","BOSS","M","?","?","?","?","R","?","R","T","R","M","R","E","M","R","BOSS","M","$","?","M"],"build_version":"2019-01-23","purchased_purges":1,"victory":false,"max_hp_per_floor":[66,66,66,66,66,66,66,66,66,66,66,66,66,66,66,66,66,66,66,66,66,46,46,46,46,46,46,46,46,46,46,46,46,46,46,46,46,46],"card_choices":[{"not_picked":["Setup","Outmaneuver"],"picked":"Predator","floor":1},{"not_picked":["Slice","Dagger Spray"],"picked":"Crippling Poison","floor":3},{"not_picked":["Calculated Gamble","Finisher"],"picked":"PiercingWail","floor":4},{"not_picked":["PiercingWail","Cloak And Dagger"],"picked":"A Thousand Cuts","floor":10},{"not_picked":["Underhanded Strike","Outmaneuver"],"picked":"Flying Knee","floor":11},{"not_picked":["Slice","Deadly Poison"],"picked":"Dodge and Roll","floor":12},{"not_picked":["Glass Knife","Corpse Explosion"],"picked":"After Image","floor":16},{"not_picked":["Reflex","Deflect+1"],"picked":"Footwork","floor":18},{"not_picked":["Concentrate","Quick Slash"],"picked":"Cloak And Dagger","floor":19},{"not_picked":["Dagger Throw","Dash","Expertise"],"picked":"SKIP","floor":20},{"not_picked":["Acrobatics","Distraction"],"picked":"Deflect+1","floor":21},{"not_picked":["Bane","Accuracy","Poisoned Stab"],"picked":"SKIP","floor":28},{"not_picked":["Acrobatics","Grand Finale"],"picked":"A Thousand Cuts","floor":30},{"not_picked":["Flying Knee","Quick Slash","Outmaneuver"],"picked":"SKIP","floor":31},{"not_picked":["Unload","Malaise"],"picked":"Wraith Form v2","floor":33},{"not_picked":["Concentrate+1","Cloak And Dagger"],"picked":"Noxious Fumes+1","floor":35}],"player_experience":641802,"relics_obtained":[{"floor":9,"key":"Orichalcum"},{"floor":10,"key":"The Courier"},{"floor":12,"key":"Art of War"},{"floor":26,"key":"Thread and Needle"},{"floor":30,"key":"Letter Opener"}],"event_choices":[{"damage_healed":0,"gold_gain":275,"player_choice":"Desecrate","damage_taken":0,"max_hp_gain":0,"max_hp_loss":0,"event_name":"Golden Shrine","floor":2,"gold_loss":0,"cards_obtained":["Regret"]},{"damage_healed":0,"gold_gain":0,"player_choice":"Became a vampire","damage_taken":0,"max_hp_gain":0,"max_hp_loss":20,"event_name":"Vampires","floor":22,"gold_loss":0,"cards_obtained":["Bite","Bite","Bite","Bite","Bite"]},{"damage_healed":0,"gold_gain":0,"player_choice":"Ignored","damage_taken":0,"max_hp_gain":0,"max_hp_loss":0,"event_name":"Cursed Tome","floor":24,"gold_loss":0},{"damage_healed":0,"gold_gain":0,"player_choice":"Paid","damage_taken":0,"relics_obtained":["Red Mask"],"max_hp_gain":0,"max_hp_loss":0,"event_name":"Tomb of Lord Red Mask","floor":37,"gold_loss":82}],"is_beta":false,"boss_relics":[{"not_picked":["Busted Crown","White Beast Statue"],"picked":"Sozu"},{"not_picked":["Runic Pyramid","Calling Bell"],"picked":"Eternal Feather"}],"items_purged_floors":[5],"is_endless":false,"potions_floor_spawned":[1,10,11,19,20,21,31,33],"killed_by":"3 Darklings","ascension_level":20}