{"gold_per_floor":[116,133,148,158,169,169,169,29,29,43,71,71,86,103,103,103],"floor_reached":16,"playtime":2101,"items_purged":[],"score":106,"play_id":"ae79ca65-aa5d-43e7-8d11-c9849ca44a17","local_time":"20190104125010","is_ascension_mode":false,"campfire_choices":[{"floor":6,"key":"REST"},{"floor":12,"key":"REST"},{"data":"Seeing Red","floor":15,"key":"SMITH"}],"neow_cost":"","seed_source_timestamp":1225504291783000,"circlet_count":0,"master_deck":["Strike_R","Strike_R","Strike_R","Strike_R","Strike_R","Defend_R","Defend_R","Defend_R","Defend_R","Bash","Iron Wave","Searing Blow","Power Through","Perfected Strike","Cleave","True Grit","Carnage","Shrug It Off","Second Wind","Seeing Red+1","Clash","Pommel Strike"],"relics":["Burning Blood","Dodecahedron","Kunai"],"potions_floor_usage":[4,16],"damage_taken":[{"damage":5,"enemies":"Cultist","floor":1,"turns":4},{"damage":3,"enemies":"Jaw Worm","floor":2,"turns":4},{"damage":2,"enemies":"Small Slimes","floor":3,"turns":5},{"damage":13,"enemies":"3 Louse","floor":4,"turns":6},{"damage":10,"enemies":"Looter","floor":5,"turns":3},{"damage":13,"enemies":"Large Slime","floor":10,"turns":5},{"damage":32,"enemies":"Lagavulin","floor":11,"turns":8},{"damage":25,"enemies":"Exordium Thugs","floor":13,"turns":5},{"damage":5,"enemies":"Blue Slaver","floor":14,"turns":3},{"damage":61,"enemies":"The Guardian","floor":16,"turns":10}],"seed_played":"-2923519957832917683","potions_obtained":[{"floor":3,"key":"Energy Potion"},{"floor":10,"key":"Poison Potion"},{"floor":11,"key":"Swift Potion"},{"floor":14,"key":"SkillPotion"}],"is_trial":false,"path_per_floor":["M","M","M","M","M","R","?","$","T","M","E","R","M","M","R","B"],"character_chosen":"IRONCLAD","items_purchased":["True Grit","Carnage","Shrug It Off"],"campfire_rested":2,"item_purchase_floors":[8,8,8],"current_hp_per_floor":[80,80,80,73,69,80,85,85,85,78,52,77,58,59,59,0],"gold":103,"neow_bonus":"","is_prod":false,"is_daily":false,"chose_seed":false,"campfire_upgraded":1,"win_rate":0.0,"timestamp":1546566610,"path_taken":["M","M","M","?","M","R","?","$","T","M","E","R","M","M","R","BOSS"],"build_version":"2018-12-20","purchased_purges":0,"victory":false,"max_hp_per_floor":[80,80,80,80,80,80,85,85,85,85,85,85,85,85,85,85],"card_choices":[{"not_picked":["Sword Boomerang","Entrench"],"picked":"Iron Wave","floor":1},{"not_picked":["Thunderclap","Twin Strike"],"picked":"Searing Blow","floor":2},{"not_picked":["Body Slam","Corruption"],"picked":"Power Through","floor":3},{"not_picked":["Power Through","Sword Boomerang"],"picked":"Perfected Strike","floor":4},{"not_picked":["Iron Wave","Flex"],"picked":"Cleave","floor":5},{"not_picked":["Impervious","Perfected Strike"],"picked":"Second Wind","floor":10},{"not_picked":["Anger","Rupture"],"picked":"Seeing Red","floor":11},{"not_picked":["Perfected Strike","Shrug It Off"],"picked":"Clash","floor":13},{"not_picked":["Thunderclap","Sever Soul"],"picked":"Pommel Strike","floor":14}],"player_experience":0,"relics_obtained":[{"floor":9,"key":"Dodecahedron"},{"floor":11,"key":"Kunai"}],"event_choices":[{"damage_healed":0,"gold_gain":0,"player_choice":"Donut","damage_taken":0,"max_hp_gain":5,"max_hp_loss":0,"event_name":"Big Fish","floor":7,"gold_loss":0}],"is_beta":false,"boss_relics":[],"items_purged_floors":[],"is_endless":false,"potions_floor_spawned":[3,10,11,14],"killed_by":"The Guardian","ascension_level":0}