{"path_per_floor":["M","M","M","$","?","R","E","R","T","E","M","M","?","M","R","B",null,"M","$","?","?","$","R","M","?","T","M","?","R","?","M","R"],"character_chosen":"THE_SILENT","items_purchased":["Deadly Poison","Juzu Bracelet","Thread and Needle","Catalyst"],"gold_per_floor":[214,225,236,35,35,35,69,69,142,168,187,205,205,225,225,323,323,342,0,0,0,0,0,15,15,39,55,55,55,55,72,72,72],"floor_reached":33,"campfire_rested":5,"playtime":1215,"current_hp_per_floor":[70,63,63,63,68,68,50,72,72,47,33,27,27,18,40,7,75,46,46,46,30,30,52,47,47,47,19,19,41,25,10,32,0],"items_purged":["Defend_G"],"gold":72,"score":293,"play_id":"6ac763f6-0170-46a7-8202-faf32ba78730","local_time":"20180424034505","is_prod":false,"is_daily":false,"chose_seed":false,"is_ascension_mode":true,"campfire_upgraded":1,"timestamp":1524563105,"path_taken":["M","M","?","$","?","R","E","R","T","E","M","M","?","M","R","BOSS","M","$","?","?","$","R","M","?","T","M","?","R","?","M","R","BOSS"],"build_version":"2018-04-19","seed_source_timestamp":1081568826180680,"purchased_purges":1,"victory":false,"master_deck":["Defend_G","Defend_G","Defend_G","Defend_G","Strike_G","Strike_G","Strike_G","Strike_G","Survivor","Neutralize","Flying Knee","Escape Plan","Noxious Fumes+1","Deadly Poison","Tactician","Adrenaline","Poisoned Stab","Dagger Throw","Adrenaline","Backstab+1","Catalyst","Necronomicurse","Caltrops+1","Quick Slash","Reflex","Swift Strike","Bouncing Flask"],"max_hp_per_floor":[70,70,70,70,75,75,75,75,75,75,75,75,75,75,75,75,75,75,75,75,75,75,75,75,75,75,75,75,75,75,75,75,75],"relics":["Ring of the Snake","Juzu Bracelet","Bag of Preparation","Shuriken","Sundial","The Courier","Runic Pyramid","Thread and Needle","Frozen Egg 2","Necronomicon","Orichalcum"],"card_choices":[{"not_picked":["Choke","Backflip"],"picked":"Flying Knee","floor":1},{"not_picked":["Backflip","Dagger Throw"],"picked":"Escape Plan","floor":2},{"not_picked":["A Thousand Cuts","Backflip"],"picked":"Noxious Fumes","floor":3},{"not_picked":["Deflect","Dagger Throw"],"picked":"Tactician","floor":7},{"not_picked":["Dodge and Roll","Sucker Punch"],"picked":"Adrenaline","floor":10},{"not_picked":["Prepared","Backstab"],"picked":"Poisoned Stab","floor":11},{"not_picked":["Malaise","Infinite Blades"],"picked":"Dagger Throw","floor":14},{"not_picked":["Grand Finale","Bullet Time"],"picked":"Adrenaline","floor":16},{"not_picked":["Dagger Throw","Crippling Poison"],"picked":"Backstab","floor":18},{"not_picked":["Dagger Spray","Dagger Throw"],"picked":"Caltrops","floor":24},{"not_picked":["Malaise","Underhanded Strike"],"picked":"Quick Slash","floor":27},{"not_picked":["Blade Dance","Cloak And Dagger"],"picked":"Bouncing Flask","floor":31}],"player_experience":284085,"potions_floor_usage":[16,16,16,27,33,33],"damage_taken":[{"damage":0,"enemies":"Cultist","floor":1,"turns":4},{"damage":7,"enemies":"Small Slimes","floor":2,"turns":4},{"damage":0,"enemies":"2 Louse","floor":3,"turns":2},{"damage":18,"enemies":"3 Sentries","floor":7,"turns":7},{"damage":25,"enemies":"Gremlin Nob","floor":10,"turns":5},{"damage":14,"enemies":"Blue Slaver","floor":11,"turns":3},{"damage":6,"enemies":"Lots of Slimes","floor":12,"turns":3},{"damage":9,"enemies":"Exordium Wildlife","floor":14,"turns":3},{"damage":33,"enemies":"Slime Boss","floor":16,"turns":9},{"damage":29,"enemies":"Shell Parasite","floor":18,"turns":6},{"damage":5,"enemies":"Spheric Guardian","floor":24,"turns":4},{"damage":28,"enemies":"Centurion and Healer","floor":27,"turns":5},{"damage":15,"enemies":"Snake Plant","floor":31,"turns":3},{"damage":33,"enemies":"Collector","floor":33,"turns":5}],"event_choices":[{"event_name":"Big Fish","player_choice":"Donut","floor":5,"damage_taken":0},{"event_name":"Accursed Blacksmith","player_choice":"Rummage","floor":13,"damage_taken":0},{"event_name":"The Mausoleum","player_choice":"Yes","floor":20,"damage_taken":0},{"event_name":"Cursed Tome","player_choice":"Obtained Book","floor":21,"damage_taken":0},{"event_name":"Addict","player_choice":"Ignored","floor":25,"damage_taken":0},{"event_name":"Transmorgrifier","player_choice":"Transform","floor":28,"damage_taken":0},{"event_name":"Knowing Skull","player_choice":"CARD ","floor":30,"damage_taken":0}],"boss_relics":[{"not_picked":["Cursed Key","Philosopher\u0027s Stone"],"picked":"Runic Pyramid"}],"potions_floor_spawned":[1,10,14,16,24,31],"seed_played":"-4637520602193141472","killed_by":"Collector","ascension_level":3,"is_trial":false}