{"path_per_floor":["M","M","M","?","M","E","R","M","T","M","M","$","M","M","R","B",null,"M","?","M"],"character_chosen":"THE_SILENT","items_purchased":["Backflip"],"gold_per_floor":[113,129,142,142,161,190,190,208,234,247,260,138,154,171,171,274,274,286,201,218,218],"floor_reached":21,"campfire_rested":2,"playtime":959,"current_hp_per_floor":[76,74,67,67,66,26,49,38,38,36,27,27,25,17,40,10,77,45,45,9,0],"items_purged":["Strike_G"],"gold":218,"score":187,"play_id":"be55e43a-3314-48fa-bf24-39fa54013737","local_time":"20180427112906","is_prod":false,"is_daily":false,"chose_seed":false,"is_ascension_mode":false,"campfire_upgraded":0,"timestamp":1524850146,"path_taken":["M","M","?","?","M","E","R","M","T","M","M","$","M","M","R","BOSS","M","?","M","M"],"build_version":"2018-04-26v2","seed_source_timestamp":1368875762494625,"purchased_purges":1,"victory":false,"master_deck":["Defend_G","Defend_G","Defend_G","Defend_G","Defend_G","Strike_G","Strike_G","Strike_G","Survivor","Neutralize","Slice","Deadly Poison","Cloak And Dagger","Crippling Poison","Quick Slash","Bouncing Flask","Bouncing Flask","Slice","Deadly Poison","Backflip","Noxious Fumes","Noxious Fumes","Envenom","Bane+1","Distraction"],"max_hp_per_floor":[77,77,77,77,77,77,77,77,77,77,77,77,77,77,77,77,77,77,77,77,77],"relics":["Ring of the Snake","Strawberry","Prayer Wheel","Bag of Preparation","Eternal Feather","Omamori"],"card_choices":[{"not_picked":["Underhanded Strike","Bane"],"picked":"Slice","floor":1},{"not_picked":["Dagger Spray","PiercingWail"],"picked":"Deadly Poison","floor":2},{"not_picked":["Leg Sweep","All Out Attack"],"picked":"Crippling Poison","floor":5},{"not_picked":["Phantasmal Killer","Backflip"],"picked":"Quick Slash","floor":6},{"not_picked":["Sucker Punch","Eviscerate"],"picked":"Bouncing Flask","floor":8},{"not_picked":["Dagger Throw","Outmaneuver"],"picked":"Bouncing Flask","floor":9},{"not_picked":["Heel Hook","Dagger Throw"],"picked":"Slice","floor":10},{"not_picked":["Backflip","Dagger Throw"],"picked":"Deadly Poison","floor":11},{"not_picked":["Die Die Die","Underhanded Strike"],"picked":"Noxious Fumes","floor":13},{"not_picked":["Concentrate","Blur"],"picked":"Noxious Fumes","floor":14},{"not_picked":["Storm of Steel","Wraith Form v2"],"picked":"Envenom","floor":16},{"not_picked":["Accuracy","Choke"],"picked":"Bane","floor":18},{"not_picked":["Cloak And Dagger","Sucker Punch"],"picked":"Distraction","floor":20}],"player_experience":285300,"potions_floor_usage":[],"damage_taken":[{"damage":1,"enemies":"Cultist","floor":1,"turns":4},{"damage":2,"enemies":"Jaw Worm","floor":2,"turns":4},{"damage":7,"enemies":"Small Slimes","floor":3,"turns":3},{"damage":1,"enemies":"Exordium Wildlife","floor":5,"turns":3},{"damage":40,"enemies":"3 Sentries","floor":6,"turns":11},{"damage":11,"enemies":"3 Louse","floor":8,"turns":3},{"damage":2,"enemies":"Large Slime","floor":10,"turns":6},{"damage":9,"enemies":"Blue Slaver","floor":11,"turns":2},{"damage":2,"enemies":"Looter","floor":13,"turns":3},{"damage":8,"enemies":"Exordium Wildlife","floor":14,"turns":4},{"damage":30,"enemies":"Hexaghost","floor":16,"turns":8},{"damage":32,"enemies":"Shell Parasite","floor":18,"turns":5},{"damage":36,"enemies":"Chosen","floor":20,"turns":5},{"damage":10,"enemies":"Snake Plant","floor":21,"turns":1}],"event_choices":[{"event_name":"Transmorgrifier","player_choice":"Transform","floor":4,"damage_taken":0},{"event_name":"Addict","player_choice":"Obtained Relic","floor":19,"damage_taken":0}],"boss_relics":[{"not_picked":["Astrolabe","Velvet Choker"],"picked":"Eternal Feather"}],"potions_floor_spawned":[2,6,8,14],"seed_played":"4742034423115865492","killed_by":"Snake Plant","ascension_level":0,"is_trial":false}