{"gold_per_floor":[112,112,129,45,45,45,45,45,45,45,59,78,27,44,44,122,122,2,19,19],"floor_reached":20,"playtime":684,"items_purged":[],"score":316,"play_id":"4ed07ebc-032a-4d63-9b1e-fa0f49f6f136","local_time":"20190304124320","is_ascension_mode":true,"campfire_choices":[{"data":"Defragment","floor":6.0,"key":"SMITH"},{"data":"Zap","floor":8.0,"key":"SMITH"},{"data":"Genetic Algorithm","floor":10.0,"key":"SMITH"},{"data":"Defragment","floor":15,"key":"SMITH"}],"neow_cost":"NONE","seed_source_timestamp":142883248074400,"circlet_count":0,"master_deck":["AscendersBane","Strike_B","Strike_B","Strike_B","Strike_B","Defend_B","Defend_B","Defend_B","Defend_B","Zap+1","Dualcast","Defragment+1","Genetic Algorithm+1","BootSequence","Defragment+1","Cold Snap","Ball Lightning","Echo Form","Coolheaded+1"],"special_seed":0,"relics":["Cracked Core","Gremlin Horn","Question Card","Dream Catcher","Busted Crown"],"potions_floor_usage":[14,16,16],"damage_taken":[{"damage":1.0,"enemies":"Cultist","floor":1.0,"turns":4.0},{"damage":9.0,"enemies":"Jaw Worm","floor":3.0,"turns":4.0},{"damage":1.0,"enemies":"2 Louse","floor":11.0,"turns":3.0},{"damage":15.0,"enemies":"Large Slime","floor":12.0,"turns":4.0},{"damage":2,"enemies":"Gremlin Gang","floor":14,"turns":4},{"damage":9,"enemies":"The Guardian","floor":16,"turns":9},{"damage":36,"enemies":"2 Thieves","floor":18,"turns":5},{"damage":13,"enemies":"Chosen","floor":19,"turns":6},{"damage":21,"enemies":"Shelled Parasite and Fungi","floor":20,"turns":2}],"seed_played":"-6947685181867732564","potions_obtained":[{"floor":11.0,"key":"Strength Potion"},{"floor":12.0,"key":"Fire Potion"},{"floor":14,"key":"FearPotion"},{"floor":19,"key":"Energy Potion"}],"is_trial":false,"path_per_floor":["M","T","M","$","?","R","?","R","T","R","M","M","$","M","R","B",null,"M","M","M"],"character_chosen":"DEFECT","items_purchased":["BootSequence","Cold Snap"],"campfire_rested":0,"item_purchase_floors":[4,13],"current_hp_per_floor":[70,70,61,61,61,61,61,61,61,61,60,45,45,43,43,34,67,31,18,0],"gold":19,"neow_bonus":"TEN_PERCENT_HP_BONUS","is_prod":false,"is_daily":false,"chose_seed":false,"campfire_upgraded":4,"win_rate":0,"timestamp":1551721400,"path_taken":["M","?","M","?","?","R","?","R","T","R","M","?","$","M","R","BOSS","M","M","M"],"build_version":"2019-01-23","purchased_purges":0,"victory":false,"max_hp_per_floor":[78,78,78,78,78,78,78,78,78,78,78,78,78,78,78,78,78,78,78,78],"card_choices":[{"not_picked":["Hologram","Barrage"],"picked":"Defragment","floor":1.0},{"not_picked":["Redo","Heatsinks"],"picked":"Genetic Algorithm","floor":3.0},{"not_picked":["Reprogram","Redo","Coolheaded"],"picked":"Defragment","floor":11.0},{"not_picked":["Self Repair","Redo","Tempest","Double Energy"],"picked":"SKIP","floor":12.0},{"not_picked":["Auto Shields","Darkness","Rip and Tear"],"picked":"Ball Lightning","floor":14},{"not_picked":["Thunder Strike","Fission","Core Surge"],"picked":"Echo Form","floor":16},{"not_picked":["Stack"],"picked":"Coolheaded+1","floor":18},{"not_picked":["Recycle","Sweeping Beam"],"picked":"SKIP","floor":19}],"player_experience":1288202,"relics_obtained":[{"floor":2.0,"key":"Gremlin Horn"},{"floor":7.0,"key":"Question Card"},{"floor":9.0,"key":"Dream Catcher"}],"event_choices":[{"damage_healed":0.0,"max_hp_gain":0.0,"max_hp_loss":0.0,"gold_gain":0.0,"event_name":"Golden Idol","player_choice":"Ignored","floor":5.0,"gold_loss":0.0,"damage_taken":0.0},{"damage_healed":0.0,"max_hp_gain":0.0,"max_hp_loss":0.0,"gold_gain":0.0,"event_name":"Wheel of Change","player_choice":"Relic","floor":7.0,"gold_loss":0.0,"damage_taken":0.0}],"is_beta":false,"boss_relics":[{"not_picked":["Orrery","Ectoplasm"],"picked":"Busted Crown"}],"items_purged_floors":[],"is_endless":false,"potions_floor_spawned":[11,12,14,19],"killed_by":"Shelled Parasite and Fungi","ascension_level":19}