{"gold_per_floor":[112,112,62,62,62,98,113,113,113,188,188,229,229,260,260,260],"floor_reached":16,"playtime":846,"items_purged":[],"score":160,"play_id":"4af0de56-b5c6-4bc2-81a1-6f598f4e41d3","local_time":"20190307152133","is_ascension_mode":true,"campfire_choices":[{"data":"PiercingWail","floor":8,"key":"SMITH"},{"floor":13,"key":"REST"},{"floor":15,"key":"REST"}],"neow_cost":"NONE","seed_source_timestamp":6832043679400,"circlet_count":0,"master_deck":["Defend_G","Defend_G","Defend_G","Defend_G","Defend_G","Strike_G","Strike_G","Strike_G","Strike_G","Survivor","Neutralize","Dagger Throw","PiercingWail+1","Backflip","Dagger Throw","Well Laid Plans","Dagger Throw"],"relics":["Ring of the Snake","NeowsBlessing","Golden Idol","Art of War","Nunchaku","Meat on the Bone","Ninja Scroll"],"potions_floor_usage":[14,16],"damage_taken":[{"damage":0,"enemies":"2 Louse","floor":1,"turns":1},{"damage":0,"enemies":"Lagavulin","floor":6,"turns":1},{"damage":0,"enemies":"Jaw Worm","floor":7,"turns":1},{"damage":29,"enemies":"Gremlin Nob","floor":12,"turns":5},{"damage":38,"enemies":"3 Sentries","floor":14,"turns":9},{"damage":45,"enemies":"Hexaghost","floor":16,"turns":14}],"seed_played":"-1176591461979756037","potions_obtained":[{"floor":6,"key":"Fire Potion"},{"floor":7,"key":"EssenceOfSteel"},{"floor":12,"key":"Energy Potion"}],"is_trial":false,"path_per_floor":["M","?","?","?","?","E","M","R","T","?","?","E","R","E","R","B"],"character_chosen":"THE_SILENT","items_purchased":[],"campfire_rested":2,"item_purchase_floors":[],"current_hp_per_floor":[70,75,75,75,69,69,69,69,69,58,58,29,49,23,43,0],"gold":260,"neow_bonus":"THREE_ENEMY_KILL","is_prod":false,"is_daily":false,"chose_seed":false,"campfire_upgraded":1,"win_rate":0,"timestamp":1551993693,"path_taken":["M","?","?","?","?","E","M","R","T","?","?","E","R","E","R","BOSS"],"build_version":"2019-01-23","purchased_purges":0,"victory":false,"max_hp_per_floor":[70,75,75,75,69,69,69,69,69,69,69,69,69,69,69,69],"card_choices":[{"not_picked":["Slice","Dodge and Roll"],"picked":"Dagger Throw","floor":1},{"not_picked":["Accuracy","Expertise"],"picked":"PiercingWail","floor":6},{"not_picked":["Infinite Blades","Eviscerate"],"picked":"Backflip","floor":7},{"not_picked":["Bane","Footwork"],"picked":"Dagger Throw","floor":12},{"not_picked":["Dodge and Roll","Outmaneuver","Doppelganger"],"picked":"SKIP","floor":14}],"player_experience":285300,"relics_obtained":[{"floor":6,"key":"Art of War"},{"floor":9,"key":"Nunchaku"},{"floor":12,"key":"Meat on the Bone"},{"floor":14,"key":"Ninja Scroll"}],"event_choices":[{"damage_healed":0,"gold_gain":0,"player_choice":"Donut","damage_taken":0,"max_hp_gain":5,"max_hp_loss":0,"event_name":"Big Fish","floor":2,"gold_loss":0},{"cards_removed":["Strike_G"],"damage_healed":0,"gold_gain":0,"player_choice":"Card Removal","damage_taken":0,"max_hp_gain":0,"max_hp_loss":0,"event_name":"The Cleric","floor":3,"gold_loss":50},{"damage_healed":0,"gold_gain":0,"player_choice":"Ignored","damage_taken":0,"max_hp_gain":0,"max_hp_loss":0,"event_name":"Liars Game","floor":4,"gold_loss":0},{"damage_healed":0,"gold_gain":0,"player_choice":"Lose Max HP","damage_taken":0,"relics_obtained":["Golden Idol"],"max_hp_gain":0,"max_hp_loss":6,"event_name":"Golden Idol","floor":5,"gold_loss":0},{"damage_healed":0,"gold_gain":75,"player_choice":"Gather Gold","damage_taken":11,"max_hp_gain":0,"max_hp_loss":0,"event_name":"World of Goop","floor":10,"gold_loss":0},{"damage_healed":0,"gold_gain":0,"player_choice":"2 cards matched","damage_taken":0,"max_hp_gain":0,"max_hp_loss":0,"event_name":"Match and Keep!","floor":11,"gold_loss":0,"cards_obtained":["Dagger Throw","Well Laid Plans"]}],"is_beta":false,"boss_relics":[],"items_purged_floors":[],"is_endless":false,"potions_floor_spawned":[6,7,12],"killed_by":"Hexaghost","ascension_level":3}