{"path_per_floor":["M","$","?","M","M","E","R","E","T","?","?","R","E","M","R","B",null,"M","$","M","M","?","R"],"character_chosen":"THE_SILENT","items_purchased":["Prepared","Medical Kit","Whetstone","Deadly Poison"],"gold_per_floor":[109,60,60,73,83,118,118,152,152,182,182,182,213,234,234,353,391,406,9,30,49,49,49],"floor_reached":24,"campfire_rested":4,"playtime":2107,"current_hp_per_floor":[67,67,67,67,63,41,62,45,45,37,37,58,57,56,70,21,75,73,73,64,56,40,62],"items_purged":[],"gold":49,"play_id":"2da08c3b-4820-468e-bdb8-52c17fd5acea","is_prod":false,"is_daily":false,"campfire_rituals":0,"campfire_upgraded":0,"is_hardmode":false,"path_taken":["M","$","?","M","M","E","R","E","T","?","?","R","E","M","R","BOSS","M","$","M","M","?","R","E"],"build_version":"2017-12-21-PROD1","purchased_purges":0,"victory":false,"master_deck":["Defend_G","Defend_G","Defend_G","Defend_G","Defend_G","Strike_G","Strike_G","Strike_G","Strike_G","Survivor","Neutralize","Prepared","Bouncing Flask","Prepared","Acrobatics","Flying Knee","Dash","Deadly Poison","Backflip","Riddle With Holes","Injury","Bane","Backstab","Wraith Form","Dodge and Roll","Bane","Deadly Poison","Bane","Underhanded Strike"],"max_hp_per_floor":[70,70,70,70,70,70,70,70,70,70,70,70,70,70,70,70,75,75,75,75,75,75,75],"relics":["Ring of the Snake","Anchor","Letter Opener","Thread and Needle","Odd Mushroom","Golden Idol","Matryoshka","Tiny House","Medical Kit","Whetstone","Nilry\u0027s Codex"],"campfire_meditates":0,"card_choices":[{"not_picked":["Dagger Spray","Malaise"],"picked":"Prepared"},{"not_picked":["Noxious Fumes","Poisoned Stab"],"picked":"Bouncing Flask"},{"not_picked":["After Image","Slice"],"picked":"Flying Knee"},{"not_picked":["Escape Plan","Bane"],"picked":"Dash"},{"not_picked":["Footwork","All Out Attack"],"picked":"Deadly Poison"},{"not_picked":["Blade Dance","PiercingWail"],"picked":"Backflip"},{"not_picked":["Dagger Spray","Heel Hook"],"picked":"Riddle With Holes"},{"not_picked":["Skewer","Blade Dance"],"picked":"Bane"},{"not_picked":["Malaise","Dagger Spray"],"picked":"Backstab"},{"not_picked":["Phantasmal Killer","Doppelganger"],"picked":"Wraith Form"},{"not_picked":["Heel Hook","Poisoned Stab"],"picked":"Dodge and Roll"},{"not_picked":["Cloak And Dagger","Caltrops"],"picked":"Bane"},{"not_picked":["Skewer","Caltrops"],"picked":"Bane"},{"not_picked":["Poisoned Stab","PiercingWail"],"picked":"Underhanded Strike"}],"player_experience":83031,"potions_floor_usage":[8,8,13,16,24,24],"damage_taken":[{"damage":3,"enemies":"Jaw Worm","floor":1,"turns":4},{"damage":0,"enemies":"Cultist","floor":4,"turns":3},{"damage":4,"enemies":"Looter","floor":5,"turns":3},{"damage":22,"enemies":"Gremlin Nob","floor":6,"turns":5},{"damage":17,"enemies":"3 Sentries","floor":8,"turns":10},{"damage":8,"enemies":"The Mushroom Lair","floor":10,"turns":4},{"damage":1,"enemies":"Lagavulin","floor":13,"turns":5},{"damage":1,"enemies":"Exordium Wildlife","floor":14,"turns":3},{"damage":49,"enemies":"Hexaghost","floor":16,"turns":10},{"damage":2,"enemies":"Shell Parasite","floor":18,"turns":6},{"damage":9,"enemies":"Spheric Guardian","floor":20,"turns":5},{"damage":8,"enemies":"Snecko","floor":21,"turns":5},{"damage":68,"enemies":"Gremlin Leader","floor":24,"turns":9}],"event_choices":[{"event_name":"Living Wall","player_choice":"Change","floor":3,"damage_taken":0},{"event_name":"Mushrooms","player_choice":"Fought Mushrooms","floor":10,"damage_taken":0},{"event_name":"Golden Idol","player_choice":"Take Wound","floor":11,"damage_taken":0},{"event_name":"Cursed Tome","player_choice":"Obtained Book","floor":22,"damage_taken":0}],"boss_relics":[{"not_picked":["Ectoplasm","Runic Dome"],"picked":"Tiny House"}],"potions_floor_spawned":[4,6,8,14,20],"seed_played":"-817102059873943936","killed_by":"Gremlin Leader","is_trial":false}