{"gold_per_floor":[118,118,137,150,12,12,12,12,36,54,54,54,64,27,27,27],"floor_reached":16,"playtime":987,"items_purged":[],"score":95,"play_id":"e62e9387-ca7a-42e8-85e8-fc9781f42fc7","local_time":"20190222181043","is_ascension_mode":true,"campfire_choices":[{"data":"Dagger Spray","floor":6,"key":"SMITH"},{"data":"Predator","floor":8,"key":"SMITH"},{"data":"Crippling Poison","floor":11,"key":"SMITH"},{"data":"Accuracy","floor":15,"key":"SMITH"}],"neow_cost":"CURSE","seed_source_timestamp":689990193806200,"circlet_count":0,"master_deck":["Defend_G","Defend_G","Defend_G","Defend_G","Strike_G","Strike_G","Strike_G","Strike_G","Survivor","Neutralize","Writhe","Flechettes","Predator+1","Crippling Poison+1","Dagger Spray+1","Wraith Form v2","Crippling Poison+1","Accuracy+1","Well Laid Plans"],"relics":["Ring of the Snake","Snake Skull","Dream Catcher"],"potions_floor_usage":[13,16,16],"damage_taken":[{"damage":0,"enemies":"Cultist","floor":1,"turns":3},{"damage":0,"enemies":"Jaw Worm","floor":3,"turns":3},{"damage":5,"enemies":"Small Slimes","floor":4,"turns":3},{"damage":8,"enemies":"Blue Slaver","floor":10,"turns":3},{"damage":0,"enemies":"Lots of Slimes","floor":13,"turns":2},{"damage":61,"enemies":"Slime Boss","floor":16,"turns":15}],"seed_played":"5416990838978811269","potions_obtained":[{"floor":1,"key":"GhostInAJar"},{"floor":3,"key":"SkillPotion"},{"floor":4,"key":"SteroidPotion"},{"floor":13,"key":"EssenceOfSteel"}],"is_trial":false,"path_per_floor":["M","?","M","M","$","R","?","R","T","M","R","?","M","$","R","B"],"character_chosen":"THE_SILENT","items_purchased":["Wraith Form v2","Well Laid Plans"],"campfire_rested":0,"item_purchase_floors":[5,14],"current_hp_per_floor":[70,70,70,65,65,65,70,70,70,62,62,59,59,59,59,0],"gold":27,"neow_bonus":"TRANSFORM_TWO_CARDS","is_prod":false,"is_daily":false,"chose_seed":false,"campfire_upgraded":4,"win_rate":0,"timestamp":1550819443,"path_taken":["M","?","M","M","$","R","?","R","T","M","R","?","?","?","R","BOSS"],"build_version":"2019-01-23","purchased_purges":0,"victory":false,"max_hp_per_floor":[70,70,70,70,70,70,75,75,75,75,75,75,75,75,75,75],"card_choices":[{"not_picked":["Cloak And Dagger","Distraction"],"picked":"Crippling Poison","floor":1},{"not_picked":["All Out Attack","Deflect"],"picked":"Dagger Spray","floor":3},{"not_picked":["Acrobatics","Outmaneuver","Cloak And Dagger"],"picked":"SKIP","floor":4},{"not_picked":["Outmaneuver","Cloak And Dagger"],"picked":"Crippling Poison","floor":10},{"not_picked":["Poisoned Stab","Acrobatics"],"picked":"Accuracy","floor":13}],"player_experience":159344,"relics_obtained":[{"floor":9,"key":"Snake Skull"}],"event_choices":[{"damage_healed":0,"gold_gain":0,"player_choice":"Grow","damage_taken":0,"max_hp_gain":0,"max_hp_loss":0,"event_name":"Living Wall","floor":2,"gold_loss":0,"cards_upgraded":["Crippling Poison"]},{"damage_healed":0,"gold_gain":0,"player_choice":"Donut","damage_taken":0,"max_hp_gain":5,"max_hp_loss":0,"event_name":"Big Fish","floor":7,"gold_loss":0},{"damage_healed":0,"gold_gain":0,"player_choice":"Success","damage_taken":3,"relics_obtained":["Dream Catcher"],"max_hp_gain":0,"max_hp_loss":0,"event_name":"Scrap Ooze","floor":12,"gold_loss":0}],"is_beta":false,"boss_relics":[],"items_purged_floors":[],"is_endless":false,"potions_floor_spawned":[1,3,4,13],"killed_by":"Slime Boss","ascension_level":1}