{"gold_per_floor":[112,127,141,157,175,175,187,213,213,213,224,243,267,280,280,384,384,394,374,386,400,414,414],"floor_reached":23,"playtime":1030,"items_purged":[],"score":283,"play_id":"32a3029a-38d0-41c0-83de-bd081cc4016a","local_time":"20190301162042","is_ascension_mode":true,"campfire_choices":[{"data":"Heavy Blade","floor":6,"key":"SMITH"},{"data":"Demon Form","floor":10,"key":"SMITH"},{"data":"Armaments","floor":15,"key":"SMITH"}],"neow_cost":"NONE","seed_source_timestamp":236101326263301,"circlet_count":0,"master_deck":["Strike_R","Strike_R","Strike_R","Strike_R","Defend_R","Defend_R","Defend_R","Defend_R","Bash","Armaments+1","Heavy Blade+1","Spot Weakness","Flex","Shrug It Off","Ghostly Armor","Demon Form+1","Battle Trance","Anger","Iron Wave","Uppercut","Sword Boomerang"],"special_seed":0,"relics":["Burning Blood","Art of War","Meat on the Bone","Lantern","Cursed Key"],"potions_floor_usage":[5,11,22,22,22],"damage_taken":[{"damage":11.0,"enemies":"Cultist","floor":1.0,"turns":4.0},{"damage":8.0,"enemies":"Small Slimes","floor":2.0,"turns":6.0},{"damage":2.0,"enemies":"Jaw Worm","floor":3.0,"turns":4.0},{"damage":15.0,"enemies":"Gremlin Gang","floor":4.0,"turns":7.0},{"damage":11,"enemies":"3 Louse","floor":5,"turns":4},{"damage":6,"enemies":"Red Slaver","floor":7,"turns":3},{"damage":25,"enemies":"Lagavulin","floor":8,"turns":6},{"damage":7,"enemies":"Exordium Thugs","floor":11,"turns":7},{"damage":2,"enemies":"Gremlin Gang","floor":12,"turns":8},{"damage":0,"enemies":"2 Fungi Beasts","floor":14,"turns":4},{"damage":27,"enemies":"Hexaghost","floor":16,"turns":6},{"damage":6,"enemies":"Spheric Guardian","floor":18,"turns":3},{"damage":18,"enemies":"2 Thieves","floor":20,"turns":4},{"damage":15,"enemies":"Chosen and Byrds","floor":21,"turns":6},{"damage":23,"enemies":"3 Cultists","floor":22,"turns":4},{"damage":49,"enemies":"Book of Stabbing","floor":23,"turns":5}],"seed_played":"5887243745481689466","potions_obtained":[{"floor":2.0,"key":"FearPotion"},{"floor":3.0,"key":"Block Potion"},{"floor":8,"key":"PowerPotion"},{"floor":16,"key":"FearPotion"},{"floor":18,"key":"Poison Potion"},{"floor":19,"key":"Regen Potion"}],"is_trial":false,"path_per_floor":["M","M","M","M","M","R","M","E","T","R","M","M","T","M","R","B",null,"M","?","M","M","M","E"],"character_chosen":"IRONCLAD","items_purchased":[],"campfire_rested":0,"item_purchase_floors":[],"current_hp_per_floor":[75,73,77,68,63,63,63,44,44,44,55,59,59,65,65,56,74,74,74,62,53,48,0],"gold":414,"neow_bonus":"REMOVE_CARD","is_prod":false,"is_daily":false,"chose_seed":false,"campfire_upgraded":3,"win_rate":0,"timestamp":1551453642,"path_taken":["M","M","M","?","M","R","M","E","T","R","M","M","?","M","R","BOSS","M","?","M","M","M","E"],"build_version":"2019-01-23","purchased_purges":0,"victory":false,"max_hp_per_floor":[80,80,80,80,80,80,80,80,80,80,80,80,80,80,80,80,80,80,80,80,80,80,80],"card_choices":[{"not_picked":["Headbutt","Pummel"],"picked":"Armaments","floor":1.0},{"not_picked":["Feel No Pain","Corruption"],"picked":"Heavy Blade","floor":2.0},{"not_picked":["Uppercut","Armaments"],"picked":"Spot Weakness","floor":3.0},{"not_picked":["Armaments","Entrench"],"picked":"Flex","floor":4.0},{"not_picked":["Burning Pact","Sentinel"],"picked":"Shrug It Off","floor":5},{"not_picked":["Armaments","Thunderclap"],"picked":"Ghostly Armor","floor":7},{"not_picked":["Fire Breathing","Power Through"],"picked":"Demon Form","floor":8},{"not_picked":["Clash","Combust","Armaments"],"picked":"SKIP","floor":11},{"not_picked":["Twin Strike","Seeing Red"],"picked":"Battle Trance","floor":12},{"not_picked":["Sever Soul","Pommel Strike"],"picked":"Anger","floor":14},{"not_picked":["Fire Breathing","Twin Strike+1"],"picked":"Iron Wave","floor":18},{"not_picked":["Fire Breathing+1","Anger"],"picked":"Uppercut","floor":20},{"not_picked":["Armaments","Wild Strike"],"picked":"Sword Boomerang","floor":21},{"not_picked":["Seeing Red","Anger","Carnage"],"picked":"SKIP","floor":22}],"player_experience":290609,"relics_obtained":[{"floor":8,"key":"Art of War"},{"floor":9,"key":"Meat on the Bone"},{"floor":13,"key":"Lantern"}],"event_choices":[{"damage_healed":0,"gold_gain":0,"player_choice":"Bought 1 Potion","damage_taken":0,"max_hp_gain":0,"max_hp_loss":0,"event_name":"The Woman in Blue","floor":19,"gold_loss":0}],"is_beta":false,"boss_relics":[{"not_picked":["Empty Cage","Black Blood"],"picked":"Cursed Key"}],"items_purged_floors":[],"is_endless":false,"potions_floor_spawned":[2,3,8,16,18],"killed_by":"Book of Stabbing","ascension_level":5}