{"gold_per_floor":[112,112,131,149,159,159,179,179,247,275,64,64,77,91,91,190,190,206,72,85,103,119,148,148,183,236,236,236,251,251,264,264,366,366,377,390,405,405],"floor_reached":38,"playtime":3252,"items_purged":["Shame","Injury"],"score":446,"play_id":"1426341d-3b85-4c07-ba2e-c5c001da1a5b","local_time":"20190129201344","is_ascension_mode":false,"campfire_choices":[{"data":"Spot Weakness","floor":6.0,"key":"SMITH"},{"data":"Inflame","floor":8.0,"key":"SMITH"},{"data":"Heavy Blade","floor":12.0,"key":"SMITH"},{"data":"Double Tap","floor":15.0,"key":"SMITH"},{"floor":24,"key":"REST"},{"floor":27,"key":"REST"},{"floor":32,"key":"REST"}],"neow_cost":"NONE","seed_source_timestamp":0,"circlet_count":0,"master_deck":["Strike_R","Strike_R","Strike_R","Strike_R","Strike_R","Defend_R","Defend_R","Defend_R","Defend_R","Bash","Spot Weakness+1","Battle Trance","Inflame+1","Pommel Strike","Heavy Blade+1","Anger","Double Tap+1","Whirlwind","Shockwave","Bludgeon","Heavy Blade","Inflame","Anger+1","Heavy Blade","Burning Pact","Anger+1","Headbutt","Headbutt","RitualDagger","Flex","Demon Form","Battle Trance+1","Flex+1","Shrug It Off+1"],"special_seed":0,"relics":["Calling Bell","FossilizedHelix","Paper Frog","Oddly Smooth Stone","Spirit Poop","Shuriken","Torii","Lizard Tail","Regal Pillow","Pen Nib","Vajra","Velvet Choker"],"potions_floor_usage":[23,23,23,25],"damage_taken":[{"damage":11.0,"enemies":"Cultist","floor":1.0,"turns":4.0},{"damage":5.0,"enemies":"2 Louse","floor":3.0,"turns":3.0},{"damage":2.0,"enemies":"Jaw Worm","floor":4.0,"turns":5.0},{"damage":0.0,"enemies":"Blue Slaver","floor":5.0,"turns":4.0},{"damage":0.0,"enemies":"Looter","floor":7.0,"turns":2.0},{"damage":0.0,"enemies":"Gremlin Nob","floor":10.0,"turns":3.0},{"damage":11.0,"enemies":"Exordium Wildlife","floor":13.0,"turns":4.0},{"damage":1.0,"enemies":"Large Slime","floor":14.0,"turns":4.0},{"damage":34.0,"enemies":"The Guardian","floor":16.0,"turns":6.0},{"damage":0.0,"enemies":"Chosen","floor":18.0,"turns":4.0},{"damage":24.0,"enemies":"Shell Parasite","floor":20.0,"turns":4.0},{"damage":14.0,"enemies":"Snake Plant","floor":21.0,"turns":3.0},{"damage":20.0,"enemies":"Centurion and Healer","floor":22.0,"turns":3.0},{"damage":21,"enemies":"Slavers","floor":23,"turns":5},{"damage":18,"enemies":"Book of Stabbing","floor":25,"turns":4},{"damage":33,"enemies":"3 Cultists","floor":29,"turns":5},{"damage":14,"enemies":"Snake Plant","floor":31,"turns":3},{"damage":83,"enemies":"Automaton","floor":33,"turns":8},{"damage":0,"enemies":"Orb Walker","floor":35,"turns":2},{"damage":17,"enemies":"3 Shapes","floor":36,"turns":3},{"damage":33,"enemies":"Sphere and 2 Shapes","floor":37,"turns":7},{"damage":36,"enemies":"Writhing Mass","floor":38,"turns":3}],"seed_played":"6231832343961212455","potions_obtained":[{"floor":4.0,"key":"Strength Potion"},{"floor":7.0,"key":"Dexterity Potion"},{"floor":10.0,"key":"Weak Potion"},{"floor":16.0,"key":"Energy Potion"},{"floor":23,"key":"Weak Potion"},{"floor":31,"key":"Strength Potion"},{"floor":36,"key":"AttackPotion"},{"floor":37,"key":"Energy Potion"}],"is_trial":false,"path_per_floor":["M","?","M","M","M","R","M","R","T","E","$","R","M","M","R","B",null,"M","$","M","M","M","E","R","E","T","R","?","M","?","M","R","B",null,"M","M","M","M"],"character_chosen":"IRONCLAD","items_purchased":["Double Tap","Inflame"],"campfire_rested":3,"item_purchase_floors":[11,19],"current_hp_per_floor":[69,69,64,62,62,62,62,62,62,62,62,62,51,50,50,16,80,80,80,56,42,22,1,40,22,22,61,61,28,22,8,47,32,80,80,63,30,0],"gold":405,"neow_bonus":"BOSS_RELIC","is_prod":false,"is_daily":false,"chose_seed":false,"campfire_upgraded":4,"win_rate":0.0,"timestamp":1548789224,"path_taken":["M","?","?","?","M","R","M","R","T","E","$","R","M","M","R","BOSS","M","$","M","?","M","E","R","E","T","R","?","M","?","M","R","BOSS","M","M","M","M"],"build_version":"2019-01-23","purchased_purges":2,"victory":false,"max_hp_per_floor":[80,80,80,80,80,80,80,80,80,80,80,80,80,80,80,80,80,80,80,80,80,80,80,80,80,80,80,80,80,80,80,80,80,80,80,80,80,80],"card_choices":[{"not_picked":["Wild Strike","Reckless Charge"],"picked":"Spot Weakness","floor":1.0},{"not_picked":["Feel No Pain","Clothesline"],"picked":"Battle Trance","floor":3.0},{"not_picked":["Hemokinesis","Battle Trance"],"picked":"Inflame","floor":4.0},{"not_picked":["Intimidate","Perfected Strike"],"picked":"Pommel Strike","floor":5.0},{"not_picked":["Metallicize","Hemokinesis"],"picked":"Heavy Blade","floor":7.0},{"not_picked":["Disarm","Thunderclap"],"picked":"Anger","floor":10.0},{"not_picked":["Pummel","Wild Strike"],"picked":"Whirlwind","floor":13.0},{"not_picked":["Bloodletting","Armaments"],"picked":"Shockwave","floor":14.0},{"not_picked":["Juggernaut","Impervious"],"picked":"Bludgeon","floor":16.0},{"not_picked":["Pummel+1","Sever Soul"],"picked":"Heavy Blade","floor":18.0},{"not_picked":["Body Slam","Second Wind"],"picked":"Anger+1","floor":20.0},{"not_picked":["Flame Barrier","Reckless Charge"],"picked":"Heavy Blade","floor":21.0},{"not_picked":["Sword Boomerang","Feel No Pain+1"],"picked":"Burning Pact","floor":22.0},{"not_picked":["Dual Wield+1","Warcry"],"picked":"Anger+1","floor":23},{"not_picked":["Ghostly Armor","Pummel"],"picked":"Headbutt","floor":25},{"not_picked":["Disarm","Clothesline"],"picked":"Headbutt","floor":29},{"not_picked":["Twin Strike","Warcry"],"picked":"Flex","floor":31},{"not_picked":["Brutality","Offering"],"picked":"Demon Form","floor":33},{"not_picked":["Cleave+1","Wild Strike+1"],"picked":"Battle Trance+1","floor":35},{"not_picked":["Burning Pact","Armaments"],"picked":"Flex+1","floor":36},{"not_picked":["Clash+1","Intimidate+1"],"picked":"Shrug It Off+1","floor":37}],"player_experience":16529,"relics_obtained":[{"floor":0.0,"key":"FossilizedHelix"},{"floor":0.0,"key":"Paper Frog"},{"floor":0.0,"key":"Oddly Smooth Stone"},{"floor":9.0,"key":"Shuriken"},{"floor":10.0,"key":"Torii"},{"floor":23,"key":"Regal Pillow"},{"floor":25,"key":"Pen Nib"},{"floor":26,"key":"Vajra"}],"event_choices":[{"cards_removed":["Pain"],"damage_healed":0.0,"max_hp_gain":0.0,"max_hp_loss":0.0,"gold_gain":0.0,"event_name":"Bonfire Elementals","player_choice":"Offered Curse","floor":2.0,"gold_loss":0.0,"damage_taken":0.0,"relics_obtained":["Spirit Poop"]},{"damage_healed":0,"gold_gain":0,"player_choice":"Ignored","damage_taken":0,"max_hp_gain":0,"max_hp_loss":0,"event_name":"Ghosts","floor":28,"gold_loss":0},{"damage_healed":0,"gold_gain":0,"player_choice":"Joined the Cult","damage_taken":6,"max_hp_gain":0,"max_hp_loss":0,"event_name":"Nest","floor":30,"gold_loss":0,"cards_obtained":["RitualDagger"]}],"is_beta":false,"boss_relics":[{"not_picked":["Philosopher\u0027s Stone","Coffee Dripper"],"picked":"Lizard Tail"},{"not_picked":["Astrolabe","Black Star"],"picked":"Velvet Choker"}],"items_purged_floors":[11,19],"is_endless":false,"potions_floor_spawned":[4,7,10,14,16,18,22,23,31,36,37],"killed_by":"Writhing Mass","ascension_level":0}