{"gold_per_floor":[111,127,127,138,86,86,113,113,113,127,147,181,196,215,215,318,318,335,335,345,91,91,122,221,221,303,53,53,53,73,108,108,208,208,227,32,132,152,166,166,184,184,207,207,219,219,219,250,250,250,250,250,72,97,97],"floor_reached":55,"playtime":3620,"items_purged":["Strike_R","Writhe"],"score":936,"play_id":"7cfc6d6d-4a3c-448a-bcd1-69043dea5667","local_time":"20190304215045","is_ascension_mode":true,"campfire_choices":[{"data":"Bash","floor":6,"key":"SMITH"},{"floor":8,"key":"REST"},{"data":"Inflame","floor":15,"key":"SMITH"},{"floor":25,"key":"REST"},{"floor":29,"key":"REST"},{"data":"Apotheosis","floor":32,"key":"SMITH"},{"data":"Limit Break","floor":40,"key":"SMITH"},{"floor":42,"key":"RECALL"},{"floor":46,"key":"REST"},{"floor":49,"key":"REST"},{"floor":52,"key":"REST"}],"neow_cost":"NONE","seed_source_timestamp":36671592696340,"circlet_count":0,"master_deck":["Strike_R","Strike_R","Strike_R","Strike_R","Defend_R+1","Defend_R","Defend_R","Defend_R","Bash+1","Twin Strike","Shrug It Off","Shrug It Off","Inflame+1","Twin Strike","Limit Break+1","Ghostly Armor+1","Apotheosis+1","Limit Break+1","Shrug It Off","Inflame+1","Parasite"],"relics":["Burning Blood","Sundial","Art of War","Bag of Preparation","Bronze Scales","Velvet Choker","War Paint","Juzu Bracelet","Meat on the Bone","Paper Frog","Question Card","Philosopher\u0027s Stone","Toy Ornithopter","Nunchaku","Smiling Mask","Mercury Hourglass"],"potions_floor_usage":[7,12,12,16,23,31,33,39,41,48,48,54,54,55],"damage_taken":[{"damage":0,"enemies":"Small Slimes","floor":1,"turns":3},{"damage":1,"enemies":"Cultist","floor":2,"turns":3},{"damage":2,"enemies":"Jaw Worm","floor":4,"turns":3},{"damage":28,"enemies":"3 Sentries","floor":7,"turns":10},{"damage":0,"enemies":"Large Slime","floor":10,"turns":5},{"damage":1,"enemies":"Exordium Wildlife","floor":11,"turns":5},{"damage":16,"enemies":"Gremlin Nob","floor":12,"turns":4},{"damage":3,"enemies":"Looter","floor":13,"turns":3},{"damage":0,"enemies":"Blue Slaver","floor":14,"turns":4},{"damage":18,"enemies":"Slime Boss","floor":16,"turns":8},{"damage":4,"enemies":"Shell Parasite","floor":18,"turns":3},{"damage":28,"enemies":"Spheric Guardian","floor":20,"turns":4},{"damage":29,"enemies":"Book of Stabbing","floor":23,"turns":5},{"damage":4,"enemies":"3 Cultists","floor":30,"turns":7},{"damage":17,"enemies":"Gremlin Leader","floor":31,"turns":5},{"damage":94,"enemies":"Collector","floor":33,"turns":9},{"damage":13,"enemies":"3 Darklings","floor":35,"turns":5},{"damage":0,"enemies":"Mind Bloom Boss Battle","floor":37,"turns":4},{"damage":7,"enemies":"Orb Walker","floor":38,"turns":2},{"damage":2,"enemies":"4 Shapes","floor":39,"turns":6},{"damage":27,"enemies":"3 Darklings","floor":41,"turns":4},{"damage":14,"enemies":"Writhing Mass","floor":45,"turns":4},{"damage":26,"enemies":"Reptomancer","floor":48,"turns":5},{"damage":41,"enemies":"Awakened One","floor":50,"turns":6},{"damage":85,"enemies":"Shield and Spear","floor":54,"turns":5},{"damage":32,"enemies":"The Heart","floor":55,"turns":2}],"seed_played":"-6267751076721075662","potions_obtained":[{"floor":0,"key":"BloodPotion"},{"floor":0,"key":"Ancient Potion"},{"floor":0,"key":"AttackPotion"},{"floor":4,"key":"Block Potion"},{"floor":7,"key":"PowerPotion"},{"floor":10,"key":"Dexterity Potion"},{"floor":14,"key":"Fire Potion"},{"floor":19,"key":"EssenceOfSteel"},{"floor":19,"key":"SpeedPotion"},{"floor":30,"key":"Block Potion"},{"floor":33,"key":"Energy Potion"},{"floor":38,"key":"Energy Potion"},{"floor":39,"key":"Strength Potion"},{"floor":41,"key":"BloodPotion"},{"floor":45,"key":"Fire Potion"}],"is_trial":false,"path_per_floor":["M","M","?","M","$","R","E","R","T","M","M","E","M","M","R","B",null,"M","?","M","$","?","E","?","R","T","$","?","R","M","E","R","B",null,"M","$","?","M","M","R","M","R","T","?","M","R","?","E","R","B",null,"R","$","E","B"],"character_chosen":"IRONCLAD","items_purchased":["Twin Strike","War Paint","FairyPotion","Apotheosis","Toy Ornithopter","LiquidBronze","Weak Potion"],"campfire_rested":6,"item_purchase_floors":[5,21,21,27,36,53,53],"current_hp_per_floor":[78,80,77,80,80,80,58,80,80,80,80,78,80,80,80,68,77,79,79,57,57,57,34,34,58,58,58,58,80,80,69,69,26,67,60,60,66,65,74,74,58,58,58,58,50,74,74,56,76,53,70,76,76,24,0],"gold":97,"neow_bonus":"THREE_SMALL_POTIONS","is_prod":false,"is_daily":false,"chose_seed":false,"campfire_upgraded":4,"win_rate":0,"timestamp":1551757845,"path_taken":["M","M","?","M","$","R","E","R","T","M","M","E","M","M","R","BOSS","M","?","?","$","?","E","?","R","T","?","?","R","M","E","R","BOSS","M","$","?","M","M","R","M","R","T","?","M","R","?","E","R","BOSS","R","$","E","BOSS"],"build_version":"2019-01-23","purchased_purges":2,"victory":false,"max_hp_per_floor":[80,80,80,80,80,80,80,80,80,80,80,80,80,80,80,80,80,80,80,80,80,80,80,80,80,80,80,80,80,80,80,80,80,80,80,80,80,80,80,80,80,80,80,80,80,80,76,76,76,76,76,76,76,76,76],"card_choices":[{"not_picked":["Cleave","Heavy Blade","Second Wind"],"picked":"SKIP","floor":1},{"not_picked":["Corruption","Wild Strike","Combust"],"picked":"SKIP","floor":2},{"not_picked":["Hemokinesis","Perfected Strike","Sword Boomerang"],"picked":"SKIP","floor":4},{"not_picked":["Flex","Exhume"],"picked":"Shrug It Off","floor":7},{"not_picked":["Body Slam","Wild Strike"],"picked":"Shrug It Off","floor":10},{"not_picked":["Heavy Blade","Iron Wave","Blood for Blood"],"picked":"SKIP","floor":11},{"not_picked":["Cleave","Perfected Strike"],"picked":"Inflame","floor":12},{"not_picked":["Heavy Blade","Rampage","Burning Pact"],"picked":"SKIP","floor":13},{"not_picked":["Havoc","Thunderclap"],"picked":"Twin Strike","floor":14},{"not_picked":["Brutality","Bludgeon"],"picked":"Limit Break","floor":16},{"not_picked":["True Grit","Feel No Pain","Wild Strike"],"picked":"SKIP","floor":18},{"not_picked":["Spot Weakness","Intimidate"],"picked":"Ghostly Armor+1","floor":20},{"not_picked":["Flex+1","Dark Embrace","Anger"],"picked":"SKIP","floor":23},{"not_picked":["Armaments","Iron Wave+1","Sentinel+1"],"picked":"SKIP","floor":30},{"not_picked":["Pummel","Wild Strike","Sentinel"],"picked":"SKIP","floor":31},{"not_picked":["Impervious","Barricade","Feed"],"picked":"Limit Break","floor":33},{"not_picked":["Twin Strike+1","Second Wind","Spot Weakness","Corruption+1"],"picked":"SKIP","floor":35},{"not_picked":["Uppercut","Sword Boomerang+1","True Grit","Intimidate"],"picked":"SKIP","floor":38},{"not_picked":["Sentinel","Havoc","Armaments"],"picked":"Shrug It Off","floor":39},{"not_picked":["Iron Wave+1","Clash+1","Shockwave"],"picked":"Inflame+1","floor":41},{"not_picked":["Armaments+1","Intimidate","Bloodletting","Berserk"],"picked":"SKIP","floor":45},{"not_picked":["Shrug It Off","Sentinel+1","Flex+1","Dropkick+1"],"picked":"SKIP","floor":48},{"not_picked":["Sword Boomerang+1","Carnage","Havoc+1","Iron Wave"],"picked":"SKIP","floor":54}],"player_experience":145411,"relics_obtained":[{"floor":7,"key":"Art of War"},{"floor":9,"key":"Bag of Preparation"},{"floor":12,"key":"Bronze Scales"},{"floor":23,"key":"Juzu Bracelet"},{"floor":26,"key":"Meat on the Bone"},{"floor":31,"key":"Question Card"},{"floor":37,"key":"Nunchaku"},{"floor":48,"key":"Smiling Mask"},{"floor":54,"key":"Mercury Hourglass"}],"event_choices":[{"damage_healed":0,"gold_gain":0,"player_choice":"Success","damage_taken":3,"relics_obtained":["Sundial"],"max_hp_gain":0,"max_hp_loss":0,"event_name":"Scrap Ooze","floor":3,"gold_loss":0},{"damage_healed":0,"gold_gain":0,"player_choice":"Got Potions","damage_taken":0,"max_hp_gain":0,"max_hp_loss":0,"event_name":"Lab","floor":19,"gold_loss":0},{"damage_healed":0,"gold_gain":0,"player_choice":"Ignored","damage_taken":0,"max_hp_gain":0,"max_hp_loss":0,"event_name":"Ghosts","floor":22,"gold_loss":0},{"damage_healed":0,"gold_gain":99,"player_choice":"Stole From Cult","damage_taken":0,"max_hp_gain":0,"max_hp_loss":0,"event_name":"Nest","floor":24,"gold_loss":0},{"damage_healed":0,"gold_gain":0,"player_choice":"Opened","damage_taken":0,"relics_obtained":["Paper Frog"],"max_hp_gain":0,"max_hp_loss":0,"event_name":"The Mausoleum","floor":28,"gold_loss":0,"cards_obtained":["Writhe"]},{"damage_healed":0,"gold_gain":0,"player_choice":"Fight","damage_taken":0,"max_hp_gain":0,"max_hp_loss":0,"event_name":"MindBloom","floor":37,"gold_loss":0},{"damage_healed":0,"gold_gain":0,"player_choice":"Ignored","damage_taken":0,"max_hp_gain":0,"max_hp_loss":0,"event_name":"Mysterious Sphere","floor":44,"gold_loss":0},{"damage_healed":0,"gold_gain":0,"player_choice":"Max HP","damage_taken":0,"max_hp_gain":0,"max_hp_loss":4,"event_name":"Winding Halls","floor":47,"gold_loss":0}],"is_beta":false,"boss_relics":[{"not_picked":["Black Blood","Cursed Key"],"picked":"Velvet Choker"},{"not_picked":["Snecko Eye","Runic Dome"],"picked":"Philosopher\u0027s Stone"}],"items_purged_floors":[27,53],"is_endless":false,"potions_floor_spawned":[2,4,7,10,11,14,20,30,33,38,39,41,45],"killed_by":"The Heart","ascension_level":6}