{"gold_per_floor":[214,229,229,247,247,247,272,0,27,77,112,112,138,149,149,220,220,240,255,255,267,367,367,386,412,442,442,442,5,21,38,38,112,112,124,74,94,105,18,18],"floor_reached":40,"playtime":2190,"items_purged":["Strike_G"],"score":902,"play_id":"6e893bca-ce88-46cd-ba1f-58cad9ab4730","local_time":"20190216095823","is_ascension_mode":true,"campfire_choices":[{"floor":6.0,"key":"REST"},{"floor":12.0,"key":"REST"},{"floor":15.0,"key":"REST"},{"floor":23.0,"key":"REST"},{"floor":27.0,"key":"REST"},{"floor":32,"key":"REST"}],"neow_cost":"NONE","seed_source_timestamp":152270832368,"circlet_count":0,"master_deck":["AscendersBane","Defend_G","Defend_G+1","Defend_G","Defend_G","Defend_G","Strike_G","Strike_G+1","Strike_G","Strike_G","Survivor+1","Neutralize","Crippling Poison","Poisoned Stab+1","Dagger Throw","Flying Knee","PiercingWail+1","Malaise","Doppelganger","Deadly Poison","Corpse Explosion","Footwork","Night Terror","Crippling Poison","Well Laid Plans","After Image","Apotheosis","Catalyst","Acrobatics","Dodge and Roll","Noxious Fumes","After Image","Caltrops+1","Well Laid Plans"],"special_seed":0,"relics":["Ring of the Snake","Lantern","Blood Vial","War Paint","Pocketwatch","Ninja Scroll","Sozu","Bottled Lightning","Prayer Wheel","Paper Crane","Anchor","Tiny Chest","Juzu Bracelet","Vajra","Philosopher\u0027s Stone","Mummified Hand"],"potions_floor_usage":[],"damage_taken":[{"damage":1.0,"enemies":"Cultist","floor":1.0,"turns":4.0},{"damage":1.0,"enemies":"2 Louse","floor":2.0,"turns":4.0},{"damage":11.0,"enemies":"Small Slimes","floor":4.0,"turns":4.0},{"damage":18.0,"enemies":"Gremlin Nob","floor":7.0,"turns":4.0},{"damage":13.0,"enemies":"Lagavulin","floor":11.0,"turns":6.0},{"damage":38.0,"enemies":"Gremlin Nob","floor":13.0,"turns":5.0},{"damage":0.0,"enemies":"Red Slaver","floor":14.0,"turns":2.0},{"damage":5.0,"enemies":"The Guardian","floor":16.0,"turns":9.0},{"damage":0.0,"enemies":"3 Byrds","floor":18.0,"turns":3.0},{"damage":10.0,"enemies":"Chosen","floor":19.0,"turns":4.0},{"damage":0.0,"enemies":"Snake Plant","floor":21.0,"turns":6.0},{"damage":10.0,"enemies":"Colosseum Slavers","floor":22.0,"turns":6.0},{"damage":30.0,"enemies":"Colosseum Nobs","floor":22.0,"turns":5.0},{"damage":8.0,"enemies":"Centurion and Healer","floor":24.0,"turns":7.0},{"damage":12.0,"enemies":"Book of Stabbing","floor":25.0,"turns":6.0},{"damage":6.0,"enemies":"Snecko","floor":30.0,"turns":5.0},{"damage":5,"enemies":"Shelled Parasite and Fungi","floor":31,"turns":4},{"damage":30,"enemies":"Collector","floor":33,"turns":7},{"damage":26,"enemies":"3 Darklings","floor":35,"turns":4},{"damage":0,"enemies":"3 Shapes","floor":37,"turns":5},{"damage":0,"enemies":"Maw","floor":38,"turns":4},{"damage":47,"enemies":"Reptomancer","floor":40,"turns":3}],"seed_played":"-7465609786829296620","potions_obtained":[{"floor":1.0,"key":"Fruit Juice"},{"floor":11.0,"key":"LiquidBronze"},{"floor":13.0,"key":"GhostInAJar"},{"floor":16.0,"key":"SpeedPotion"}],"is_trial":false,"path_per_floor":["M","M","?","M","?","R","E","$","T","?","E","R","E","M","R","B",null,"M","M","T","M","?","R","M","E","T","R","T","$","M","M","R","B",null,"M","?","M","M","$","E"],"character_chosen":"THE_SILENT","items_purchased":["Blood Vial","PiercingWail","SkillPotion","Vajra","Apotheosis","Well Laid Plans"],"campfire_rested":6,"item_purchase_floors":[8,8,8,29,29,39],"current_hp_per_floor":[63,62,62,51,30,51,33,33,33,33,22,43,7,9,30,27,60,62,54,54,56,20,41,35,25,25,46,46,46,42,39,60,32,61,37,37,39,41,41,0],"gold":18,"neow_bonus":"HUNDRED_GOLD","is_prod":false,"is_daily":false,"chose_seed":false,"campfire_upgraded":0,"win_rate":0,"timestamp":1550329103,"path_taken":["M","M","?","M","?","R","E","$","T","?","E","R","E","M","R","BOSS","M","M","?","M","?","R","M","E","T","R","?","$","M","M","R","BOSS","M","?","M","M","$","E"],"build_version":"2019-01-23","purchased_purges":1,"victory":false,"max_hp_per_floor":[71,71,71,71,71,71,71,71,71,71,71,71,71,71,71,71,71,71,71,71,71,71,71,71,71,71,71,71,71,71,71,71,71,71,71,71,71,71,71,71],"card_choices":[{"not_picked":["Choke","Cloak And Dagger"],"picked":"Crippling Poison","floor":1.0},{"not_picked":["Flying Knee","Dagger Throw"],"picked":"Poisoned Stab","floor":2.0},{"not_picked":["Flying Knee","Backflip"],"picked":"Dagger Throw","floor":4.0},{"not_picked":["Heel Hook","Riddle With Holes"],"picked":"Flying Knee","floor":7.0},{"not_picked":["All Out Attack","Tactician"],"picked":"Malaise","floor":11.0},{"not_picked":["Heel Hook","Acrobatics"],"picked":"Doppelganger","floor":13.0},{"not_picked":["Prepared","Sucker Punch"],"picked":"Deadly Poison","floor":14.0},{"not_picked":["Wraith Form v2","Doppelganger"],"picked":"Corpse Explosion","floor":16.0},{"not_picked":["Dagger Spray","Prepared","Cloak And Dagger"],"picked":"SKIP","floor":18.0},{"not_picked":["Dodge and Roll","Sucker Punch"],"picked":"Footwork","floor":19.0},{"not_picked":["Prepared","Bane"],"picked":"Night Terror","floor":21.0},{"not_picked":["Blur","Blade Dance"],"picked":"Crippling Poison","floor":24.0},{"not_picked":["Quick Slash","Slice+1"],"picked":"Well Laid Plans","floor":24.0},{"not_picked":["Leg Sweep","Backflip"],"picked":"After Image","floor":25.0},{"not_picked":["Sucker Punch","PiercingWail"],"picked":"Catalyst","floor":30.0},{"not_picked":["Bouncing Flask","Setup"],"picked":"Acrobatics","floor":30.0},{"not_picked":["Tactician","Outmaneuver"],"picked":"Dodge and Roll","floor":31},{"not_picked":["Sucker Punch","Dodge and Roll"],"picked":"Noxious Fumes","floor":31},{"not_picked":["Corpse Explosion","Envenom"],"picked":"After Image","floor":33},{"not_picked":["Choke","All Out Attack+1","Eviscerate"],"picked":"SKIP","floor":35},{"not_picked":["Prepared","Finisher","Deflect"],"picked":"SKIP","floor":35},{"not_picked":["Outmaneuver+1","Setup+1","Distraction"],"picked":"SKIP","floor":37},{"not_picked":["Heel Hook","Dagger Throw","Deadly Poison"],"picked":"SKIP","floor":37},{"not_picked":["Flechettes","Quick Slash"],"picked":"Caltrops+1","floor":38},{"not_picked":["Poisoned Stab","Heel Hook+1","Dagger Throw+1"],"picked":"SKIP","floor":38}],"player_experience":650050,"relics_obtained":[{"floor":7.0,"key":"Lantern"},{"floor":9.0,"key":"War Paint"},{"floor":11.0,"key":"Pocketwatch"},{"floor":13.0,"key":"Ninja Scroll"},{"floor":20.0,"key":"Bottled Lightning"},{"floor":22.0,"key":"Prayer Wheel"},{"floor":22.0,"key":"Paper Crane"},{"floor":25.0,"key":"Anchor"},{"floor":26.0,"key":"Tiny Chest"},{"floor":28.0,"key":"Juzu Bracelet"}],"event_choices":[{"damage_healed":0.0,"max_hp_gain":0.0,"max_hp_loss":0.0,"gold_gain":0.0,"event_name":"Living Wall","player_choice":"Grow","floor":3.0,"gold_loss":0.0,"damage_taken":0.0,"cards_upgraded":["Poisoned Stab"]},{"damage_healed":0.0,"max_hp_gain":0.0,"max_hp_loss":0.0,"gold_gain":0.0,"event_name":"Shining Light","player_choice":"Entered Light","floor":5.0,"gold_loss":0.0,"damage_taken":21.0,"cards_upgraded":["Survivor","Strike_G"]},{"damage_healed":0.0,"max_hp_gain":0.0,"max_hp_loss":0.0,"gold_gain":50.0,"event_name":"Golden Shrine","player_choice":"Pray","floor":10.0,"gold_loss":0.0,"damage_taken":0.0},{"damage_healed":0.0,"max_hp_gain":0.0,"max_hp_loss":0.0,"gold_gain":0.0,"event_name":"Colosseum","player_choice":"Fight","floor":22.0,"gold_loss":0.0,"damage_taken":0.0},{"damage_healed":0.0,"max_hp_gain":0.0,"max_hp_loss":0.0,"gold_gain":0.0,"event_name":"Colosseum","player_choice":"Fought Nobs","floor":22.0,"gold_loss":0.0,"damage_taken":0.0},{"damage_healed":0,"gold_gain":0,"player_choice":"Paid Gold","damage_taken":0,"relics_obtained":["Mummified Hand"],"max_hp_gain":0,"max_hp_loss":0,"event_name":"WeMeetAgain","floor":36,"gold_loss":50}],"is_beta":false,"boss_relics":[{"not_picked":["Empty Cage","Fusion Hammer"],"picked":"Sozu"},{"not_picked":["Orrery","Velvet Choker"],"picked":"Philosopher\u0027s Stone"}],"items_purged_floors":[29],"is_endless":false,"potions_floor_spawned":[1,11,13,16,18,22,24,30,31,38],"killed_by":"Reptomancer","ascension_level":20}