{"gold_per_floor":[163,163,175,194,213,213,246,258,281,39,39],"floor_reached":11,"playtime":443,"items_purged":[],"score":143,"play_id":"78e05cbc-599a-4f7f-bed0-ca4bc6f6bfbe","local_time":"20181201115318","is_ascension_mode":true,"campfire_choices":[{"data":"Neutralize","floor":6,"key":"SMITH"}],"neow_cost":"NONE","seed_source_timestamp":1463855610172420,"circlet_count":0,"master_deck":["AscendersBane","Defend_G","Defend_G","Defend_G","Defend_G","Defend_G","Strike_G","Strike_G","Strike_G","Strike_G+1","Strike_G","Survivor","Neutralize+1","Sucker Punch","Caltrops","Poisoned Stab","Quick Slash","Noxious Fumes","Calculated Gamble","PiercingWail","Footwork"],"relics":["Tiny House","Question Card","Lantern","Bag of Preparation","Oddly Smooth Stone"],"potions_floor_usage":[5,7,8,8,11],"damage_taken":[{"damage":3,"enemies":"Cultist","floor":1,"turns":4},{"damage":3,"enemies":"Small Slimes","floor":3,"turns":4},{"damage":3,"enemies":"2 Louse","floor":4,"turns":3},{"damage":23,"enemies":"Large Slime","floor":5,"turns":6},{"damage":29,"enemies":"Gremlin Nob","floor":7,"turns":5},{"damage":1,"enemies":"3 Louse","floor":8,"turns":3},{"damage":9,"enemies":"Exordium Wildlife","floor":11,"turns":3}],"seed_played":"-4421343160116692488","potions_obtained":[{"floor":0,"key":"Weak Potion"},{"floor":4,"key":"SpeedPotion"},{"floor":5,"key":"EntropicBrew"},{"floor":8,"key":"SpeedPotion"}],"is_trial":false,"path_per_floor":["M","T","M","M","M","R","E","M","T","$","M"],"character_chosen":"THE_SILENT","items_purchased":["Oddly Smooth Stone","Footwork"],"campfire_rested":0,"item_purchase_floors":[10,10],"current_hp_per_floor":[61,61,58,55,32,32,3,2,2,2,0],"gold":39,"neow_bonus":"BOSS_RELIC","is_prod":false,"is_daily":false,"chose_seed":false,"campfire_upgraded":1,"win_rate":0,"timestamp":1543683198,"path_taken":["M","?","?","M","M","R","E","M","T","$","M"],"build_version":"2018-11-15","purchased_purges":0,"victory":false,"max_hp_per_floor":[71,71,71,71,71,71,71,71,71,71,71],"card_choices":[{"not_picked":["Dodge and Roll","Quick Slash"],"picked":"Sucker Punch","floor":0},{"not_picked":["Bane","Prepared"],"picked":"Caltrops","floor":1},{"not_picked":["Sucker Punch","Bane","Acrobatics"],"picked":"Poisoned Stab","floor":3},{"not_picked":["Sucker Punch","Choke","Endless Agony"],"picked":"Quick Slash","floor":4},{"not_picked":["Riddle With Holes","Heel Hook","Dodge and Roll"],"picked":"Noxious Fumes","floor":5},{"not_picked":["Eviscerate","Deadly Poison","Outmaneuver"],"picked":"Calculated Gamble","floor":7},{"not_picked":["Tools of the Trade","Deadly Poison","Slice"],"picked":"PiercingWail","floor":8}],"player_experience":573577,"relics_obtained":[{"floor":2,"key":"Question Card"},{"floor":7,"key":"Lantern"},{"floor":9,"key":"Bag of Preparation"}],"event_choices":[],"is_beta":false,"boss_relics":[],"items_purged_floors":[],"is_endless":false,"potions_floor_spawned":[4,5,8],"killed_by":"Exordium Wildlife","ascension_level":18}