{"gold_per_floor":[20,39,4,23,23,23,56,56,81,112,123,123,135,135,135,211,211,229,144,144,163,177,207,207,307,307,326,326,342,342,50,50,124,124,134,153,153,169,183,183,201,44,112,212,230,230,230,245,245,245],"floor_reached":51,"playtime":2203,"items_purged":["Strike_R"],"score":1270,"play_id":"17295fe9-c574-41ab-b719-e1b79520667e","local_time":"20181128152816","is_ascension_mode":true,"campfire_choices":[{"data":"Whirlwind","floor":6,"key":"SMITH"},{"data":"Bash","floor":8,"key":"SMITH"},{"data":"Disarm","floor":12,"key":"SMITH"},{"data":"Flame Barrier","floor":15,"key":"SMITH"},{"data":"Feed","floor":24,"key":"SMITH"},{"data":"True Grit","floor":28,"key":"SMITH"},{"data":"Corruption","floor":30,"key":"SMITH"},{"data":"Warcry","floor":32,"key":"SMITH"},{"data":"Inflame","floor":40,"key":"SMITH"},{"data":"Shrug It Off","floor":46,"key":"SMITH"},{"data":"Shockwave","floor":49,"key":"SMITH"}],"neow_cost":"NO_GOLD","seed_source_timestamp":1215772208792125,"circlet_count":0,"master_deck":["AscendersBane","Strike_R","Strike_R","Strike_R","Defend_R","Defend_R","Defend_R","Defend_R","Bash+1","Disarm+1","Whirlwind+1","Flame Barrier+1","Carnage","Shrug It Off+1","Feed+1","True Grit","Ghostly","Ghostly","Ghostly","True Grit+1","Warcry+1","Corruption+1","Ghostly","Reaper","Inflame+1","Shrug It Off","Battle Trance","Madness","Madness","Shockwave+1"],"relics":["Burning Blood","StoneCalendar","Happy Flower","Bag of Marbles","Lantern","Philosopher\u0027s Stone","Mercury Hourglass","Mummified Hand","Mango","Ornamental Fan","Paper Frog","DollysMirror","Sozu","Oddly Smooth Stone","Sundial","Pocketwatch"],"potions_floor_usage":[7,10,23,23,33,33],"damage_taken":[{"damage":2,"enemies":"Cultist","floor":1,"turns":4},{"damage":10,"enemies":"Jaw Worm","floor":2,"turns":5},{"damage":0,"enemies":"2 Louse","floor":4,"turns":1},{"damage":27,"enemies":"Gremlin Nob","floor":7,"turns":4},{"damage":18,"enemies":"Lagavulin","floor":10,"turns":5},{"damage":4,"enemies":"Looter","floor":11,"turns":3},{"damage":0,"enemies":"2 Fungi Beasts","floor":13,"turns":1},{"damage":18,"enemies":"The Guardian","floor":16,"turns":8},{"damage":0,"enemies":"2 Thieves","floor":18,"turns":1},{"damage":0,"enemies":"3 Byrds","floor":21,"turns":1},{"damage":19,"enemies":"Centurion and Healer","floor":22,"turns":6},{"damage":34,"enemies":"Book of Stabbing","floor":23,"turns":6},{"damage":0,"enemies":"Colosseum Slavers","floor":25,"turns":1},{"damage":0,"enemies":"Colosseum Nobs","floor":25,"turns":2},{"damage":3,"enemies":"Cultist and Chosen","floor":27,"turns":7},{"damage":19,"enemies":"3 Cultists","floor":29,"turns":6},{"damage":35,"enemies":"Automaton","floor":33,"turns":9},{"damage":0,"enemies":"3 Shapes","floor":35,"turns":6},{"damage":0,"enemies":"3 Darklings","floor":36,"turns":5},{"damage":18,"enemies":"Maw","floor":38,"turns":8},{"damage":0,"enemies":"Jaw Worm Horde","floor":39,"turns":5},{"damage":21,"enemies":"Spire Growth","floor":41,"turns":5},{"damage":0,"enemies":"Mind Bloom Boss Battle","floor":44,"turns":8},{"damage":2,"enemies":"Maw","floor":45,"turns":7},{"damage":0,"enemies":"Sphere and 2 Shapes","floor":48,"turns":2},{"damage":67,"enemies":"Time Eater","floor":50,"turns":11}],"seed_played":"-3969163082745912147","potions_obtained":[{"floor":1,"key":"PowerPotion"},{"floor":7,"key":"PowerPotion"},{"floor":11,"key":"SpeedPotion"},{"floor":16,"key":"Regen Potion"},{"floor":21,"key":"Regen Potion"},{"floor":25,"key":"Weak Potion"},{"floor":29,"key":"Energy Potion"}],"is_trial":false,"path_per_floor":["M","M","?","M","?","R","E","R","T","E","M","R","M","?","R","B",null,"M","?","?","M","M","E","R","?","T","M","R","M","R","$","R","B",null,"M","M","?","M","M","R","M","$","T","?","M","R","?","M","R","B",null],"character_chosen":"IRONCLAD","items_purchased":["DollysMirror","Oddly Smooth Stone"],"campfire_rested":0,"item_purchase_floors":[31,42],"current_hp_per_floor":[72,68,75,75,75,75,54,54,54,42,44,44,50,75,75,63,72,75,75,37,37,24,20,20,50,50,57,57,44,44,44,44,15,48,63,63,59,51,57,57,53,53,53,67,67,67,55,61,61,12],"gold":245,"neow_bonus":"ONE_RARE_RELIC","is_prod":false,"is_daily":false,"chose_seed":false,"campfire_upgraded":11,"win_rate":0,"timestamp":1543436896,"path_taken":["M","?","?","M","?","R","E","R","T","E","?","R","M","?","R","BOSS","M","?","?","M","M","E","R","?","T","M","R","?","R","$","R","BOSS","M","?","?","M","?","R","M","$","T","?","M","R","?","M","R","BOSS"],"build_version":"2018-11-15","purchased_purges":1,"victory":true,"max_hp_per_floor":[75,75,75,75,75,75,75,75,75,75,75,75,75,75,75,75,75,75,75,37,37,37,37,37,55,55,59,59,59,59,59,59,59,59,63,63,63,63,63,63,67,67,67,67,67,67,67,67,67,67],"card_choices":[{"not_picked":["Corruption","Heavy Blade"],"picked":"Disarm","floor":1},{"not_picked":["Combust","Twin Strike"],"picked":"Whirlwind","floor":2},{"not_picked":["Havoc","Anger","Twin Strike"],"picked":"SKIP","floor":4},{"not_picked":["Flex","Havoc"],"picked":"Flame Barrier","floor":7},{"not_picked":["Flex","Power Through","Cleave"],"picked":"SKIP","floor":10},{"not_picked":["Heavy Blade","Pummel"],"picked":"Carnage","floor":11},{"not_picked":["True Grit","Feel No Pain"],"picked":"Shrug It Off","floor":13},{"not_picked":["Dark Embrace","Juggernaut"],"picked":"Feed","floor":16},{"not_picked":["Clash","Armaments"],"picked":"True Grit","floor":18},{"not_picked":["Clothesline","Body Slam"],"picked":"True Grit","floor":21},{"not_picked":["Iron Wave+1","Sword Boomerang","Power Through"],"picked":"SKIP","floor":22},{"not_picked":["Dropkick","Infernal Blade","Iron Wave"],"picked":"SKIP","floor":23},{"not_picked":["Pommel Strike","Pummel+1"],"picked":"Warcry","floor":25},{"not_picked":["Flex","Fire Breathing","Cleave"],"picked":"SKIP","floor":27},{"not_picked":["Clash","Anger"],"picked":"Corruption","floor":29},{"not_picked":["Barricade","Immolate"],"picked":"Reaper","floor":33},{"not_picked":["Headbutt","Clash","True Grit"],"picked":"SKIP","floor":35},{"not_picked":["Body Slam","Pommel Strike"],"picked":"Inflame","floor":36},{"not_picked":["Havoc","Wild Strike+1","Perfected Strike"],"picked":"SKIP","floor":38},{"not_picked":["Double Tap","Uppercut"],"picked":"Shrug It Off","floor":39},{"not_picked":["Armaments","Rage","Heavy Blade"],"picked":"SKIP","floor":41},{"not_picked":["Anger+1","Body Slam"],"picked":"Battle Trance","floor":45},{"not_picked":["Thunderclap","Anger"],"picked":"Shockwave","floor":48}],"player_experience":530871,"relics_obtained":[{"floor":7,"key":"Happy Flower"},{"floor":9,"key":"Bag of Marbles"},{"floor":10,"key":"Lantern"},{"floor":23,"key":"Mummified Hand"},{"floor":25,"key":"Mango"},{"floor":25,"key":"Ornamental Fan"},{"floor":26,"key":"Paper Frog"},{"floor":43,"key":"Sundial"},{"floor":44,"key":"Pocketwatch"}],"event_choices":[{"damage_healed":18,"gold_gain":0,"player_choice":"Healed","damage_taken":0,"max_hp_gain":0,"max_hp_loss":0,"event_name":"The Cleric","floor":3,"gold_loss":35},{"cards_removed":["Strike_R"],"damage_healed":0,"gold_gain":0,"player_choice":"Purged","damage_taken":0,"max_hp_gain":0,"max_hp_loss":0,"event_name":"Purifier","floor":5,"gold_loss":0},{"damage_healed":25,"gold_gain":0,"player_choice":"Banana","damage_taken":0,"max_hp_gain":0,"max_hp_loss":0,"event_name":"Big Fish","floor":14,"gold_loss":0},{"damage_healed":0,"gold_gain":0,"player_choice":"Obtained Relic","damage_taken":0,"relics_obtained":["Mercury Hourglass"],"max_hp_gain":0,"max_hp_loss":0,"event_name":"Addict","floor":19,"gold_loss":85},{"damage_healed":0,"gold_gain":0,"player_choice":"Became a Ghost","damage_taken":0,"max_hp_gain":0,"max_hp_loss":38,"event_name":"Ghosts","floor":20,"gold_loss":0,"cards_obtained":["Ghostly","Ghostly","Ghostly"]},{"damage_healed":0,"gold_gain":0,"player_choice":"Fight","damage_taken":0,"max_hp_gain":0,"max_hp_loss":0,"event_name":"Colosseum","floor":25,"gold_loss":0},{"damage_healed":0,"gold_gain":0,"player_choice":"Fought Nobs","damage_taken":0,"max_hp_gain":0,"max_hp_loss":0,"event_name":"Colosseum","floor":25,"gold_loss":0},{"damage_healed":0,"gold_gain":0,"player_choice":"Bought 0 Potions","damage_taken":0,"max_hp_gain":0,"max_hp_loss":0,"event_name":"The Woman in Blue","floor":37,"gold_loss":0},{"damage_healed":0,"gold_gain":0,"player_choice":"Fight","damage_taken":0,"max_hp_gain":0,"max_hp_loss":0,"event_name":"MindBloom","floor":44,"gold_loss":0},{"damage_healed":0,"gold_gain":0,"player_choice":"Embrace Madness","damage_taken":12,"max_hp_gain":0,"max_hp_loss":0,"event_name":"Winding Halls","floor":47,"gold_loss":0,"cards_obtained":["Madness","Madness"]}],"is_beta":false,"boss_relics":[{"not_picked":["Cursed Key","Runic Pyramid"],"picked":"Philosopher\u0027s Stone"},{"not_picked":["Black Star","Snecko Eye"],"picked":"Sozu"}],"items_purged_floors":[31],"is_endless":false,"potions_floor_spawned":[1,7,11,16,21,22,25,29,35,36,44,45,48],"ascension_level":18}