{"path_per_floor":["M","?","$","M","M","R","E","M","T","E","R","?","M","M","R"],"character_chosen":"THE_SILENT","items_purchased":["Enlightenment"],"gold_per_floor":[129,204,29,47,62,62,93,111,111,141,141,206,224,240,240],"floor_reached":16,"campfire_rested":2,"playtime":1873,"current_hp_per_floor":[75,64,64,50,42,42,15,10,10,6,28,14,14,16,38],"items_purged":[],"gold":240,"score":118,"play_id":"7aeef7f7-3ddb-432a-893f-ccb935498d76","is_prod":false,"is_daily":false,"is_ascension_mode":true,"campfire_upgraded":1,"path_taken":["M","?","$","M","M","R","E","M","T","E","R","?","M","M","R","BOSS"],"build_version":"2018-02-12-PROD1","purchased_purges":0,"victory":false,"master_deck":["Defend_G","Defend_G","Defend_G","Defend_G","Defend_G","Strike_G","Strike_G","Strike_G","Strike_G","Strike_G","Survivor","Neutralize","Dash","Enlightenment+1","Prepared","Outmaneuver","Eviscerate+1","Heel Hook+1","Prepared","Cloak And Dagger","A Thousand Cuts","Escape Plan"],"max_hp_per_floor":[75,75,75,75,75,75,75,75,75,75,75,75,75,75,75],"relics":["Tiny House","Molten Egg 2","Unceasing Top","Blood Vial","Mummified Hand"],"card_choices":[{"not_picked":["Dodge and Roll","Quick Slash"],"picked":"Dash"},{"not_picked":["PiercingWail","Poisoned Stab"],"picked":"Prepared"},{"not_picked":["Skewer","Setup"],"picked":"Outmaneuver"},{"not_picked":["Catalyst","Skewer"],"picked":"Eviscerate"},{"not_picked":["Setup","Outmaneuver"],"picked":"Heel Hook"},{"not_picked":["Deflect","Quick Slash"],"picked":"Prepared"},{"not_picked":["Malaise","Bane"],"picked":"Cloak And Dagger"},{"not_picked":["Deflect","Outmaneuver"],"picked":"A Thousand Cuts"},{"not_picked":["Acrobatics","Flying Knee"],"picked":"Escape Plan"}],"player_experience":108450,"potions_floor_usage":[8,10,10,13],"damage_taken":[{"damage":0,"enemies":"2 Louse","floor":1,"turns":3},{"damage":14,"enemies":"Small Slimes","floor":4,"turns":4},{"damage":8,"enemies":"Jaw Worm","floor":5,"turns":4},{"damage":27,"enemies":"3 Sentries","floor":7,"turns":11},{"damage":5,"enemies":"2 Fungi Beasts","floor":8,"turns":5},{"damage":4,"enemies":"Lagavulin","floor":10,"turns":7},{"damage":16,"enemies":"3 Sentries","floor":12,"turns":10},{"damage":2,"enemies":"Gremlin Gang","floor":13,"turns":5},{"damage":0,"enemies":"Large Slime","floor":14,"turns":4},{"damage":42,"enemies":"The Guardian","floor":16,"turns":8}],"event_choices":[{"event_name":"World of Goop","player_choice":"Gather Gold","floor":2,"damage_taken":0},{"event_name":"Dead Adventurer","player_choice":"Searched \u00272\u0027 times","floor":12,"damage_taken":0}],"boss_relics":[],"potions_floor_spawned":[4,5,7,12],"seed_played":"5899906556043693142","killed_by":"The Guardian","ascension_level":1,"is_trial":false}