{"gold_per_floor":[117,61,6,16,35,70,90,90,113,113,83,83,115,130,130,206,206,218,218,233,246,246],"floor_reached":22,"playtime":828,"items_purged":[],"score":392,"play_id":"24ae8f62-220b-44fd-a951-72426b2666ff","local_time":"20190221111153","is_ascension_mode":true,"campfire_choices":[{"data":"Whirlwind","floor":8,"key":"SMITH"},{"data":"Inflame","floor":10,"key":"SMITH"},{"data":"Bash","floor":12,"key":"SMITH"},{"data":"Pommel Strike","floor":15,"key":"SMITH"}],"neow_cost":"NONE","seed_source_timestamp":362279013521871,"circlet_count":0,"master_deck":["AscendersBane","Strike_R","Strike_R","Strike_R","Strike_R","Strike_R","Defend_R","Defend_R","Defend_R","Defend_R","Bash+1","Iron Wave","Whirlwind+1","True Grit","Flex","Inflame+1","Battle Trance","Pommel Strike+1","Offering","Evolve+1","Shrug It Off"],"relics":["Burning Blood","NeowsBlessing","Lantern","Happy Flower","Potion Belt","Art of War","Mark of Pain","Du-Vu Doll"],"potions_floor_usage":[6,13,13,13,16,16,16,20],"damage_taken":[{"damage":0,"enemies":"Cultist","floor":1,"turns":1},{"damage":0,"enemies":"2 Louse","floor":4,"turns":1},{"damage":0,"enemies":"Small Slimes","floor":5,"turns":1},{"damage":15,"enemies":"Gremlin Nob","floor":6,"turns":4},{"damage":0,"enemies":"2 Fungi Beasts","floor":7,"turns":4},{"damage":18,"enemies":"Lagavulin","floor":13,"turns":4},{"damage":4,"enemies":"Red Slaver","floor":14,"turns":3},{"damage":50,"enemies":"Hexaghost","floor":16,"turns":10},{"damage":24,"enemies":"2 Thieves","floor":18,"turns":3},{"damage":6,"enemies":"Chosen","floor":20,"turns":3},{"damage":23,"enemies":"Sentry and Sphere","floor":21,"turns":4},{"damage":35,"enemies":"Shelled Parasite and Fungi","floor":22,"turns":3}],"seed_played":"178188857959853007","potions_obtained":[{"floor":4,"key":"Dexterity Potion"},{"floor":7,"key":"EssenceOfSteel"},{"floor":11,"key":"AttackPotion"},{"floor":11,"key":"FearPotion"},{"floor":13,"key":"Fruit Juice"},{"floor":14,"key":"Regen Potion"},{"floor":18,"key":"Explosive Potion"},{"floor":21,"key":"Energy Potion"}],"is_trial":false,"path_per_floor":["M","?","$","M","M","E","M","R","T","R","?","R","E","M","R","B",null,"M","T","M","M","M"],"character_chosen":"IRONCLAD","items_purchased":["Block Potion"],"campfire_rested":0,"item_purchase_floors":[3],"current_hp_per_floor":[74,74,74,75,75,66,72,72,72,72,72,72,65,67,67,38,70,52,52,52,35,0],"gold":246,"neow_bonus":"THREE_ENEMY_KILL","is_prod":false,"is_daily":false,"chose_seed":false,"campfire_upgraded":4,"win_rate":0,"timestamp":1550765513,"path_taken":["M","?","?","M","M","E","M","R","T","R","?","R","E","M","R","BOSS","M","?","M","M","M"],"build_version":"2019-01-23","purchased_purges":0,"victory":false,"max_hp_per_floor":[75,75,75,75,75,75,75,75,75,75,75,75,80,80,80,80,80,80,80,80,80,80],"card_choices":[{"not_picked":["Intimidate","Twin Strike"],"picked":"Iron Wave","floor":1},{"not_picked":["Whirlwind","Flame Barrier","Wild Strike"],"picked":"SKIP","floor":4},{"not_picked":["Flame Barrier","Wild Strike"],"picked":"Whirlwind","floor":4},{"not_picked":["Cleave","Sever Soul"],"picked":"True Grit","floor":5},{"not_picked":["Perfected Strike","Sword Boomerang"],"picked":"Flex","floor":6},{"not_picked":["Evolve","Thunderclap"],"picked":"Inflame","floor":7},{"not_picked":["Wild Strike","Seeing Red"],"picked":"Battle Trance","floor":13},{"not_picked":["Flex","Bludgeon"],"picked":"Pommel Strike","floor":14},{"not_picked":["Juggernaut","Barricade"],"picked":"Offering","floor":16},{"not_picked":["Body Slam+1","Pommel Strike+1"],"picked":"Evolve+1","floor":18},{"not_picked":["Inflame","Clash","Hemokinesis+1"],"picked":"SKIP","floor":20},{"not_picked":["Clash","Headbutt"],"picked":"Shrug It Off","floor":21}],"player_experience":678967,"relics_obtained":[{"floor":6,"key":"Happy Flower"},{"floor":9,"key":"Potion Belt"},{"floor":13,"key":"Art of War"},{"floor":19,"key":"Du-Vu Doll"}],"event_choices":[{"damage_healed":0,"gold_gain":0,"player_choice":"Paid Gold","damage_taken":0,"relics_obtained":["Lantern"],"max_hp_gain":0,"max_hp_loss":0,"event_name":"WeMeetAgain","floor":2,"gold_loss":56},{"damage_healed":0,"gold_gain":0,"player_choice":"Bought 2 Potions","damage_taken":0,"max_hp_gain":0,"max_hp_loss":0,"event_name":"The Woman in Blue","floor":11,"gold_loss":0}],"is_beta":false,"boss_relics":[{"not_picked":["Snecko Eye","Runic Cube"],"picked":"Mark of Pain"}],"items_purged_floors":[],"is_endless":false,"potions_floor_spawned":[4,7,13,14,18,21],"killed_by":"Shelled Parasite and Fungi","ascension_level":20}