{"gold_per_floor":[119,119,119,131,69,69,82,82,82,82,102,113,13,24,24,127,127,140,65,85,112,129,129,129,129,183,193,193,193,228,244,244,348,348,366,385,67,83,0,0,20,20,75,75,25,45,64,64],"floor_reached":48,"playtime":2283,"items_purged":["Defend_R","Strike_R"],"score":488,"play_id":"2ae27e5b-83cb-4df8-b2e4-160525de384a","local_time":"20190228000039","is_ascension_mode":true,"campfire_choices":[{"data":"Inflame","floor":6,"key":"SMITH"},{"data":"Carnage","floor":8,"key":"SMITH"},{"data":"Bash","floor":10,"key":"SMITH"},{"data":"Body Slam","floor":15,"key":"SMITH"},{"data":"Body Slam","floor":23,"key":"SMITH"},{"floor":25,"key":"REST"},{"floor":29,"key":"REST"},{"floor":32,"key":"REST"},{"data":"Demon Form","floor":40,"key":"SMITH"}],"neow_cost":"NONE","seed_source_timestamp":1141689429998700,"circlet_count":0,"master_deck":["Strike_R+1","Strike_R","Strike_R+1","Defend_R","Defend_R","Bash+1","Inflame+1","Carnage+1","Sentinel","Body Slam+1","Body Slam+1","Entrench","Demon Form+1","Injury","Parasite","Headbutt+1","Impervious","Ghostly Armor","Carnage","Parasite","Dark Shackles","Shame","Dropkick","Rage+1"],"relics":["Burning Blood","NeowsBlessing","Lantern","Anchor","Whetstone","Cursed Key","Strawberry","Tiny Chest","Enchiridion","Oddly Smooth Stone","Velvet Choker","Vajra","Red Mask","Art of War"],"potions_floor_usage":[16,18,22,27,33,33,38,46,47,47,48],"damage_taken":[{"damage":0,"enemies":"2 Louse","floor":1,"turns":1},{"damage":0,"enemies":"Jaw Worm","floor":4,"turns":1},{"damage":0,"enemies":"Cultist","floor":7,"turns":1},{"damage":0,"enemies":"Exordium Thugs","floor":11,"turns":3},{"damage":0,"enemies":"2 Fungi Beasts","floor":12,"turns":3},{"damage":0,"enemies":"3 Louse","floor":14,"turns":2},{"damage":72,"enemies":"The Guardian","floor":16,"turns":9},{"damage":13,"enemies":"2 Thieves","floor":18,"turns":3},{"damage":2,"enemies":"Chosen","floor":20,"turns":3},{"damage":44,"enemies":"Shelled Parasite and Fungi","floor":22,"turns":5},{"damage":25,"enemies":"Cultist and Chosen","floor":27,"turns":6},{"damage":28,"enemies":"Book of Stabbing","floor":30,"turns":4},{"damage":33,"enemies":"Sentry and Sphere","floor":31,"turns":4},{"damage":36,"enemies":"Champ","floor":33,"turns":8},{"damage":1,"enemies":"Orb Walker","floor":35,"turns":2},{"damage":12,"enemies":"3 Darklings","floor":36,"turns":4},{"damage":24,"enemies":"4 Shapes","floor":38,"turns":5},{"damage":5,"enemies":"Writhing Mass","floor":41,"turns":5},{"damage":31,"enemies":"Sphere and 2 Shapes","floor":46,"turns":5},{"damage":42,"enemies":"Spire Growth","floor":47,"turns":4},{"damage":9,"enemies":"Maw","floor":48,"turns":7}],"seed_played":"-2802104391040708065","potions_obtained":[{"floor":1,"key":"Regen Potion"},{"floor":4,"key":"Poison Potion"},{"floor":7,"key":"Explosive Potion"},{"floor":16,"key":"AttackPotion"},{"floor":27,"key":"Explosive Potion"},{"floor":31,"key":"LiquidBronze"},{"floor":35,"key":"Fire Potion"},{"floor":36,"key":"SteroidPotion"},{"floor":41,"key":"Strength Potion"},{"floor":46,"key":"Block Potion"}],"is_trial":false,"path_per_floor":["M","?","?","M","?","R","M","R","T","R","M","M","$","M","R","B",null,"M","?","M","T","M","R","?","R","T","M","?","R","E","M","R","B",null,"M","M","$","M","?","R","M","?","T","?","$","M","M","M"],"character_chosen":"IRONCLAD","items_purchased":["Body Slam","Vajra","Carnage","PowerPotion"],"campfire_rested":3,"item_purchase_floors":[13,37,37,45],"current_hp_per_floor":[80,73,55,61,61,61,67,67,67,67,73,79,79,80,80,14,80,73,73,77,84,46,46,29,56,56,49,33,60,38,11,38,8,92,92,86,86,68,68,68,69,69,69,69,69,44,8,0],"gold":64,"neow_bonus":"THREE_ENEMY_KILL","is_prod":false,"is_daily":false,"chose_seed":false,"campfire_upgraded":6,"win_rate":0,"timestamp":1551272439,"path_taken":["M","?","?","M","?","R","M","R","T","R","M","M","$","M","R","BOSS","M","?","M","?","M","R","?","R","T","M","?","R","E","M","R","BOSS","M","M","$","M","?","R","M","?","T","?","$","M","M","M"],"build_version":"2019-01-23","purchased_purges":2,"victory":false,"max_hp_per_floor":[80,80,80,80,80,80,80,80,80,80,80,80,80,80,80,80,80,80,80,80,87,87,87,92,92,92,92,92,92,92,92,92,92,92,92,92,92,92,92,92,92,92,92,92,92,92,92,92],"card_choices":[{"not_picked":["True Grit","Thunderclap"],"picked":"Inflame","floor":1},{"not_picked":["Armaments","Pummel"],"picked":"Carnage","floor":4},{"not_picked":["Clothesline","Wild Strike","Cleave"],"picked":"SKIP","floor":7},{"not_picked":["Evolve","Warcry"],"picked":"Sentinel","floor":11},{"not_picked":["Pummel","Impervious"],"picked":"Body Slam","floor":12},{"not_picked":["Headbutt","Uppercut"],"picked":"Entrench","floor":14},{"not_picked":["Offering","Juggernaut"],"picked":"Demon Form","floor":16},{"not_picked":["Shrug It Off","Havoc+1","Wild Strike"],"picked":"SKIP","floor":18},{"not_picked":["Cleave","Pommel Strike"],"picked":"Body Slam+1","floor":20},{"not_picked":["Brutality","Heavy Blade","Bloodletting"],"picked":"SKIP","floor":22},{"not_picked":["Cleave+1","Rupture","Second Wind"],"picked":"SKIP","floor":27},{"not_picked":["Havoc","Clothesline","Perfected Strike"],"picked":"SKIP","floor":30},{"not_picked":["Carnage","Pommel Strike+1"],"picked":"Headbutt+1","floor":31},{"not_picked":["Demon Form","Fiend Fire"],"picked":"Impervious","floor":33},{"not_picked":["Sword Boomerang+1","Shrug It Off+1","Twin Strike+1"],"picked":"SKIP","floor":35},{"not_picked":["Havoc","Clothesline"],"picked":"Ghostly Armor","floor":36},{"not_picked":["Combust+1","Metallicize+1","Sentinel"],"picked":"SKIP","floor":38},{"not_picked":["Shockwave","Wild Strike","Warcry"],"picked":"SKIP","floor":41},{"not_picked":["Panacea","Master of Strategy"],"picked":"Dark Shackles","floor":42},{"not_picked":["Bloodletting+1","Power Through+1"],"picked":"Dropkick","floor":46},{"not_picked":["Clothesline+1","Clash+1"],"picked":"Rage+1","floor":47}],"player_experience":189027,"relics_obtained":[{"floor":9,"key":"Whetstone"},{"floor":21,"key":"Strawberry"},{"floor":26,"key":"Tiny Chest"},{"floor":28,"key":"Enchiridion"},{"floor":30,"key":"Oddly Smooth Stone"},{"floor":43,"key":"Art of War"}],"event_choices":[{"cards_removed":["Strike_R"],"damage_healed":0,"gold_gain":0,"player_choice":"Card Removal","damage_taken":7,"max_hp_gain":0,"max_hp_loss":0,"event_name":"Golden Wing","floor":2,"gold_loss":0},{"damage_healed":0,"gold_gain":0,"player_choice":"Success","damage_taken":18,"relics_obtained":["Lantern"],"max_hp_gain":0,"max_hp_loss":0,"event_name":"Scrap Ooze","floor":3,"gold_loss":0},{"damage_healed":0,"gold_gain":0,"player_choice":"Paid Gold","damage_taken":0,"relics_obtained":["Anchor"],"max_hp_gain":0,"max_hp_loss":0,"event_name":"WeMeetAgain","floor":5,"gold_loss":62},{"cards_removed":["Defend_R"],"damage_healed":0,"gold_gain":0,"player_choice":"Gave Gold","damage_taken":0,"max_hp_gain":0,"max_hp_loss":0,"event_name":"Beggar","floor":19,"gold_loss":75},{"damage_healed":0,"gold_gain":0,"player_choice":"Shed Blood","damage_taken":22,"max_hp_gain":5,"max_hp_loss":0,"event_name":"Forgotten Altar","floor":24,"gold_loss":0},{"damage_healed":0,"gold_gain":0,"player_choice":"Obtained Book","damage_taken":16,"max_hp_gain":0,"max_hp_loss":0,"event_name":"Cursed Tome","floor":28,"gold_loss":0},{"damage_healed":0,"gold_gain":0,"player_choice":"Paid","damage_taken":0,"relics_obtained":["Red Mask"],"max_hp_gain":0,"max_hp_loss":0,"event_name":"Tomb of Lord Red Mask","floor":39,"gold_loss":83},{"damage_healed":0,"gold_gain":0,"player_choice":"Memory 1","damage_taken":0,"max_hp_gain":0,"max_hp_loss":0,"event_name":"SensoryStone","floor":42,"gold_loss":0},{"cards_removed":["Body Slam"],"damage_healed":0,"gold_gain":0,"player_choice":"Removed Attack","damage_taken":0,"max_hp_gain":0,"max_hp_loss":0,"event_name":"Falling","floor":44,"gold_loss":0}],"is_beta":false,"boss_relics":[{"not_picked":["Busted Crown","Coffee Dripper"],"picked":"Cursed Key"},{"not_picked":["Empty Cage","Lizard Tail"],"picked":"Velvet Choker"}],"items_purged_floors":[13,37],"is_endless":false,"potions_floor_spawned":[1,4,7,16,27,31,35,36,41,46],"killed_by":"Maw","ascension_level":2}