{"gold_per_floor":[115,129,142,155,172,201,215,250,250,262,272,286,306,322,322,417,417,436,7,42,79,99],"floor_reached":22,"playtime":2983,"items_purged":[],"score":208,"play_id":"ff7e5262-b9a0-42cf-98ae-528510f8b309","local_time":"20190128160426","is_ascension_mode":false,"campfire_choices":[{"data":"Infernal Blade","floor":15,"key":"SMITH"}],"neow_cost":"NONE","seed_source_timestamp":0,"circlet_count":0,"master_deck":["Strike_R+1","Strike_R","Strike_R","Strike_R","Strike_R","Defend_R","Defend_R","Defend_R","Defend_R","Bash","Clothesline","Thunderclap","Cleave","Power Through","Pummel+1","Clash","Anger","Battle Trance","Rage","Whirlwind","Inflame","Infernal Blade+1","Disarm","Demon Form","Clothesline","HandOfGreed","Perfected Strike","Rage"],"special_seed":0,"relics":["Burning Blood","Gremlin Horn","Whetstone","Pantograph","Runic Pyramid","Dodecahedron"],"potions_floor_usage":[4,16,21],"damage_taken":[{"damage":5.0,"enemies":"Small Slimes","floor":1.0,"turns":3.0},{"damage":2.0,"enemies":"2 Louse","floor":2.0,"turns":3.0},{"damage":3,"enemies":"Jaw Worm","floor":3,"turns":4},{"damage":4,"enemies":"Looter","floor":4,"turns":3},{"damage":6,"enemies":"3 Louse","floor":5,"turns":2},{"damage":42,"enemies":"Gremlin Nob","floor":6,"turns":5},{"damage":0,"enemies":"Exordium Wildlife","floor":7,"turns":3},{"damage":20,"enemies":"Lagavulin","floor":8,"turns":8},{"damage":0,"enemies":"Large Slime","floor":10,"turns":4},{"damage":1,"enemies":"Gremlin Gang","floor":11,"turns":3},{"damage":2,"enemies":"Exordium Thugs","floor":12,"turns":4},{"damage":5,"enemies":"Looter","floor":13,"turns":2},{"damage":0,"enemies":"Exordium Wildlife","floor":14,"turns":2},{"damage":47,"enemies":"The Guardian","floor":16,"turns":9},{"damage":30,"enemies":"3 Byrds","floor":18,"turns":5},{"damage":32,"enemies":"Shell Parasite","floor":20,"turns":8},{"damage":26,"enemies":"Chosen and Byrds","floor":21,"turns":6},{"damage":44,"enemies":"Shelled Parasite and Fungi","floor":22,"turns":4}],"seed_played":"202228632397701468","potions_obtained":[{"floor":1.0,"key":"BloodPotion"},{"floor":2,"key":"GamblersBrew"},{"floor":4,"key":"Fruit Juice"},{"floor":8,"key":"GamblersBrew"},{"floor":11,"key":"Energy Potion"},{"floor":13,"key":"Swift Potion"},{"floor":16,"key":"LiquidBronze"}],"is_trial":false,"path_per_floor":["M","M","M","M","M","E","M","E","T","M","M","M","M","M","R","B",null,"M","$","M","M","M"],"character_chosen":"IRONCLAD","items_purchased":["Dodecahedron","HandOfGreed"],"campfire_rested":0,"item_purchase_floors":[19,19],"current_hp_per_floor":[88,88,88,93,93,57,63,49,49,55,60,64,65,71,71,52,93,69,69,43,32,0],"gold":99,"neow_bonus":"TEN_PERCENT_HP_BONUS","is_prod":false,"is_daily":false,"chose_seed":false,"campfire_upgraded":1,"win_rate":0.0,"timestamp":1548687866,"path_taken":["M","M","M","M","M","E","M","E","T","M","M","M","M","M","R","BOSS","M","$","M","M","M"],"build_version":"2019-01-23","purchased_purges":0,"victory":false,"max_hp_per_floor":[88,88,88,93,93,93,93,93,93,93,93,93,93,93,93,93,93,93,93,93,93,93],"card_choices":[{"not_picked":["Rupture","Perfected Strike"],"picked":"Clothesline","floor":1.0},{"not_picked":["Clothesline","Shrug It Off"],"picked":"Thunderclap","floor":2},{"not_picked":["Twin Strike","Shrug It Off"],"picked":"Cleave","floor":3},{"not_picked":["Feel No Pain","Headbutt"],"picked":"Power Through","floor":4},{"not_picked":["Iron Wave","Flex"],"picked":"Pummel","floor":5},{"not_picked":["Sword Boomerang","Cleave"],"picked":"Clash","floor":6},{"not_picked":["Clash","True Grit"],"picked":"Anger","floor":7},{"not_picked":["Thunderclap","Berserk"],"picked":"Battle Trance","floor":8},{"not_picked":["True Grit","Anger"],"picked":"Rage","floor":10},{"not_picked":["Thunderclap","Warcry"],"picked":"Whirlwind","floor":11},{"not_picked":["Clothesline","Combust"],"picked":"Inflame","floor":12},{"not_picked":["Iron Wave","Cleave"],"picked":"Infernal Blade","floor":13},{"not_picked":["Warcry","Cleave"],"picked":"Disarm","floor":14},{"not_picked":["Fiend Fire","Barricade"],"picked":"Demon Form","floor":16},{"not_picked":["Reckless Charge","Combust"],"picked":"Clothesline","floor":18},{"not_picked":["Power Through","Infernal Blade"],"picked":"Perfected Strike","floor":20},{"not_picked":["Power Through","Clash"],"picked":"Rage","floor":21}],"player_experience":3185,"relics_obtained":[{"floor":6,"key":"Gremlin Horn"},{"floor":8,"key":"Whetstone"},{"floor":9,"key":"Pantograph"}],"event_choices":[],"is_beta":false,"boss_relics":[{"not_picked":["Coffee Dripper","Orrery"],"picked":"Runic Pyramid"}],"items_purged_floors":[],"is_endless":false,"potions_floor_spawned":[1,2,4,8,11,13,16,20],"killed_by":"Shelled Parasite and Fungi","ascension_level":0}