{"gold_per_floor":[118,12,30,105,280,308,308,333,357,370,370,16,16,16,16,117,117,102,102,30,43,62,62,76,76,127,139,139,150,75,95,95,95],"floor_reached":33,"playtime":2569,"items_purged":["Doubt"],"score":434,"play_id":"ccf84285-f51b-4ae7-abb7-04d59380ba05","local_time":"20190306233322","is_ascension_mode":true,"campfire_choices":[{"data":"True Grit","floor":7,"key":"SMITH"},{"data":"Clothesline","floor":11,"key":"SMITH"},{"data":"Flame Barrier","floor":13,"key":"SMITH"},{"data":"Bash","floor":15,"key":"SMITH"},{"data":"Uppercut","floor":23,"key":"SMITH"},{"data":"Metallicize","floor":25,"key":"SMITH"},{"floor":28,"key":"REST"},{"floor":32,"key":"REST"}],"neow_cost":"NONE","seed_source_timestamp":75067860650244,"circlet_count":0,"master_deck":["AscendersBane","Strike_R","Strike_R","Defend_R","Defend_R","Defend_R","Bash+1","Metallicize+1","Flame Barrier+1","Clothesline+1","True Grit+1","Entrench+1","Demon Form","Uppercut+1","Shrug It Off","Cleave","Uppercut+1"],"relics":["Burning Blood","NeowsBlessing","Potion Belt","Shuriken","Bag of Preparation","Vajra","Empty Cage","Blood Vial"],"potions_floor_usage":[8,16,18,22,24,24,31,33],"damage_taken":[{"damage":0,"enemies":"2 Louse","floor":1,"turns":1},{"damage":0,"enemies":"Small Slimes","floor":3,"turns":1},{"damage":0,"enemies":"3 Sentries","floor":6,"turns":2},{"damage":31,"enemies":"Lagavulin","floor":8,"turns":9},{"damage":1,"enemies":"Cultist","floor":10,"turns":4},{"damage":45,"enemies":"The Guardian","floor":16,"turns":12},{"damage":14,"enemies":"2 Thieves","floor":18,"turns":4},{"damage":0,"enemies":"3 Byrds","floor":21,"turns":1},{"damage":25,"enemies":"Snake Plant","floor":22,"turns":6},{"damage":25,"enemies":"Sentry and Sphere","floor":24,"turns":10},{"damage":16,"enemies":"Chosen and Byrds","floor":27,"turns":7},{"damage":13,"enemies":"Shelled Parasite and Fungi","floor":29,"turns":10},{"damage":28,"enemies":"Sentry and Sphere","floor":31,"turns":13},{"damage":49,"enemies":"Collector","floor":33,"turns":6}],"seed_played":"-946368263767339962","potions_obtained":[{"floor":1,"key":"Energy Potion"},{"floor":8,"key":"AttackPotion"},{"floor":16,"key":"Poison Potion"},{"floor":18,"key":"Fire Potion"},{"floor":24,"key":"EssenceOfSteel"}],"is_trial":false,"path_per_floor":["M","$","M","?","?","E","R","E","T","M","R","$","R","?","R","B",null,"M","?","$","M","M","R","M","R","T","M","R","M","?","M","R","B"],"character_chosen":"IRONCLAD","items_purchased":["Flame Barrier","Clothesline","Vajra","BloodPotion","PowerPotion","EssenceOfSteel"],"campfire_rested":2,"item_purchase_floors":[2,2,12,12,12,20],"current_hp_per_floor":[78,78,80,69,69,75,75,50,50,55,55,55,55,55,55,16,64,56,56,56,62,51,51,32,32,32,24,48,43,43,23,47,0],"gold":95,"neow_bonus":"THREE_ENEMY_KILL","is_prod":false,"is_daily":false,"chose_seed":false,"campfire_upgraded":6,"win_rate":0,"timestamp":1551936802,"path_taken":["M","$","M","?","?","E","R","E","T","M","R","$","R","?","R","BOSS","M","?","$","M","?","R","M","R","T","M","R","?","?","M","R","BOSS"],"build_version":"2019-01-23","purchased_purges":1,"victory":false,"max_hp_per_floor":[80,80,80,80,80,80,80,80,80,80,80,80,80,80,80,80,80,80,80,80,80,80,80,80,80,80,80,80,80,80,80,80,80],"card_choices":[{"not_picked":["Dual Wield","Rupture"],"picked":"Metallicize","floor":1},{"not_picked":["Wild Strike","Twin Strike","Dropkick"],"picked":"SKIP","floor":3},{"not_picked":["Headbutt","Havoc"],"picked":"True Grit","floor":6},{"not_picked":["Entrench","Whirlwind","Bloodletting"],"picked":"SKIP","floor":8},{"not_picked":["Anger","Limit Break","Armaments"],"picked":"SKIP","floor":10},{"not_picked":["Exhume","Brutality"],"picked":"Demon Form","floor":16},{"not_picked":["Twin Strike","Disarm"],"picked":"Uppercut","floor":18},{"not_picked":["Heavy Blade","Wild Strike"],"picked":"Shrug It Off","floor":21},{"not_picked":["Power Through","Twin Strike","Pummel"],"picked":"SKIP","floor":22},{"not_picked":["Shrug It Off","Sword Boomerang"],"picked":"Cleave","floor":24},{"not_picked":["Armaments","Dropkick+1","Pommel Strike"],"picked":"SKIP","floor":27},{"not_picked":["Entrench","Rampage+1"],"picked":"Uppercut+1","floor":29},{"not_picked":["True Grit+1","Pommel Strike","Impervious"],"picked":"SKIP","floor":31}],"player_experience":233047,"relics_obtained":[{"floor":6,"key":"Potion Belt"},{"floor":8,"key":"Shuriken"},{"floor":9,"key":"Bag of Preparation"},{"floor":26,"key":"Blood Vial"}],"event_choices":[{"damage_healed":0,"gold_gain":75,"player_choice":"Gather Gold","damage_taken":11,"max_hp_gain":0,"max_hp_loss":0,"event_name":"World of Goop","floor":4,"gold_loss":0},{"damage_healed":0,"gold_gain":175,"player_choice":"AGREE","damage_taken":0,"max_hp_gain":0,"max_hp_loss":0,"event_name":"Liars Game","floor":5,"gold_loss":0,"cards_obtained":["Doubt"]},{"damage_healed":0,"gold_gain":0,"cards_transformed":["Defend_R"],"player_choice":"Transformed","damage_taken":0,"max_hp_gain":0,"max_hp_loss":0,"event_name":"Transmorgrifier","floor":14,"gold_loss":0,"cards_obtained":["Entrench"]},{"damage_healed":0,"gold_gain":0,"player_choice":"Forge","damage_taken":0,"max_hp_gain":0,"max_hp_loss":0,"event_name":"Accursed Blacksmith","floor":19,"gold_loss":0,"cards_upgraded":["Entrench"]},{"cards_removed":["Strike_R"],"damage_healed":0,"gold_gain":0,"player_choice":"Gave Gold","damage_taken":0,"max_hp_gain":0,"max_hp_loss":0,"event_name":"Beggar","floor":30,"gold_loss":75}],"is_beta":false,"boss_relics":[{"not_picked":["Coffee Dripper","White Beast Statue"],"picked":"Empty Cage"}],"items_purged_floors":[12],"is_endless":false,"potions_floor_spawned":[1,8,16,18,24],"killed_by":"Collector","ascension_level":11}