{"gold_per_floor":[119,119,144,194,214,214,52,75,98,132,207,207,222,257,257,257],"floor_reached":16,"playtime":587,"items_purged":["Injury"],"score":220,"play_id":"8f6825a6-4b58-41b1-9bf3-a4069635d1b2","local_time":"20190216102519","is_ascension_mode":true,"campfire_choices":[{"data":"Predator","floor":6,"key":"SMITH"},{"floor":12,"key":"REST"},{"data":"Noxious Fumes","floor":15,"key":"SMITH"}],"neow_cost":"NONE","seed_source_timestamp":3483903697777,"circlet_count":0,"master_deck":["AscendersBane","Defend_G","Defend_G","Defend_G","Defend_G","Defend_G","Strike_G","Strike_G","Strike_G","Strike_G","Strike_G","Survivor","Neutralize","Predator+1","Well Laid Plans","Flying Knee","Dagger Spray","Footwork","Poisoned Stab","Noxious Fumes+1"],"relics":["Ring of the Snake","PreservedInsect","Golden Idol","Regal Pillow","Orichalcum","Letter Opener"],"potions_floor_usage":[10,16],"damage_taken":[{"damage":5,"enemies":"Small Slimes","floor":1,"turns":4},{"damage":7,"enemies":"Cultist","floor":3,"turns":4},{"damage":0,"enemies":"Jaw Worm","floor":5,"turns":4},{"damage":11,"enemies":"Exordium Thugs","floor":8,"turns":4},{"damage":11,"enemies":"3 Sentries","floor":10,"turns":6},{"damage":4,"enemies":"Looter","floor":13,"turns":4},{"damage":2,"enemies":"Gremlin Nob","floor":14,"turns":3},{"damage":36,"enemies":"Slime Boss","floor":16,"turns":6}],"seed_played":"199066777257506820","potions_obtained":[{"floor":1,"key":"Dexterity Potion"},{"floor":5,"key":"PowerPotion"}],"is_trial":false,"path_per_floor":["M","?","M","?","M","R","$","M","T","E","?","R","M","E","R","B"],"character_chosen":"THE_SILENT","items_purchased":["Flying Knee","Dagger Spray"],"campfire_rested":1,"item_purchase_floors":[7,7],"current_hp_per_floor":[54,54,47,41,41,41,41,30,30,19,8,42,38,36,36,0],"gold":257,"neow_bonus":"RANDOM_COMMON_RELIC","is_prod":false,"is_daily":false,"chose_seed":false,"campfire_upgraded":2,"win_rate":0,"timestamp":1550330719,"path_taken":["M","?","M","?","?","R","$","M","T","E","?","R","M","E","R","BOSS"],"build_version":"2019-01-23","purchased_purges":1,"victory":false,"max_hp_per_floor":[66,66,66,66,66,66,66,66,66,66,66,66,66,66,66,66],"card_choices":[{"not_picked":["PiercingWail","Heel Hook"],"picked":"Predator","floor":1},{"not_picked":["Blur","Acrobatics"],"picked":"Well Laid Plans","floor":3},{"not_picked":["Escape Plan","Infinite Blades","Outmaneuver"],"picked":"SKIP","floor":5},{"not_picked":["Accuracy","Tactician"],"picked":"Footwork","floor":8},{"not_picked":["Concentrate","Cloak And Dagger"],"picked":"Poisoned Stab","floor":10},{"not_picked":["Sucker Punch","Eviscerate","Prepared"],"picked":"SKIP","floor":13},{"not_picked":["Riddle With Holes","Setup"],"picked":"Noxious Fumes","floor":14}],"player_experience":652240,"relics_obtained":[{"floor":9,"key":"Regal Pillow"},{"floor":10,"key":"Orichalcum"},{"floor":14,"key":"Letter Opener"}],"event_choices":[{"damage_healed":0,"gold_gain":0,"player_choice":"Take Wound","damage_taken":0,"relics_obtained":["Golden Idol"],"max_hp_gain":0,"max_hp_loss":0,"event_name":"Golden Idol","floor":2,"gold_loss":0,"cards_obtained":["Injury"]},{"damage_healed":0,"gold_gain":50,"player_choice":"Touch","damage_taken":6,"max_hp_gain":0,"max_hp_loss":0,"event_name":"FaceTrader","floor":4,"gold_loss":0},{"damage_healed":0,"gold_gain":75,"player_choice":"Gather Gold","damage_taken":11,"max_hp_gain":0,"max_hp_loss":0,"event_name":"World of Goop","floor":11,"gold_loss":0}],"is_beta":false,"boss_relics":[],"items_purged_floors":[7],"is_endless":false,"potions_floor_spawned":[1,5,8],"killed_by":"Slime Boss","ascension_level":20}