{"gold_per_floor":[115,115,4,24,24,24,55,71,71,87,87,87,87,112,112,235,235,258,308,19,43,4,4,29,29,97,117,130,130,145,163,163,294,294,315,333,353,36,52,52,70,70,70,70,90,90,90,104,104,104],"floor_reached":51,"playtime":4424,"items_purged":["Parasite","Eviscerate"],"score":754,"play_id":"380661f9-335d-43e5-945e-986742ef3d4b","local_time":"20190305060058","is_ascension_mode":true,"campfire_choices":[{"data":"Noxious Fumes","floor":6,"key":"SMITH"},{"data":"Footwork","floor":11,"key":"SMITH"},{"floor":15,"key":"DIG"},{"data":"Catalyst","floor":23,"key":"SMITH"},{"floor":25,"key":"REST"},{"floor":29,"key":"REST"},{"floor":32,"key":"REST"},{"floor":40,"key":"REST"},{"floor":42,"key":"REST"},{"floor":44,"key":"REST"},{"floor":47,"key":"REST"},{"data":"Catalyst","floor":49,"key":"SMITH"}],"neow_cost":"NONE","seed_source_timestamp":65236714823591,"circlet_count":0,"master_deck":["Survivor","Neutralize","Dodge and Roll","Dagger Throw","Noxious Fumes+1","Backflip","Dodge and Roll","Footwork+1","Escape Plan","Blur","Noxious Fumes","Blur","Catalyst+1","Caltrops+1","Adrenaline","Deadly Poison","Bouncing Flask","Acrobatics","Catalyst+1","Predator","Sucker Punch","Blur","Well Laid Plans","Leg Sweep+1","Corpse Explosion","Prepared+1","Enlightenment"],"relics":["Ring of the Snake","Golden Idol","Ginger","The Courier","Shovel","Vajra","Orrery","Turnip","Blue Candle","Pandora\u0027s Box","Question Card"],"potions_floor_usage":[7,7,16,16,28,28,31,37,37,39,39,50,50],"damage_taken":[{"damage":3,"enemies":"Jaw Worm","floor":1,"turns":7},{"damage":0,"enemies":"Cultist","floor":4,"turns":4},{"damage":6,"enemies":"3 Sentries","floor":7,"turns":9},{"damage":4,"enemies":"Small Slimes","floor":8,"turns":3},{"damage":4,"enemies":"Exordium Wildlife","floor":10,"turns":6},{"damage":0,"enemies":"Blue Slaver","floor":14,"turns":5},{"damage":4,"enemies":"Hexaghost","floor":16,"turns":9},{"damage":0,"enemies":"Shell Parasite","floor":18,"turns":8},{"damage":4,"enemies":"Spheric Guardian","floor":21,"turns":8},{"damage":47,"enemies":"3 Cultists","floor":24,"turns":7},{"damage":8,"enemies":"Shelled Parasite and Fungi","floor":27,"turns":5},{"damage":7,"enemies":"Centurion and Healer","floor":28,"turns":7},{"damage":36,"enemies":"3 Cultists","floor":30,"turns":6},{"damage":4,"enemies":"Snake Plant","floor":31,"turns":6},{"damage":5,"enemies":"Automaton","floor":33,"turns":10},{"damage":18,"enemies":"Orb Walker","floor":35,"turns":5},{"damage":0,"enemies":"3 Shapes","floor":36,"turns":6},{"damage":34,"enemies":"Transient","floor":37,"turns":5},{"damage":7,"enemies":"4 Shapes","floor":39,"turns":5},{"damage":11,"enemies":"Maw","floor":41,"turns":5},{"damage":22,"enemies":"Writhing Mass","floor":45,"turns":5},{"damage":0,"enemies":"4 Shapes","floor":48,"turns":5},{"damage":24,"enemies":"Donu and Deca","floor":50,"turns":6}],"seed_played":"-4163838670403693305","potions_obtained":[{"floor":1,"key":"SpeedPotion"},{"floor":4,"key":"Poison Potion"},{"floor":10,"key":"LiquidBronze"},{"floor":16,"key":"Swift Potion"},{"floor":21,"key":"Swift Potion"},{"floor":28,"key":"Fruit Juice"},{"floor":30,"key":"SteroidPotion"},{"floor":36,"key":"Explosive Potion"},{"floor":39,"key":"SpeedPotion"},{"floor":41,"key":"Dexterity Potion"}],"is_trial":false,"path_per_floor":["M","?","$","M","?","R","E","M","T","M","R","?","T","M","R","B",null,"M","?","$","M","$","R","M","R","T","M","M","R","M","M","R","B",null,"M","M","M","$","M","R","M","R","T","R","M","?","R","M","R","B",null],"character_chosen":"THE_SILENT","items_purchased":["Noxious Fumes","EssenceOfSteel","Turnip","PowerPotion","Corpse Explosion","Dexterity Potion","Block Potion","Poison Potion"],"campfire_rested":7,"item_purchase_floors":[3,3,20,22,38,38,38,38],"current_hp_per_floor":[67,50,50,50,50,50,44,40,40,36,36,53,53,53,53,49,70,70,70,67,63,63,63,16,36,36,28,26,47,11,7,28,23,72,54,54,20,20,13,34,23,44,44,65,43,43,64,64,64,40],"gold":104,"neow_bonus":"THREE_CARDS","is_prod":false,"is_daily":false,"chose_seed":false,"campfire_upgraded":4,"win_rate":0,"timestamp":1551787258,"path_taken":["M","?","$","M","?","R","E","?","T","M","R","?","?","M","R","BOSS","M","?","$","M","$","R","?","R","T","?","M","R","M","M","R","BOSS","M","M","M","$","M","R","M","R","T","R","M","?","R","M","R","BOSS"],"build_version":"2019-01-23","purchased_purges":2,"victory":true,"max_hp_per_floor":[70,70,70,70,70,70,70,70,70,70,70,70,70,70,70,70,70,70,70,67,67,67,67,67,67,67,67,72,72,72,72,72,72,72,72,72,72,72,72,72,72,72,72,72,72,72,72,72,72,72],"card_choices":[{"not_picked":["Distraction","Poisoned Stab"],"picked":"Dodge and Roll","floor":0},{"not_picked":["Heel Hook","Quick Slash"],"picked":"Dagger Throw","floor":1},{"not_picked":["Poisoned Stab","Bane"],"picked":"Backflip","floor":4},{"not_picked":["Blade Dance","Masterful Stab"],"picked":"Dodge and Roll","floor":7},{"not_picked":["Finisher","Dodge and Roll","Choke"],"picked":"SKIP","floor":8},{"not_picked":["Underhanded Strike","Concentrate"],"picked":"Footwork","floor":10},{"not_picked":["Deflect","Envenom","Poisoned Stab"],"picked":"SKIP","floor":14},{"not_picked":["Choke","Flying Knee"],"picked":"Escape Plan","floor":17},{"not_picked":["Caltrops","Crippling Poison"],"picked":"Blur","floor":17},{"not_picked":["Terror","Flying Knee"],"picked":"Noxious Fumes","floor":17},{"not_picked":["Well Laid Plans","Terror"],"picked":"Blur","floor":17},{"not_picked":["Slice","Deflect"],"picked":"Catalyst","floor":18},{"not_picked":["Escape Plan","Bane+1"],"picked":"Caltrops+1","floor":21},{"not_picked":["Well Laid Plans+1","Quick Slash+1","Bane"],"picked":"SKIP","floor":24},{"not_picked":["Dagger Throw+1","Dagger Spray","Setup"],"picked":"SKIP","floor":27},{"not_picked":["PiercingWail","Flying Knee","A Thousand Cuts"],"picked":"SKIP","floor":28},{"not_picked":["Dodge and Roll","Outmaneuver","Distraction"],"picked":"SKIP","floor":30},{"not_picked":["Dodge and Roll","Acrobatics","Flechettes"],"picked":"SKIP","floor":31},{"not_picked":["Envenom","Glass Knife"],"picked":"Adrenaline","floor":33},{"not_picked":["Bane+1","Finisher+1","Blade Dance"],"picked":"SKIP","floor":35},{"not_picked":["Slice+1","Outmaneuver+1","Cloak And Dagger+1"],"picked":"SKIP","floor":36},{"not_picked":["Dagger Spray","Acrobatics"],"picked":"Leg Sweep+1","floor":37},{"not_picked":["Tactician","Outmaneuver"],"picked":"Prepared+1","floor":39},{"not_picked":["Skewer","Noxious Fumes","Caltrops+1"],"picked":"SKIP","floor":41},{"not_picked":["Dagger Spray","Deflect+1","Prepared","Doppelganger"],"picked":"SKIP","floor":45},{"not_picked":["Trip","Thinking Ahead","Dark Shackles"],"picked":"Enlightenment","floor":46},{"not_picked":["Heel Hook","Deadly Poison","Backflip","Quick Slash+1"],"picked":"SKIP","floor":48}],"player_experience":173282,"relics_obtained":[{"floor":7,"key":"Ginger"},{"floor":9,"key":"The Courier"},{"floor":13,"key":"Shovel"},{"floor":15,"key":"Vajra"},{"floor":26,"key":"Blue Candle"},{"floor":43,"key":"Question Card"}],"event_choices":[{"damage_healed":0,"gold_gain":0,"player_choice":"Take Damage","damage_taken":17,"relics_obtained":["Golden Idol"],"max_hp_gain":0,"max_hp_loss":0,"event_name":"Golden Idol","floor":2,"gold_loss":0},{"cards_removed":["Strike_G"],"damage_healed":0,"gold_gain":0,"player_choice":"Purged","damage_taken":0,"max_hp_gain":0,"max_hp_loss":0,"event_name":"Purifier","floor":5,"gold_loss":0},{"damage_healed":17,"gold_gain":0,"player_choice":"Healed and dodged fight","damage_taken":0,"max_hp_gain":0,"max_hp_loss":0,"event_name":"Mushrooms","floor":12,"gold_loss":0,"cards_obtained":["Parasite"]},{"damage_healed":0,"gold_gain":100,"player_choice":"Bet on Murderer","damage_taken":0,"max_hp_gain":0,"max_hp_loss":0,"event_name":"The Joust","floor":19,"gold_loss":50},{"damage_healed":0,"gold_gain":0,"player_choice":"Memory 1","damage_taken":0,"max_hp_gain":0,"max_hp_loss":0,"event_name":"SensoryStone","floor":46,"gold_loss":0}],"is_beta":false,"boss_relics":[{"not_picked":["Empty Cage","Calling Bell"],"picked":"Orrery"},{"not_picked":["Cursed Key","HoveringKite"],"picked":"Pandora\u0027s Box"}],"items_purged_floors":[20,38],"is_endless":false,"potions_floor_spawned":[1,4,10,16,21,24,28,30,36,39,41,48],"ascension_level":4}