{"path_per_floor":["M","M","$","M","$","R","E","?","T","M","M","?","R","M","R","B",null,"M","M","M","M","$"],"character_chosen":"IRONCLAD","items_purchased":["Perfected Strike","Dead Branch","Inflame"],"gold_per_floor":[114,129,54,69,43,43,103,103,178,193,208,283,283,298,298,398,398,413,428,443,458,81,81],"floor_reached":23,"campfire_rested":2,"playtime":1220,"current_hp_per_floor":[77,77,77,74,74,74,40,40,46,31,30,19,44,48,73,53,92,66,58,26,17,17,0],"items_purged":["Entrench"],"gold":81,"score":271,"play_id":"0edbc1d6-e6c6-4526-a9ff-f2f53996fb57","local_time":"20180324151527","daily_mods":["Allstar","Cursed Run","Insanity"],"is_prod":false,"is_daily":true,"is_ascension_mode":false,"campfire_upgraded":1,"timestamp":1521926127,"path_taken":["M","M","$","M","$","R","E","?","T","M","?","?","R","M","R","BOSS","M","M","M","?","$","E"],"build_version":"2018-03-22v2","purchased_purges":2,"victory":false,"master_deck":["Impervious","Power Through","Warcry","Warcry","Flame Barrier","Sever Soul","Headbutt","Shrug It Off","Flame Barrier","Impervious","Pommel Strike","Clash","Strike_R","Sentinel","Rampage","Corruption","Infernal Blade","Clothesline","Seeing Red","Twin Strike","Second Wind","Iron Wave","Brutality+1","Bash","Disarm","Flame Barrier","Sever Soul","Uppercut","Bloodletting","Dual Wield","Searing Blow","Shockwave","Headbutt","Double Tap","Wild Strike","Headbutt","Rage","Armaments","Shockwave","Anger","Sever Soul","Flex","Power Through","Corruption","Rampage","Bludgeon","Headbutt","Uppercut","True Grit","Blind","Transmutation+1","Rupture","Perfected Strike","Juggernaut","Perfected Strike","Inflame","Pain","Warcry","Blood for Blood","Inflame","Regret","Demon Form","Hemokinesis","Perfected Strike","Fire Breathing+1","Hemokinesis+1","Inflame"],"max_hp_per_floor":[80,80,80,80,80,80,80,80,86,86,86,86,86,86,86,92,92,92,92,92,92,92,92],"relics":["Cursed Key","Darkstone Periapt","Du-Vu Doll","Tiny Chest","Letter Opener","Runic Cube","Dead Branch"],"card_choices":[{"not_picked":["Whirlwind","Sever Soul"],"picked":"Rupture","floor":1},{"not_picked":["Havoc","Sword Boomerang"],"picked":"Perfected Strike","floor":2},{"not_picked":["Anger","Headbutt"],"picked":"Juggernaut","floor":4},{"not_picked":["Cleave","Sword Boomerang"],"picked":"Inflame","floor":7},{"not_picked":["Uppercut","Havoc"],"picked":"Warcry","floor":10},{"not_picked":["Feel No Pain","Disarm"],"picked":"Blood for Blood","floor":11},{"not_picked":["Carnage","Shockwave"],"picked":"Inflame","floor":14},{"not_picked":["Brutality","Barricade"],"picked":"Demon Form","floor":16},{"not_picked":["Iron Wave","Armaments"],"picked":"Hemokinesis","floor":18},{"not_picked":["Anger","Infernal Blade"],"picked":"Perfected Strike","floor":19},{"not_picked":["Blood for Blood","Searing Blow"],"picked":"Fire Breathing","floor":20},{"not_picked":["Flame Barrier","True Grit"],"picked":"Hemokinesis","floor":21}],"player_experience":198306,"potions_floor_usage":[14,16,23,23],"damage_taken":[{"damage":3,"enemies":"Jaw Worm","floor":1,"turns":2},{"damage":0,"enemies":"2 Louse","floor":2,"turns":1},{"damage":3,"enemies":"Small Slimes","floor":4,"turns":2},{"damage":34,"enemies":"Lagavulin","floor":7,"turns":6},{"damage":15,"enemies":"Gremlin Gang","floor":10,"turns":3},{"damage":1,"enemies":"3 Louse","floor":11,"turns":2},{"damage":8,"enemies":"Exordium Wildlife","floor":14,"turns":3},{"damage":26,"enemies":"The Guardian","floor":16,"turns":8},{"damage":26,"enemies":"2 Thieves","floor":18,"turns":3},{"damage":8,"enemies":"Spheric Guardian","floor":19,"turns":4},{"damage":32,"enemies":"Slaver and Parasite","floor":20,"turns":4},{"damage":9,"enemies":"Snecko","floor":21,"turns":3},{"damage":17,"enemies":"Book of Stabbing","floor":23,"turns":4}],"event_choices":[{"event_name":"Living Wall","player_choice":"Grow","floor":8,"damage_taken":0},{"event_name":"World of Goop","player_choice":"Gather Gold","floor":12,"damage_taken":0}],"boss_relics":[{"not_picked":["Snecko Eye","Philosopher\u0027s Stone"],"picked":"Runic Cube"}],"potions_floor_spawned":[2,4,10,18],"seed_played":"-8935585720801490496","killed_by":"Book of Stabbing","ascension_level":0,"is_trial":false}