{"gold_per_floor":[368,368,384,414,36,36,80,80,131,145,168,168,192,233,233,323,323,342,342,356,38,38,38,238,276,299,313,336,350,350,388,388,484,484,500,348,363,388,39,39,60,60,60,30,45,69,69],"floor_reached":47,"playtime":2061,"items_purged":["Injury"],"score":1029,"play_id":"c9fd3fb0-0cf2-491b-9bd4-64f2ea4c351e","local_time":"20190218182003","is_ascension_mode":true,"campfire_choices":[{"data":"Bludgeon","floor":6,"key":"SMITH"},{"data":"Limit Break","floor":8,"key":"SMITH"},{"floor":12,"key":"REST"},{"data":"Spot Weakness","floor":15,"key":"SMITH"},{"data":"Bash","floor":23,"key":"SMITH"},{"floor":30,"key":"REST"},{"data":"Whirlwind","floor":32,"key":"SMITH"},{"data":"Whirlwind","floor":40,"key":"SMITH"},{"floor":42,"key":"REST"}],"neow_cost":"TEN_PERCENT_HP_LOSS","seed_source_timestamp":127534272661294,"circlet_count":0,"master_deck":["AscendersBane","Strike_R+1","Strike_R","Strike_R","Strike_R","Strike_R","Defend_R","Defend_R","Defend_R","Defend_R","Bash+1","Spot Weakness+1","Clothesline+1","Bludgeon+1","Limit Break+1","Shrug It Off","Pummel","Shrug It Off","Warcry","Offering","Sword Boomerang","Ghostly Armor","Warcry+1","Offering","Pummel","Whirlwind+1","Impervious","Whirlwind+1","Disarm","Offering","Shrug It Off"],"relics":["Burning Blood","Golden Idol","Tiny Chest","Chemical X","Ice Cream","Red Skull","Bag of Preparation","Snecko Eye","Incense Burner","Singing Bowl","Pen Nib","Orichalcum","Whetstone","Mark of Pain","Mummified Hand"],"potions_floor_usage":[14,29,38,47],"damage_taken":[{"damage":14,"enemies":"2 Louse","floor":1,"turns":4},{"damage":16,"enemies":"Jaw Worm","floor":3,"turns":6},{"damage":20,"enemies":"3 Sentries","floor":7,"turns":6},{"damage":0,"enemies":"Cultist","floor":10,"turns":3},{"damage":9,"enemies":"2 Fungi Beasts","floor":11,"turns":4},{"damage":21,"enemies":"Exordium Thugs","floor":13,"turns":5},{"damage":8,"enemies":"Gremlin Nob","floor":14,"turns":3},{"damage":29,"enemies":"Hexaghost","floor":16,"turns":9},{"damage":9,"enemies":"Spheric Guardian","floor":18,"turns":3},{"damage":6,"enemies":"Chosen","floor":20,"turns":3},{"damage":6,"enemies":"Gremlin Leader","floor":25,"turns":2},{"damage":12,"enemies":"3 Cultists","floor":27,"turns":5},{"damage":16,"enemies":"Cultist and Chosen","floor":28,"turns":5},{"damage":25,"enemies":"Sentry and Sphere","floor":29,"turns":4},{"damage":11,"enemies":"Book of Stabbing","floor":31,"turns":2},{"damage":27,"enemies":"Automaton","floor":33,"turns":7},{"damage":6,"enemies":"3 Shapes","floor":35,"turns":1},{"damage":6,"enemies":"Orb Walker","floor":37,"turns":2},{"damage":6,"enemies":"Jaw Worm Horde","floor":38,"turns":3},{"damage":38,"enemies":"Spire Growth","floor":41,"turns":3},{"damage":17,"enemies":"3 Darklings","floor":45,"turns":3},{"damage":15,"enemies":"Transient","floor":46,"turns":6},{"damage":67,"enemies":"Giant Head","floor":47,"turns":6}],"seed_played":"53498259284593172","potions_obtained":[{"floor":1,"key":"SmokeBomb"},{"floor":3,"key":"SpeedPotion"},{"floor":11,"key":"FearPotion"},{"floor":13,"key":"EssenceOfSteel"},{"floor":18,"key":"PowerPotion"},{"floor":28,"key":"SkillPotion"},{"floor":29,"key":"Fire Potion"},{"floor":35,"key":"BloodPotion"},{"floor":44,"key":"Weak Potion"}],"is_trial":false,"path_per_floor":["M","?","M","?","$","R","E","R","T","M","M","R","M","E","R","B",null,"M","?","M","$","T","R","?","E","T","M","M","M","R","E","R","B",null,"M","$","M","M","$","R","M","R","T","?","M","M","E"],"character_chosen":"IRONCLAD","items_purchased":["Bludgeon","Chemical X","Incense Burner","Whirlwind","Disarm","Offering","Mummified Hand"],"campfire_rested":3,"item_purchase_floors":[5,5,21,36,36,39,39],"current_hp_per_floor":[60,60,50,50,50,50,36,36,36,42,39,59,44,42,42,19,56,53,53,53,53,53,53,53,55,55,49,39,20,41,36,36,15,56,58,58,60,69,69,69,39,62,62,62,53,44,0],"gold":69,"neow_bonus":"TWO_FIFTY_GOLD","is_prod":false,"is_daily":false,"chose_seed":false,"campfire_upgraded":6,"win_rate":0,"timestamp":1550532003,"path_taken":["M","?","M","?","$","R","E","R","T","?","M","R","M","E","R","BOSS","M","?","M","$","?","R","?","E","T","M","M","?","R","E","R","BOSS","M","?","?","M","$","R","M","R","T","?","M","?","E"],"build_version":"2019-01-23","purchased_purges":1,"victory":false,"max_hp_per_floor":[68,68,68,68,68,68,68,68,68,68,68,68,68,68,68,68,68,68,68,68,68,68,68,68,70,70,70,70,70,70,70,70,70,70,72,72,74,76,76,76,78,78,78,78,80,80,80],"card_choices":[{"not_picked":["Havoc","Reckless Charge"],"picked":"Spot Weakness","floor":1},{"not_picked":["Bloodletting","Body Slam"],"picked":"Clothesline","floor":3},{"not_picked":["Flex","Pummel"],"picked":"Limit Break","floor":7},{"not_picked":["Wild Strike","Iron Wave"],"picked":"Shrug It Off","floor":10},{"not_picked":["Reckless Charge","Anger"],"picked":"Pummel","floor":11},{"not_picked":["Corruption","Armaments"],"picked":"Shrug It Off","floor":13},{"not_picked":["Clash","Corruption"],"picked":"Warcry","floor":14},{"not_picked":["Dark Embrace","Exhume"],"picked":"Offering","floor":16},{"not_picked":["True Grit","Sentinel"],"picked":"Sword Boomerang","floor":18},{"not_picked":["Flex","Sword Boomerang"],"picked":"Ghostly Armor","floor":20},{"not_picked":["Uppercut","Entrench","Armaments"],"picked":"Singing Bowl","floor":25},{"not_picked":["Headbutt","Flame Barrier"],"picked":"Warcry+1","floor":27},{"not_picked":["Heavy Blade","Perfected Strike+1"],"picked":"Offering","floor":28},{"not_picked":["Cleave","Iron Wave"],"picked":"Pummel","floor":29},{"not_picked":["Pommel Strike","Thunderclap"],"picked":"Whirlwind","floor":31},{"not_picked":["Exhume","Dark Embrace"],"picked":"Impervious","floor":33},{"not_picked":["Wild Strike","Iron Wave","Clothesline+1"],"picked":"Singing Bowl","floor":35},{"not_picked":["Twin Strike+1","Sentinel","Seeing Red"],"picked":"Singing Bowl","floor":37},{"not_picked":["Reckless Charge+1","Clash+1","Havoc"],"picked":"Singing Bowl","floor":38},{"not_picked":["Rampage","Reckless Charge+1","Heavy Blade"],"picked":"Singing Bowl","floor":41},{"not_picked":["Thunderclap","Anger","Dropkick"],"picked":"Singing Bowl","floor":45},{"not_picked":["Perfected Strike","Rupture"],"picked":"Shrug It Off","floor":46}],"player_experience":668205,"relics_obtained":[{"floor":7,"key":"Ice Cream"},{"floor":9,"key":"Red Skull"},{"floor":14,"key":"Bag of Preparation"},{"floor":22,"key":"Singing Bowl"},{"floor":25,"key":"Pen Nib"},{"floor":26,"key":"Orichalcum"},{"floor":31,"key":"Whetstone"}],"event_choices":[{"damage_healed":0,"gold_gain":0,"player_choice":"Take Wound","damage_taken":0,"relics_obtained":["Golden Idol"],"max_hp_gain":0,"max_hp_loss":0,"event_name":"Golden Idol","floor":2,"gold_loss":0,"cards_obtained":["Injury"]},{"damage_healed":0,"gold_gain":0,"player_choice":"Gave Potion","damage_taken":0,"relics_obtained":["Tiny Chest"],"max_hp_gain":0,"max_hp_loss":0,"event_name":"WeMeetAgain","floor":4,"gold_loss":0},{"damage_healed":0,"gold_gain":0,"player_choice":"Ignored","damage_taken":0,"max_hp_gain":0,"max_hp_loss":0,"event_name":"N\u0027loth","floor":19,"gold_loss":0},{"damage_healed":0,"gold_gain":200,"player_choice":"Gold","damage_taken":0,"max_hp_gain":0,"max_hp_loss":0,"event_name":"Wheel of Change","floor":24,"gold_loss":0},{"damage_healed":0,"gold_gain":0,"player_choice":"Bought 2 Potions","damage_taken":0,"max_hp_gain":0,"max_hp_loss":0,"event_name":"The Woman in Blue","floor":44,"gold_loss":0}],"is_beta":false,"boss_relics":[{"not_picked":["Pandora\u0027s Box","Busted Crown"],"picked":"Snecko Eye"},{"not_picked":["Philosopher\u0027s Stone","Empty Cage"],"picked":"Mark of Pain"}],"items_purged_floors":[5],"is_endless":false,"potions_floor_spawned":[1,3,11,13,18,28,29,35,37],"killed_by":"Giant Head","ascension_level":20}