{"path_per_floor":["M","?","$","M","M","E","M","?","T","M","?","M","M","M","R"],"character_chosen":"IRONCLAD","items_purchased":["Infernal Blade","Regen Potion"],"gold_per_floor":[144,144,20,65,110,200,245,260,260,305,270,315,360,405,405],"floor_reached":16,"campfire_rested":1,"playtime":854,"current_hp_per_floor":[77,77,77,72,74,70,70,41,41,36,56,49,41,47,75],"items_purged":[],"gold":405,"score":106,"play_id":"b93ef68c-f9eb-4694-bd02-dbe7d1a982e8","local_time":"20180315070133","daily_mods":["Time Dilation","Midas","Night Terrors"],"is_prod":false,"is_daily":true,"is_ascension_mode":false,"campfire_upgraded":0,"timestamp":1521118893,"path_taken":["M","?","$","M","M","E","M","?","T","M","?","?","M","M","R","BOSS"],"build_version":"2018-03-09","purchased_purges":0,"victory":false,"master_deck":["Strike_R","Strike_R","Strike_R","Strike_R","Strike_R","Defend_R","Defend_R","Defend_R","Defend_R","Bash","Seeing Red","Infernal Blade","Seeing Red","Ghostly Armor","Dropkick","Fire Breathing","Pommel Strike","Cleave","Dual Wield","Thunderclap","Flex"],"max_hp_per_floor":[80,80,80,80,80,80,80,80,80,80,80,80,80,80,75],"relics":["Burning Blood","Anchor","Odd Mushroom","Lantern"],"card_choices":[{"not_picked":["Bloodletting","Iron Wave"],"picked":"Seeing Red"},{"not_picked":["Second Wind","Wild Strike"],"picked":"Seeing Red"},{"not_picked":["Wild Strike","Offering"],"picked":"Ghostly Armor"},{"not_picked":["Bloodletting","Armaments"],"picked":"Dropkick"},{"not_picked":["Rage","Burning Pact"],"picked":"Fire Breathing"},{"not_picked":["Intimidate","Wild Strike"],"picked":"Pommel Strike"},{"not_picked":["Seeing Red","Heavy Blade"],"picked":"Cleave"},{"not_picked":["Anger","Heavy Blade"],"picked":"Dual Wield"},{"not_picked":["Heavy Blade","Twin Strike"],"picked":"Thunderclap"},{"not_picked":["Reckless Charge","Headbutt"],"picked":"Flex"}],"player_experience":150354,"potions_floor_usage":[6,6,6,16,16],"damage_taken":[{"damage":9,"enemies":"Jaw Worm","floor":1,"turns":4},{"damage":11,"enemies":"Small Slimes","floor":4,"turns":3},{"damage":4,"enemies":"Cultist","floor":5,"turns":4},{"damage":25,"enemies":"Lagavulin","floor":6,"turns":8},{"damage":6,"enemies":"Large Slime","floor":7,"turns":5},{"damage":35,"enemies":"The Mushroom Lair","floor":8,"turns":6},{"damage":11,"enemies":"Exordium Thugs","floor":10,"turns":5},{"damage":13,"enemies":"3 Louse","floor":12,"turns":3},{"damage":14,"enemies":"Exordium Wildlife","floor":13,"turns":5},{"damage":0,"enemies":"Looter","floor":14,"turns":1},{"damage":82,"enemies":"Hexaghost","floor":16,"turns":10}],"event_choices":[{"event_name":"Shining Light","player_choice":"Ignored","floor":2,"damage_taken":0},{"event_name":"Mushrooms","player_choice":"Fought Mushrooms","floor":8,"damage_taken":0},{"event_name":"The Cleric","player_choice":"Healed","floor":11,"damage_taken":0}],"boss_relics":[],"potions_floor_spawned":[1,4,12,13],"seed_played":"-8839551872236863781","killed_by":"Hexaghost","ascension_level":0,"is_trial":false}