{"path_per_floor":["M","?","$","M","M","E","M","?","T","M","R","?","$","M","R","B",null,"M","M","$","M","$"],"character_chosen":"IRONCLAD","items_purchased":["Finesse","Vajra","Dramatic Entrance","Blood Vial","Champion Belt","Madness"],"gold_per_floor":[144,144,47,92,137,227,272,296,296,341,341,341,93,138,138,438,438,483,528,78,123,34],"floor_reached":23,"campfire_rested":2,"playtime":1161,"current_hp_per_floor":[73,57,57,57,63,46,36,26,26,24,75,75,75,75,70,70,70,57,59,59,59,59],"items_purged":[],"gold":34,"score":193,"play_id":"8b105b7d-9ec0-45e1-bf3b-2b4ed6e73e72","local_time":"20180315072105","daily_mods":["Time Dilation","Midas","Night Terrors"],"is_prod":false,"is_daily":true,"is_ascension_mode":false,"campfire_upgraded":0,"timestamp":1521120065,"path_taken":["M","?","$","M","M","E","M","?","T","M","R","?","$","?","R","BOSS","M","M","$","M","$","E"],"build_version":"2018-03-09","purchased_purges":0,"victory":false,"master_deck":["Strike_R+1","Strike_R","Strike_R","Defend_R","Defend_R+1","Defend_R","Defend_R","Bash","Double Tap","Finesse","Armaments","Armaments","Disarm","Disarm","Seeing Red","Dramatic Entrance","Twin Strike","Feed","Rampage+1","Carnage+1","Sword Boomerang+1","Thunderclap","Flex","Heavy Blade","Madness"],"max_hp_per_floor":[80,80,80,80,80,80,80,80,80,80,75,75,75,75,70,70,70,70,73,73,73,73],"relics":["Burning Blood","Anchor","Odd Mushroom","Lantern","Vajra","Astrolabe","Blood Vial","Champion Belt"],"card_choices":[{"not_picked":["Seeing Red","Iron Wave"],"picked":"Double Tap"},{"not_picked":["Fire Breathing","Warcry"],"picked":"Reckless Charge"},{"not_picked":["Cleave","Second Wind"],"picked":"Armaments"},{"not_picked":["Dropkick","Spot Weakness"],"picked":"Armaments"},{"not_picked":["Fire Breathing","Burning Pact"],"picked":"Disarm"},{"not_picked":["Wild Strike","Pommel Strike"],"picked":"Disarm"},{"not_picked":["Heavy Blade","Wild Strike"],"picked":"Seeing Red"},{"not_picked":["Body Slam","Reckless Charge"],"picked":"Twin Strike"},{"not_picked":["Double Tap","Juggernaut"],"picked":"Feed"},{"not_picked":["Clothesline","Twin Strike"],"picked":"Thunderclap"},{"not_picked":["Pommel Strike","Thunderclap"],"picked":"Flex"},{"not_picked":["Clothesline","Anger"],"picked":"Heavy Blade"}],"player_experience":151208,"potions_floor_usage":[6,16,21,21,21],"damage_taken":[{"damage":13,"enemies":"Jaw Worm","floor":1,"turns":3},{"damage":6,"enemies":"Small Slimes","floor":4,"turns":3},{"damage":0,"enemies":"Cultist","floor":5,"turns":2},{"damage":23,"enemies":"Lagavulin","floor":6,"turns":6},{"damage":16,"enemies":"Large Slime","floor":7,"turns":5},{"damage":16,"enemies":"The Mushroom Lair","floor":8,"turns":5},{"damage":8,"enemies":"Exordium Thugs","floor":10,"turns":5},{"damage":0,"enemies":"3 Louse","floor":14,"turns":2},{"damage":6,"enemies":"Hexaghost","floor":16,"turns":10},{"damage":19,"enemies":"Spheric Guardian","floor":18,"turns":4},{"damage":7,"enemies":"Shell Parasite","floor":19,"turns":4},{"damage":14,"enemies":"Chosen and Byrds","floor":21,"turns":3},{"damage":64,"enemies":"Gremlin Leader","floor":23,"turns":5}],"event_choices":[{"event_name":"Shining Light","player_choice":"Entered Light","floor":2,"damage_taken":0},{"event_name":"Mushrooms","player_choice":"Fought Mushrooms","floor":8,"damage_taken":0},{"event_name":"The Cleric","player_choice":"Leave","floor":12,"damage_taken":0}],"boss_relics":[{"not_picked":["Runic Pyramid","White Beast Statue"],"picked":"Astrolabe"}],"potions_floor_spawned":[1,4,14,18,19],"seed_played":"-8839551872236863781","killed_by":"Gremlin Leader","ascension_level":0,"is_trial":false}