{"gold_per_floor":[114,189,209,209,227,227,254,267,322,349,186,66,66,84,84,158,158,178,178,156,156,167,49,49,67,67,84,84],"floor_reached":28,"playtime":1444,"items_purged":["Writhe"],"score":560,"play_id":"d4f4a54e-ce0c-488e-a1c6-605fa943b23d","local_time":"20190225190240","is_ascension_mode":true,"campfire_choices":[{"floor":6,"key":"REST"},{"data":"Darkness","floor":13,"key":"SMITH"},{"data":"Buffer","floor":15,"key":"SMITH"},{"floor":24,"key":"REST"}],"neow_cost":"NONE","seed_source_timestamp":2135210773489,"circlet_count":0,"master_deck":["AscendersBane","Strike_B+1","Strike_B","Defend_B","Defend_B","Defend_B","Defend_B","Zap+1","Dualcast","Cold Snap","FTL+1","Compile Driver+1","Ball Lightning","Capacitor","Genetic Algorithm","Darkness+1","Buffer+1","Machine Learning","Glacier","Ball Lightning","Hologram","Defragment","Hologram+1","Darkness"],"relics":["Cracked Core","Whetstone","Orichalcum","PreservedInsect","Empty Cage","FossilizedHelix","Bag of Marbles","Happy Flower"],"potions_floor_usage":[10,10],"damage_taken":[{"damage":4,"enemies":"Jaw Worm","floor":1,"turns":4},{"damage":3,"enemies":"Small Slimes","floor":3,"turns":3},{"damage":0,"enemies":"Cultist","floor":5,"turns":3},{"damage":28,"enemies":"3 Sentries","floor":7,"turns":8},{"damage":9,"enemies":"Large Slime","floor":8,"turns":4},{"damage":8,"enemies":"Gremlin Nob","floor":10,"turns":3},{"damage":6,"enemies":"Looter","floor":14,"turns":2},{"damage":0,"enemies":"Slime Boss","floor":16,"turns":10},{"damage":0,"enemies":"Chosen","floor":18,"turns":4},{"damage":13,"enemies":"2 Thieves","floor":20,"turns":4},{"damage":43,"enemies":"Sentry and Sphere","floor":22,"turns":6},{"damage":8,"enemies":"Snake Plant","floor":25,"turns":5},{"damage":10,"enemies":"Shelled Parasite and Fungi","floor":27,"turns":5},{"damage":16,"enemies":"Gremlin Leader","floor":28,"turns":8}],"seed_played":"-4174791540474089819","potions_obtained":[{"floor":3,"key":"Swift Potion"},{"floor":5,"key":"Poison Potion"},{"floor":7,"key":"SkillPotion"},{"floor":25,"key":"LiquidBronze"},{"floor":27,"key":"Block Potion"}],"is_trial":false,"path_per_floor":["M","?","M","?","M","R","E","M","T","E","$","$","R","M","R","B",null,"M","T","M","?","M","$","R","M","T","M","E"],"character_chosen":"DEFECT","items_purchased":["PreservedInsect","Genetic Algorithm","Darkness","Defragment"],"campfire_rested":2,"item_purchase_floors":[11,12,12,23],"current_hp_per_floor":[60,49,46,46,46,67,39,30,30,22,22,22,22,16,16,16,57,57,57,44,44,1,1,22,14,14,4,0],"gold":84,"neow_bonus":"UPGRADE_CARD","is_prod":false,"is_daily":false,"chose_seed":false,"campfire_upgraded":2,"win_rate":0,"timestamp":1551139360,"path_taken":["M","?","M","?","M","R","E","M","T","E","?","$","R","M","R","BOSS","M","?","M","?","M","$","R","M","T","M","E"],"build_version":"2019-01-23","purchased_purges":1,"victory":false,"max_hp_per_floor":[71,71,71,71,71,71,71,71,71,71,71,71,71,71,71,71,71,71,71,71,71,71,71,71,71,71,71,71],"card_choices":[{"not_picked":["Sweeping Beam","Gash"],"picked":"Cold Snap","floor":1},{"not_picked":["Barrage","Streamline"],"picked":"FTL","floor":3},{"not_picked":["BootSequence","Streamline"],"picked":"Compile Driver","floor":5},{"not_picked":["Turbo","Reprogram"],"picked":"Ball Lightning","floor":7},{"not_picked":["Chill","Sweeping Beam"],"picked":"Capacitor","floor":8},{"not_picked":["Hello World","Turbo","Auto Shields"],"picked":"SKIP","floor":10},{"not_picked":["Darkness","Consume"],"picked":"Buffer","floor":14},{"not_picked":["Fission","Core Surge"],"picked":"Machine Learning","floor":16},{"not_picked":["Capacitor","Stack"],"picked":"Glacier","floor":18},{"not_picked":["Recycle","Streamline"],"picked":"Ball Lightning","floor":20},{"not_picked":["Gash","Streamline"],"picked":"Hologram","floor":22},{"not_picked":["Ball Lightning","Streamline"],"picked":"Hologram+1","floor":25},{"not_picked":["Barrage","Leap"],"picked":"Darkness","floor":27}],"player_experience":712418,"relics_obtained":[{"floor":9,"key":"Whetstone"},{"floor":10,"key":"Orichalcum"},{"floor":19,"key":"FossilizedHelix"},{"floor":26,"key":"Happy Flower"}],"event_choices":[{"damage_healed":0,"gold_gain":75,"player_choice":"Gather Gold","damage_taken":11,"max_hp_gain":0,"max_hp_loss":0,"event_name":"World of Goop","floor":2,"gold_loss":0},{"damage_healed":0,"gold_gain":0,"player_choice":"Grow","damage_taken":0,"max_hp_gain":0,"max_hp_loss":0,"event_name":"Living Wall","floor":4,"gold_loss":0,"cards_upgraded":["FTL"]},{"damage_healed":0,"gold_gain":0,"player_choice":"Opened","damage_taken":0,"relics_obtained":["Bag of Marbles"],"max_hp_gain":0,"max_hp_loss":0,"event_name":"The Mausoleum","floor":21,"gold_loss":0,"cards_obtained":["Writhe"]}],"is_beta":false,"boss_relics":[{"not_picked":["Cursed Key","Black Star"],"picked":"Empty Cage"}],"items_purged_floors":[23],"is_endless":false,"potions_floor_spawned":[3,5,7,25,27],"killed_by":"Gremlin Leader","ascension_level":20}