{"gold_per_floor":[117,130,130,230,247,276,290,290],"floor_reached":8,"playtime":348,"items_purged":[],"score":73,"play_id":"0b4f913c-bf1e-4919-98a6-7d53b4994eb0","local_time":"20190301134427","is_ascension_mode":true,"campfire_choices":[],"neow_cost":"NONE","seed_source_timestamp":0,"circlet_count":0,"master_deck":["Strike_R","Strike_R","Strike_R","Strike_R","Defend_R","Defend_R","Defend_R","Defend_R","Bash","Flame Barrier","Cleave","Ghostly Armor","Shrug It Off","Twin Strike","Clothesline"],"special_seed":0,"relics":["Burning Blood","Torii"],"potions_floor_usage":[6],"damage_taken":[{"damage":7.0,"enemies":"Jaw Worm","floor":1.0,"turns":4.0},{"damage":0.0,"enemies":"2 Louse","floor":2.0,"turns":2.0},{"damage":1.0,"enemies":"Cultist","floor":5.0,"turns":5.0},{"damage":51,"enemies":"Lagavulin","floor":6,"turns":8},{"damage":7,"enemies":"Looter","floor":7,"turns":4},{"damage":20,"enemies":"3 Sentries","floor":8,"turns":7}],"seed_played":"417263566523250115","potions_obtained":[{"floor":2.0,"key":"Swift Potion"}],"is_trial":false,"path_per_floor":["M","M","?","?","M","E","M","E"],"character_chosen":"IRONCLAD","items_purchased":[],"campfire_rested":0,"item_purchase_floors":[],"current_hp_per_floor":[79,80,73,73,78,33,32,12],"gold":290,"neow_bonus":"THREE_CARDS","is_prod":false,"is_daily":false,"chose_seed":true,"campfire_upgraded":0,"win_rate":0,"timestamp":1551444267,"path_taken":["M","M","?","?","M","E","M","E"],"build_version":"2019-01-23","purchased_purges":0,"victory":false,"max_hp_per_floor":[80,80,80,80,80,80,80,80],"card_choices":[{"not_picked":["Second Wind","Hemokinesis"],"picked":"Flame Barrier","floor":0.0},{"not_picked":["Perfected Strike","Evolve"],"picked":"Cleave","floor":1.0},{"not_picked":["Warcry","Combust"],"picked":"Ghostly Armor","floor":2.0},{"not_picked":["True Grit","Clash"],"picked":"Shrug It Off","floor":5.0},{"not_picked":["Wild Strike","Warcry"],"picked":"Twin Strike","floor":6},{"not_picked":["Burning Pact","Sentinel"],"picked":"Clothesline","floor":7}],"player_experience":282709,"relics_obtained":[{"floor":6,"key":"Torii"}],"event_choices":[{"cards_removed":["Strike_R"],"damage_healed":0.0,"max_hp_gain":0.0,"max_hp_loss":0.0,"gold_gain":0.0,"event_name":"Golden Wing","player_choice":"Card Removal","floor":3.0,"gold_loss":0.0,"damage_taken":7.0},{"damage_healed":0.0,"max_hp_gain":0.0,"max_hp_loss":0.0,"gold_gain":100.0,"event_name":"Golden Shrine","player_choice":"Pray","floor":4.0,"gold_loss":0.0,"damage_taken":0.0}],"is_beta":false,"boss_relics":[],"items_purged_floors":[],"is_endless":false,"potions_floor_spawned":[2],"killed_by":"3 Sentries","ascension_level":5}