{"gold_per_floor":[110,185,211,86,106,106,141,91,91,91,16,39,63,131,131,131],"floor_reached":16,"playtime":951,"items_purged":["Writhe"],"score":133,"play_id":"505fc61e-8614-467f-8f75-553ee29ca833","local_time":"20190228204425","is_ascension_mode":true,"campfire_choices":[{"data":"Shrug It Off","floor":6,"key":"SMITH"},{"floor":15,"key":"REST"}],"neow_cost":"CURSE","seed_source_timestamp":1217651439660800,"circlet_count":0,"master_deck":["Strike_R","Strike_R","Strike_R","Strike_R","Defend_R+1","Defend_R","Defend_R","Defend_R+1","Bash","True Grit","Shrug It Off+1","Shrug It Off","Injury","Heavy Blade"],"relics":["Burning Blood","War Paint","Oddly Smooth Stone","Red Skull","Golden Idol","Shuriken"],"potions_floor_usage":[7],"damage_taken":[{"damage":8,"enemies":"2 Louse","floor":1,"turns":2},{"damage":0,"enemies":"Jaw Worm","floor":5,"turns":4},{"damage":32,"enemies":"Lagavulin","floor":7,"turns":12},{"damage":1,"enemies":"Small Slimes","floor":12,"turns":5},{"damage":36,"enemies":"Gremlin Gang","floor":13,"turns":7},{"damage":78,"enemies":"Slime Boss","floor":16,"turns":13}],"seed_played":"6734170566286220754","potions_obtained":[{"floor":1,"key":"Poison Potion"},{"floor":7,"key":"FearPotion"}],"is_trial":false,"path_per_floor":["M","?","T","$","M","R","E","?","T","?","$","M","M","T","R","B"],"character_chosen":"IRONCLAD","items_purchased":["Shrug It Off","LiquidBronze"],"campfire_rested":1,"item_purchase_floors":[4,11],"current_hp_per_floor":[94,83,83,83,89,89,63,63,63,63,63,68,38,38,66,0],"gold":131,"neow_bonus":"TWENTY_PERCENT_HP_BONUS","is_prod":false,"is_daily":false,"chose_seed":false,"campfire_upgraded":1,"win_rate":0,"timestamp":1551347065,"path_taken":["M","?","?","$","M","R","E","?","T","?","$","?","M","?","R","BOSS"],"build_version":"2019-01-23","purchased_purges":1,"victory":false,"max_hp_per_floor":[96,96,96,96,96,96,96,96,96,96,96,96,96,96,96,96],"card_choices":[{"not_picked":["Twin Strike","Metallicize"],"picked":"True Grit","floor":1},{"not_picked":["Inflame","Cleave"],"picked":"Shrug It Off","floor":5},{"not_picked":["Shrug It Off","Perfected Strike","Iron Wave"],"picked":"SKIP","floor":7},{"not_picked":["Sentinel","Clothesline"],"picked":"Heavy Blade","floor":12},{"not_picked":["Wild Strike","Fire Breathing","Headbutt"],"picked":"SKIP","floor":13}],"player_experience":202642,"relics_obtained":[{"floor":3,"key":"War Paint"},{"floor":7,"key":"Oddly Smooth Stone"},{"floor":9,"key":"Red Skull"},{"floor":14,"key":"Shuriken"}],"event_choices":[{"damage_healed":0,"gold_gain":75,"player_choice":"Gather Gold","damage_taken":11,"max_hp_gain":0,"max_hp_loss":0,"event_name":"World of Goop","floor":2,"gold_loss":0},{"cards_removed":["Strike_R"],"damage_healed":0,"gold_gain":0,"player_choice":"Card Removal","damage_taken":0,"max_hp_gain":0,"max_hp_loss":0,"event_name":"The Cleric","floor":8,"gold_loss":50},{"damage_healed":0,"gold_gain":0,"player_choice":"Take Wound","damage_taken":0,"relics_obtained":["Golden Idol"],"max_hp_gain":0,"max_hp_loss":0,"event_name":"Golden Idol","floor":10,"gold_loss":0,"cards_obtained":["Injury"]}],"is_beta":false,"boss_relics":[],"items_purged_floors":[4],"is_endless":false,"potions_floor_spawned":[1,7],"killed_by":"Slime Boss","ascension_level":2}