{"gold_per_floor":[113,113,133,147,173,173,207,207,207,219,219,253,253,273,273,344,344,355,370,370],"floor_reached":20,"playtime":765,"items_purged":[],"score":368,"play_id":"74986e7d-27b4-4602-96af-7d355d390441","local_time":"20181129153625","is_ascension_mode":true,"campfire_choices":[{"data":"Bash","floor":6,"key":"SMITH"},{"data":"Armaments","floor":8,"key":"SMITH"},{"floor":13,"key":"REST"},{"floor":15,"key":"REST"}],"neow_cost":"NONE","seed_source_timestamp":1304120022570648,"circlet_count":0,"master_deck":["AscendersBane","Strike_R","Strike_R","Strike_R","Defend_R","Defend_R","Defend_R","Defend_R","Bash+1","Offering","Disarm","Thunderclap","Juggernaut","Wild Strike","Cleave","Armaments+1","Blood for Blood","Feed","Shrug It Off","Shrug It Off","Offering","Shockwave"],"relics":["Burning Blood","Dream Catcher","Pantograph","Bottled Tornado","Oddly Smooth Stone","Potion Belt","Empty Cage"],"potions_floor_usage":[7,7,16],"damage_taken":[{"damage":13,"enemies":"Small Slimes","floor":1,"turns":3},{"damage":10,"enemies":"Cultist","floor":3,"turns":3},{"damage":6,"enemies":"Jaw Worm","floor":4,"turns":1},{"damage":16,"enemies":"3 Sentries","floor":7,"turns":4},{"damage":4,"enemies":"3 Louse","floor":10,"turns":3},{"damage":20,"enemies":"Lagavulin","floor":12,"turns":4},{"damage":20,"enemies":"Looter","floor":14,"turns":5},{"damage":36,"enemies":"Slime Boss","floor":16,"turns":11},{"damage":30,"enemies":"Shell Parasite","floor":18,"turns":4},{"damage":28,"enemies":"Chosen","floor":19,"turns":5},{"damage":33,"enemies":"3 Cultists","floor":20,"turns":4}],"seed_played":"-7195354615089600607","potions_obtained":[{"floor":1,"key":"SkillPotion"},{"floor":3,"key":"AttackPotion"},{"floor":14,"key":"Block Potion"}],"is_trial":false,"path_per_floor":["M","?","M","M","T","R","E","R","T","M","?","E","R","M","R","B",null,"M","M","M"],"character_chosen":"IRONCLAD","items_purchased":[],"campfire_rested":2,"item_purchase_floors":[],"current_hp_per_floor":[61,61,57,57,57,57,47,47,47,49,23,9,31,20,43,38,68,47,28,0],"gold":370,"neow_bonus":"ONE_RANDOM_RARE_CARD","is_prod":false,"is_daily":false,"chose_seed":false,"campfire_upgraded":2,"win_rate":0,"timestamp":1543523785,"path_taken":["M","?","M","?","?","R","E","R","T","?","?","E","R","M","R","BOSS","M","M","M"],"build_version":"2018-11-15","purchased_purges":0,"victory":false,"max_hp_per_floor":[75,75,75,75,75,75,75,75,75,75,75,75,75,78,78,78,78,81,84,87],"card_choices":[{"not_picked":["Thunderclap","Flame Barrier"],"picked":"Disarm","floor":1},{"not_picked":["Warcry","True Grit"],"picked":"Wild Strike","floor":3},{"not_picked":["Thunderclap","Juggernaut"],"picked":"Cleave","floor":4},{"not_picked":["Sword Boomerang","Corruption"],"picked":"Armaments","floor":7},{"not_picked":["Twin Strike","Headbutt"],"picked":"Blood for Blood","floor":10},{"not_picked":["Inflame","Body Slam"],"picked":"Feed","floor":12},{"not_picked":["Pommel Strike","Warcry"],"picked":"Shrug It Off","floor":14},{"not_picked":["Shockwave","Armaments"],"picked":"Shrug It Off","floor":15},{"not_picked":["Feed","Barricade"],"picked":"Offering","floor":16},{"not_picked":["Clothesline","Twin Strike","Bloodletting"],"picked":"SKIP","floor":18},{"not_picked":["Seeing Red","Headbutt"],"picked":"Shockwave","floor":19}],"player_experience":547408,"relics_obtained":[{"floor":5,"key":"Dream Catcher"},{"floor":7,"key":"Pantograph"},{"floor":9,"key":"Bottled Tornado"},{"floor":12,"key":"Potion Belt"}],"event_choices":[{"damage_healed":0,"gold_gain":0,"player_choice":"2 cards matched","damage_taken":0,"max_hp_gain":0,"max_hp_loss":0,"event_name":"Match and Keep!","floor":2,"gold_loss":0,"cards_obtained":["Thunderclap","Juggernaut"]},{"damage_healed":0,"gold_gain":0,"player_choice":"Success","damage_taken":26,"relics_obtained":["Oddly Smooth Stone"],"max_hp_gain":0,"max_hp_loss":0,"event_name":"Scrap Ooze","floor":11,"gold_loss":0}],"is_beta":false,"boss_relics":[{"not_picked":["Tiny House","Lizard Tail"],"picked":"Empty Cage"}],"items_purged_floors":[],"is_endless":false,"potions_floor_spawned":[1,3,4,14],"killed_by":"3 Cultists","ascension_level":20}