{"gold_per_floor":[118,118,134,150,0,29,29,58,58,93,93,93,45,57,57,159,159,172,23,39,55,68,68,88,13,13,13,47,63,93,104,104,203,203,223,241,23,36,36,62,76,108,108,122,122,27,56,71,71,71],"floor_reached":51,"playtime":4304,"items_purged":["Strike_R"],"score":1267,"play_id":"da521093-faec-410a-a77c-a8c7422d0375","local_time":"20190305021428","is_ascension_mode":true,"campfire_choices":[{"data":"Immolate","floor":7,"key":"SMITH"},{"floor":11,"key":"REST"},{"data":"True Grit","floor":15,"key":"SMITH"},{"data":"True Grit","floor":23,"key":"SMITH"},{"data":"Flame Barrier","floor":27,"key":"SMITH"},{"data":"Uppercut","floor":32,"key":"SMITH"},{"data":"Bash","floor":49,"key":"SMITH"}],"neow_cost":"NONE","seed_source_timestamp":51777164112501,"circlet_count":0,"master_deck":["Strike_R","Strike_R","Strike_R","Defend_R","Defend_R","Defend_R","Defend_R+1","Bash+1","Clothesline+1","True Grit+1","Immolate+1","Metallicize+1","Fire Breathing+1","Demon Form+1","Shrug It Off+1","Flame Barrier+1","Uppercut+1","True Grit+1","Twin Strike"],"relics":["Burning Blood","Potion Belt","Boot","Thread and Needle","Frozen Egg 2","Bag of Marbles","PreservedInsect","Velvet Choker","Kunai","Lantern","Mercury Hourglass","Busted Crown","Vajra","Regal Pillow","War Paint","Orichalcum","Charon\u0027s Ashes"],"potions_floor_usage":[6,6,10,16,16,21,28,28,33,33,33,41,47,50,50,50,50,50,50,50,50,50,50],"damage_taken":[{"damage":2,"enemies":"2 Louse","floor":1,"turns":4},{"damage":4,"enemies":"Jaw Worm","floor":3,"turns":3},{"damage":13,"enemies":"Small Slimes","floor":4,"turns":4},{"damage":18,"enemies":"Lagavulin","floor":6,"turns":6},{"damage":20,"enemies":"3 Sentries","floor":8,"turns":5},{"damage":28,"enemies":"Lagavulin","floor":10,"turns":8},{"damage":4,"enemies":"Exordium Wildlife","floor":14,"turns":3},{"damage":32,"enemies":"The Guardian","floor":16,"turns":14},{"damage":16,"enemies":"3 Byrds","floor":18,"turns":4},{"damage":1,"enemies":"Shell Parasite","floor":20,"turns":5},{"damage":10,"enemies":"Centurion and Healer","floor":21,"turns":5},{"damage":0,"enemies":"Chosen and Byrds","floor":22,"turns":6},{"damage":9,"enemies":"Snecko","floor":24,"turns":4},{"damage":0,"enemies":"Slavers","floor":28,"turns":1},{"damage":0,"enemies":"Centurion and Healer","floor":29,"turns":6},{"damage":0,"enemies":"Gremlin Leader","floor":30,"turns":5},{"damage":9,"enemies":"Shelled Parasite and Fungi","floor":31,"turns":7},{"damage":45,"enemies":"Champ","floor":33,"turns":10},{"damage":0,"enemies":"3 Darklings","floor":35,"turns":2},{"damage":0,"enemies":"Orb Walker","floor":36,"turns":4},{"damage":5,"enemies":"Spire Growth","floor":38,"turns":4},{"damage":29,"enemies":"Giant Head","floor":40,"turns":8},{"damage":0,"enemies":"Sphere and 2 Shapes","floor":41,"turns":6},{"damage":20,"enemies":"Reptomancer","floor":42,"turns":6},{"damage":1,"enemies":"4 Shapes","floor":44,"turns":9},{"damage":0,"enemies":"Giant Head","floor":47,"turns":7},{"damage":0,"enemies":"3 Darklings","floor":48,"turns":4},{"damage":0,"enemies":"Awakened One","floor":50,"turns":11}],"seed_played":"2539562271744394290","potions_obtained":[{"floor":8,"key":"GamblersBrew"},{"floor":14,"key":"SkillPotion"},{"floor":16,"key":"Dexterity Potion"},{"floor":18,"key":"Weak Potion"},{"floor":21,"key":"FearPotion"},{"floor":22,"key":"Regen Potion"},{"floor":31,"key":"Ancient Potion"},{"floor":33,"key":"SpeedPotion"},{"floor":36,"key":"Fire Potion"},{"floor":41,"key":"SpeedPotion"},{"floor":42,"key":"SkillPotion"},{"floor":44,"key":"BloodPotion"},{"floor":48,"key":"Swift Potion"}],"is_trial":false,"path_per_floor":["M","?","M","M","$","E","R","E","T","E","R","?","$","M","R","B",null,"M","$","M","M","M","R","M","?","T","R","E","M","E","M","R","B",null,"M","M","$","M","?","E","M","E","T","M","?","$","E","M","R","B",null],"character_chosen":"IRONCLAD","items_purchased":["True Grit","SteroidPotion","AttackPotion","Weak Potion","Shrug It Off","Flame Barrier","FearPotion","Vajra","EntropicBrew"],"campfire_rested":1,"item_purchase_floors":[5,5,5,13,19,19,19,37,46],"current_hp_per_floor":[76,76,78,71,71,59,59,45,45,23,47,44,44,46,46,20,65,55,55,60,56,62,62,59,59,59,59,65,71,77,74,74,40,70,76,80,80,80,80,57,63,49,49,54,54,54,67,73,73,76],"gold":71,"neow_bonus":"RANDOM_COMMON_RELIC","is_prod":false,"is_daily":false,"chose_seed":false,"campfire_upgraded":6,"win_rate":0,"timestamp":1551773668,"path_taken":["M","?","M","M","$","E","R","E","T","E","R","?","?","M","R","BOSS","M","$","M","M","M","R","M","?","T","R","E","M","E","M","R","BOSS","M","M","$","M","?","E","M","E","T","?","?","$","E","M","R","BOSS"],"build_version":"2019-01-23","purchased_purges":1,"victory":true,"max_hp_per_floor":[80,80,80,80,80,80,80,80,80,80,80,80,80,80,80,80,80,80,80,80,80,80,80,80,80,80,80,80,80,80,80,80,80,80,80,80,80,80,80,80,80,80,80,80,76,76,76,76,76,76],"card_choices":[{"not_picked":["Wild Strike","Perfected Strike"],"picked":"Clothesline","floor":1},{"not_picked":["Infernal Blade","Feel No Pain","Warcry"],"picked":"SKIP","floor":3},{"not_picked":["Sever Soul","Rupture","Clothesline"],"picked":"SKIP","floor":4},{"not_picked":["Perfected Strike","Battle Trance"],"picked":"Immolate","floor":6},{"not_picked":["Clash","Pummel","Spot Weakness"],"picked":"SKIP","floor":8},{"not_picked":["Cleave","Twin Strike"],"picked":"Metallicize+1","floor":10},{"not_picked":["Clash","Armaments"],"picked":"Fire Breathing+1","floor":14},{"not_picked":["Brutality+1","Dark Embrace+1"],"picked":"Demon Form+1","floor":16},{"not_picked":["Intimidate","Combust+1","Iron Wave"],"picked":"SKIP","floor":18},{"not_picked":["Wild Strike","Spot Weakness","Heavy Blade"],"picked":"SKIP","floor":20},{"not_picked":["Sentinel","Bloodletting"],"picked":"Uppercut","floor":21},{"not_picked":["Warcry","Clothesline"],"picked":"True Grit","floor":22},{"not_picked":["Armaments+1","Perfected Strike","Blood for Blood"],"picked":"SKIP","floor":24},{"not_picked":["Heavy Blade+1","Dark Embrace+1","Thunderclap+1"],"picked":"SKIP","floor":28},{"not_picked":["Flex","Headbutt","True Grit"],"picked":"SKIP","floor":29},{"not_picked":["Burning Pact","Armaments","Seeing Red"],"picked":"SKIP","floor":30},{"not_picked":["Flex","Perfected Strike"],"picked":"Twin Strike","floor":31},{"not_picked":["Iron Wave+1"],"picked":"SKIP","floor":35},{"not_picked":["True Grit"],"picked":"SKIP","floor":36},{"not_picked":[],"picked":"Disarm+1","floor":38},{"not_picked":["Iron Wave+1"],"picked":"SKIP","floor":40},{"not_picked":["Sword Boomerang+1"],"picked":"SKIP","floor":41},{"not_picked":["Combust+1"],"picked":"SKIP","floor":42},{"not_picked":["Evolve+1"],"picked":"SKIP","floor":44},{"not_picked":["Pommel Strike"],"picked":"SKIP","floor":47},{"not_picked":["Clothesline+1"],"picked":"SKIP","floor":48}],"player_experience":160028,"relics_obtained":[{"floor":6,"key":"Boot"},{"floor":8,"key":"Thread and Needle"},{"floor":9,"key":"Frozen Egg 2"},{"floor":10,"key":"Bag of Marbles"},{"floor":26,"key":"Kunai"},{"floor":28,"key":"Lantern"},{"floor":30,"key":"Mercury Hourglass"},{"floor":40,"key":"Regal Pillow"},{"floor":42,"key":"War Paint"},{"floor":43,"key":"Orichalcum"},{"floor":47,"key":"Charon\u0027s Ashes"}],"event_choices":[{"damage_healed":0,"gold_gain":0,"player_choice":"Grow","damage_taken":0,"max_hp_gain":0,"max_hp_loss":0,"event_name":"Living Wall","floor":2,"gold_loss":0,"cards_upgraded":["Clothesline"]},{"damage_healed":0,"gold_gain":0,"player_choice":"Success","damage_taken":3,"relics_obtained":["PreservedInsect"],"max_hp_gain":0,"max_hp_loss":0,"event_name":"Scrap Ooze","floor":12,"gold_loss":0},{"cards_removed":["Strike_R"],"damage_healed":0,"gold_gain":0,"player_choice":"Gave Gold","damage_taken":0,"max_hp_gain":0,"max_hp_loss":0,"event_name":"Beggar","floor":25,"gold_loss":75},{"cards_removed":["Disarm"],"damage_healed":0,"gold_gain":0,"player_choice":"Offered Uncommon","damage_taken":0,"max_hp_gain":0,"max_hp_loss":0,"event_name":"Bonfire Elementals","floor":39,"gold_loss":0},{"damage_healed":0,"gold_gain":0,"player_choice":"Max HP","damage_taken":0,"max_hp_gain":0,"max_hp_loss":4,"event_name":"Winding Halls","floor":45,"gold_loss":0}],"is_beta":false,"boss_relics":[{"not_picked":["Sozu","Empty Cage"],"picked":"Velvet Choker"},{"not_picked":["Black Star","Coffee Dripper"],"picked":"Busted Crown"}],"items_purged_floors":[37],"is_endless":false,"potions_floor_spawned":[8,14,16,18,21,22,31,33,36,41,42,44,48],"ascension_level":9}