{"path_per_floor":["M","M","?","?","M","E","R","T","T","M","$","T","M","M","R","B",null,"M","$","M","?","M","E","R","M","T","?","M","M","$","?","R","B",null,"M","$","$","M","?","R","M","E","T","R","E","M","M","?","R","B"],"character_chosen":"IRONCLAD","items_purchased":["Perfected Strike","Self Forming Clay","Molten Egg 2","Bottled Flame","Spot Weakness","Dead Branch","Warcry","Frozen Egg 2","War Paint","Combust","Whirlwind"],"gold_per_floor":[144,189,189,189,234,324,324,324,324,369,68,118,163,208,208,508,508,553,19,64,64,109,199,199,244,244,444,489,534,184,184,184,484,484,529,25,25,70,70,70,115,205,205,205,295,340,385,385,385,385],"floor_reached":51,"campfire_rested":7,"playtime":2500,"current_hp_per_floor":[80,77,77,77,73,48,72,72,72,78,78,78,80,80,80,54,80,77,77,80,80,69,62,80,70,70,70,76,74,74,74,80,74,80,74,74,74,70,70,80,78,73,73,80,80,61,80,80,80,11],"items_purged":[],"gold":385,"score":1329,"play_id":"abb6308f-9fd5-46db-bd9e-aa72daeacf8d","local_time":"20180417160215","daily_mods":["Insanity","Midas","Hoarder"],"is_prod":false,"is_daily":true,"chose_seed":false,"is_ascension_mode":false,"campfire_upgraded":0,"timestamp":1524002535,"path_taken":["M","M","?","?","M","E","R","?","T","M","$","?","?","M","R","BOSS","M","$","M","?","M","E","R","M","T","?","?","M","$","?","R","BOSS","M","?","$","M","?","R","M","E","T","R","E","M","?","?","R","BOSS"],"build_version":"2018-04-12","seed_source_timestamp":0,"purchased_purges":0,"victory":true,"master_deck":["Infernal Blade","Twin Strike","Bludgeon","Heavy Blade","Fire Breathing","Pummel","Pommel Strike","Anger","Impervious","Perfected Strike","Hemokinesis","Bloodletting","Demon Form","Strike_R+1","Blood for Blood","Combust","Heavy Blade","Second Wind","Shockwave","Demon Form","Dropkick","Rampage","Clothesline","Twin Strike","Burning Pact","Ghostly Armor","Blood for Blood","Limit Break","Feed","Juggernaut","Demon Form","Searing Blow","Rupture","Pummel","Infernal Blade","Reaper","Reckless Charge","Shockwave","Shockwave","Infernal Blade","Juggernaut","Headbutt","Berserk","Carnage","Infernal Blade","Strike_R+1","Fire Breathing","Shockwave","Feel No Pain","Clash","Clash","Clash","Clash","Clash","Clash","Headbutt","Headbutt","Headbutt","Disarm","Disarm","Disarm","Clothesline","Clothesline","Clothesline","Reckless Charge","Reckless Charge","Reckless Charge","Clash","Clash","Clash","Metallicize","Metallicize","Metallicize","Perfected Strike","Perfected Strike","Perfected Strike","Armaments","Armaments","Armaments","Sentinel","Sentinel","Sentinel","Juggernaut","Juggernaut","Juggernaut","Cleave","Cleave","Cleave","Spot Weakness","Spot Weakness","Spot Weakness+1","Inflame","Inflame","Inflame","Body Slam+1","Body Slam+1","Body Slam+1","Hemokinesis+1","Hemokinesis+1","Hemokinesis+1","Offering","Offering","Offering","Perfected Strike+1","Perfected Strike+1","Perfected Strike+1","Clash+1","Clash+1","Clash+1","Bloodletting+1","Bloodletting","Bloodletting","Warcry","Warcry","Warcry","Brutality","Brutality","Doubt","Doubt","Doubt","Clumsy","Clumsy","Clumsy","Regret","Regret","Regret","Clash+1","Clash+1","Clash+1","Combust+1","Combust+1","Combust+1","Whirlwind+1","Whirlwind+1","Whirlwind+1","Perfected Strike+1","Perfected Strike+1","Perfected Strike+1","Rupture+1","Rupture+1","Rupture+1","Clash+1","Clash+1","Clash+1","Exhume","Exhume","Exhume","Rupture+1","Rupture+1","Rupture+1","Anger+1","Anger+1","Anger+1","Sentinel","Sentinel","Sentinel"],"max_hp_per_floor":[80,80,80,80,80,80,80,80,80,80,80,80,80,80,80,80,80,80,80,80,80,80,80,80,80,80,80,80,80,80,80,80,80,80,80,80,80,80,80,80,80,80,80,80,80,80,80,80,80,80],"relics":["Burning Blood","Bag of Marbles","Toolbox","Thread and Needle","Self Forming Clay","Art of War","Eternal Feather","Molten Egg 2","Bottled Flame","Prayer Wheel","Orichalcum","Dead Branch","Mummified Hand","Astrolabe","Frozen Egg 2","War Paint","Regal Pillow","Mercury Hourglass","Shuriken","Happy Flower"],"card_choices":[{"not_picked":["Burning Pact","Headbutt"],"picked":"Clash","floor":1},{"not_picked":["Reckless Charge","Body Slam"],"picked":"Clash","floor":2},{"not_picked":["Pommel Strike","Heavy Blade"],"picked":"Reckless Charge","floor":5},{"not_picked":["Intimidate","True Grit"],"picked":"Clash","floor":6},{"not_picked":["Iron Wave","Havoc"],"picked":"Metallicize","floor":10},{"not_picked":["Wild Strike","Clothesline"],"picked":"Armaments","floor":13},{"not_picked":["Havoc","Cleave"],"picked":"Sentinel","floor":14},{"not_picked":["Impervious","Limit Break"],"picked":"Juggernaut","floor":16},{"not_picked":["Pommel Strike","Shockwave"],"picked":"Cleave","floor":18},{"not_picked":["Headbutt","True Grit"],"picked":"Inflame","floor":20},{"not_picked":["Pommel Strike","Havoc"],"picked":"Body Slam","floor":22},{"not_picked":["Shockwave","Intimidate"],"picked":"Hemokinesis","floor":23},{"not_picked":["Dual Wield","Feel No Pain"],"picked":"Offering","floor":25},{"not_picked":["Dropkick","Heavy Blade"],"picked":"Perfected Strike","floor":26},{"not_picked":["Heavy Blade","Reckless Charge"],"picked":"Clash","floor":28},{"not_picked":["Flex","Juggernaut"],"picked":"Bloodletting","floor":29},{"not_picked":["Double Tap","Limit Break"],"picked":"Brutality","floor":33},{"not_picked":["Havoc","Dropkick"],"picked":"Clash","floor":35},{"not_picked":["Blood for Blood","Thunderclap"],"picked":"Perfected Strike","floor":38},{"not_picked":["Shockwave","Shrug It Off"],"picked":"Rupture","floor":41},{"not_picked":["Sentinel","Sword Boomerang"],"picked":"Clash","floor":42},{"not_picked":["Wild Strike","Flex"],"picked":"Exhume","floor":43},{"not_picked":["Inflame","Thunderclap"],"picked":"Rupture","floor":45},{"not_picked":["Thunderclap","Corruption"],"picked":"Anger","floor":46},{"not_picked":["Rampage","Clothesline"],"picked":"Sentinel","floor":47}],"player_experience":255138,"potions_floor_usage":[6,23,23,33,42,50,50],"damage_taken":[{"damage":5,"enemies":"2 Louse","floor":1,"turns":3},{"damage":9,"enemies":"Cultist","floor":2,"turns":3},{"damage":10,"enemies":"Small Slimes","floor":5,"turns":2},{"damage":31,"enemies":"Gremlin Nob","floor":6,"turns":5},{"damage":0,"enemies":"Gremlin Gang","floor":10,"turns":3},{"damage":0,"enemies":"2 Fungi Beasts","floor":13,"turns":1},{"damage":0,"enemies":"Blue Slaver","floor":14,"turns":1},{"damage":32,"enemies":"The Guardian","floor":16,"turns":11},{"damage":9,"enemies":"Spheric Guardian","floor":18,"turns":4},{"damage":0,"enemies":"Chosen","floor":20,"turns":2},{"damage":24,"enemies":"Centurion and Healer","floor":22,"turns":9},{"damage":13,"enemies":"Slavers","floor":23,"turns":4},{"damage":16,"enemies":"Cultist and Chosen","floor":25,"turns":6},{"damage":0,"enemies":"Snake Plant","floor":28,"turns":2},{"damage":8,"enemies":"Centurion and Healer","floor":29,"turns":5},{"damage":12,"enemies":"Champ","floor":33,"turns":6},{"damage":12,"enemies":"3 Shapes","floor":35,"turns":3},{"damage":10,"enemies":"3 Darklings","floor":38,"turns":2},{"damage":8,"enemies":"Sphere and 2 Shapes","floor":41,"turns":3},{"damage":11,"enemies":"2 Orb Walkers","floor":42,"turns":3},{"damage":3,"enemies":"Nemesis","floor":45,"turns":1},{"damage":25,"enemies":"Maw","floor":46,"turns":3},{"damage":4,"enemies":"4 Shapes","floor":47,"turns":2},{"damage":81,"enemies":"Donu and Deca","floor":50,"turns":6}],"event_choices":[{"event_name":"Match and Keep!","player_choice":"2 cards matched","floor":3,"damage_taken":0},{"event_name":"Transmorgrifier","player_choice":"Transform","floor":4,"damage_taken":0},{"event_name":"Back to Basics","player_choice":"Simplicity","floor":21,"damage_taken":0},{"event_name":"The Joust","player_choice":"Bet on Owner","floor":27,"damage_taken":0},{"event_name":"The Mausoleum","player_choice":"Yes","floor":31,"damage_taken":0},{"event_name":"Wheel of Change","player_choice":"Relic","floor":48,"damage_taken":0}],"boss_relics":[{"not_picked":["Black Star","Black Blood"],"picked":"Eternal Feather"},{"not_picked":["Velvet Choker","Orrery"],"picked":"Astrolabe"}],"potions_floor_spawned":[1,10,13,22,28,33,41,45,46],"seed_played":"5806895975017709107","ascension_level":0,"is_trial":false}