{"gold_per_floor":[110,126,126,137,151,151,184,198,223,223,16,35,35,49,49,154,154,167,167,167,167,92,92,119,44,70,70,97,107,107],"floor_reached":30,"playtime":1984,"items_purged":["Strike_B"],"score":268,"play_id":"f6307672-67c7-4fd2-9dd9-7f0223ea38f0","local_time":"20190129063624","is_ascension_mode":false,"campfire_choices":[{"data":"Reinforced Body","floor":6,"key":"SMITH"},{"floor":10,"key":"REST"},{"floor":13,"key":"REST"},{"data":"Auto Shields","floor":15,"key":"SMITH"},{"data":"Sunder","floor":23,"key":"SMITH"},{"floor":27,"key":"REST"}],"neow_cost":"NONE","seed_source_timestamp":420646528125900,"circlet_count":0,"master_deck":["Strike_B","Strike_B","Defend_B","Defend_B","Defend_B","Zap+1","Dualcast","Rebound","Capacitor","Strike_R","Reinforced Body+1","Auto Shields+1","FTL","Sunder+1","Leap","Darkness","Ball Lightning","Multi-Cast","Conserve Battery+1","Writhe","Decay","Sweeping Beam","Seek","Redo","Turbo"],"relics":["Cracked Core","Boot","Juzu Bracelet","Membership Card","Eternal Feather","Gremlin Horn","Ancient Tea Set","Oddly Smooth Stone","Centennial Puzzle","Shuriken"],"potions_floor_usage":[28,28,28,29,29],"damage_taken":[{"damage":4,"enemies":"2 Louse","floor":1,"turns":3},{"damage":0,"enemies":"Cultist","floor":2,"turns":3},{"damage":2,"enemies":"Small Slimes","floor":4,"turns":3},{"damage":2,"enemies":"Blue Slaver","floor":5,"turns":5},{"damage":27,"enemies":"Gremlin Nob","floor":7,"turns":4},{"damage":2,"enemies":"3 Louse","floor":8,"turns":3},{"damage":17,"enemies":"Large Slime","floor":12,"turns":5},{"damage":0,"enemies":"Red Slaver","floor":14,"turns":3},{"damage":10,"enemies":"Slime Boss","floor":16,"turns":10},{"damage":23,"enemies":"Shell Parasite","floor":18,"turns":7},{"damage":52,"enemies":"Slavers","floor":24,"turns":8},{"damage":39,"enemies":"Book of Stabbing","floor":28,"turns":7},{"damage":2,"enemies":"Chosen","floor":29,"turns":4},{"damage":13,"enemies":"Sentry and Sphere","floor":30,"turns":2}],"seed_played":"-67819879564986585","potions_obtained":[{"floor":4,"key":"EntropicBrew"},{"floor":5,"key":"SteroidPotion"},{"floor":14,"key":"FearPotion"},{"floor":28,"key":"GamblersBrew"}],"is_trial":false,"path_per_floor":["M","M","?","M","M","R","E","M","T","R","$","M","R","M","R","B",null,"M","T","?","?","?","R","E","$","T","R","E","M","M"],"character_chosen":"DEFECT","items_purchased":["Membership Card","Leap","Seek"],"campfire_rested":3,"item_purchase_floors":[11,11,25],"current_hp_per_floor":[71,71,71,69,67,67,40,38,38,60,60,43,65,65,65,55,75,52,52,52,52,52,64,12,12,12,46,7,5,0],"gold":107,"neow_bonus":"UPGRADE_CARD","is_prod":false,"is_daily":false,"chose_seed":false,"campfire_upgraded":3,"win_rate":0.0,"timestamp":1548704184,"path_taken":["M","M","?","M","M","R","E","?","T","R","$","M","R","M","R","BOSS","M","?","?","?","?","R","E","?","T","R","E","M","M"],"build_version":"2019-01-23","purchased_purges":1,"victory":false,"max_hp_per_floor":[75,75,75,75,75,75,75,75,75,75,75,75,75,75,75,75,75,75,75,75,75,75,75,75,75,75,75,75,75,75],"card_choices":[{"not_picked":["Skim","Coolheaded"],"picked":"Rebound","floor":1},{"not_picked":["Steam Power","Compile Driver"],"picked":"Capacitor","floor":2},{"not_picked":["Turbo","Go for the Eyes"],"picked":"Reinforced Body","floor":4},{"not_picked":["Cold Snap","Gash"],"picked":"Auto Shields","floor":5},{"not_picked":["Beam Cell","Compile Driver"],"picked":"FTL","floor":7},{"not_picked":["Lockon","Reprogram"],"picked":"Sunder","floor":8},{"not_picked":["Turbo","Heatsinks"],"picked":"Darkness","floor":12},{"not_picked":["Sweeping Beam","Steam"],"picked":"Ball Lightning","floor":14},{"not_picked":["Biased Cognition","Echo Form"],"picked":"Multi-Cast","floor":16},{"not_picked":["Go for the Eyes","Redo"],"picked":"Conserve Battery+1","floor":18},{"not_picked":["Streamline","Force Field"],"picked":"Sweeping Beam","floor":24},{"not_picked":["Compile Driver+1","Barrage"],"picked":"Redo","floor":28},{"not_picked":["Sweeping Beam","Conserve Battery"],"picked":"Turbo","floor":29}],"player_experience":41549,"relics_obtained":[{"floor":7,"key":"Boot"},{"floor":9,"key":"Juzu Bracelet"},{"floor":19,"key":"Gremlin Horn"},{"floor":24,"key":"Oddly Smooth Stone"},{"floor":26,"key":"Centennial Puzzle"},{"floor":28,"key":"Shuriken"}],"event_choices":[{"cards_removed":["Strike_B"],"damage_healed":0,"gold_gain":0,"player_choice":"Took Card","damage_taken":0,"max_hp_gain":0,"max_hp_loss":0,"event_name":"NoteForYourself","floor":3,"gold_loss":0,"cards_obtained":["Strike_R"]},{"damage_healed":0,"gold_gain":0,"player_choice":"Opened","damage_taken":0,"relics_obtained":["Ancient Tea Set"],"max_hp_gain":0,"max_hp_loss":0,"event_name":"The Mausoleum","floor":20,"gold_loss":0,"cards_obtained":["Writhe"]},{"damage_healed":0,"gold_gain":0,"player_choice":"Smashed Altar","damage_taken":0,"max_hp_gain":0,"max_hp_loss":0,"event_name":"Forgotten Altar","floor":21,"gold_loss":0,"cards_obtained":["Decay"]},{"cards_removed":["Defend_B"],"damage_healed":0,"gold_gain":0,"player_choice":"Gave Gold","damage_taken":0,"max_hp_gain":0,"max_hp_loss":0,"event_name":"Beggar","floor":22,"gold_loss":75}],"is_beta":false,"boss_relics":[{"not_picked":["Tiny House","Orrery"],"picked":"Eternal Feather"}],"items_purged_floors":[25],"is_endless":false,"potions_floor_spawned":[4,5,14,16,24,28],"killed_by":"Sentry and Sphere","ascension_level":0}