{"path_per_floor":["M","M","M","?","M","E","M","R","T","M","M","R","?","E","R","B",null,"M","M","$","M","M","R","E","M","T","E","M","?","M","M","R","B",null,"M","M","?","M","?","M","E","M","T","E","?","E","R","?","R","B"],"character_chosen":"IRONCLAD","items_purchased":["Carnage","Metallicize","Twin Strike","Champion Belt"],"gold_per_floor":[114,129,144,244,259,289,304,304,304,319,334,334,364,394,394,494,494,509,524,69,84,99,99,129,144,194,224,239,239,254,269,269,369,369,384,399,0,15,15,30,60,105,105,135,146,176,176,176,176,176],"floor_reached":51,"campfire_rested":5,"playtime":2733,"current_hp_per_floor":[80,80,80,80,59,34,32,56,56,52,39,63,63,29,53,65,80,44,48,48,31,31,57,50,61,61,53,51,51,51,57,83,37,87,80,86,86,87,76,76,50,56,56,61,67,75,75,75,75,61],"items_purged":[],"gold":176,"score":820,"play_id":"57bee396-f8c3-4ec6-833c-663f77b38f4e","local_time":"20180323124943","daily_mods":["Time Dilation","Binary","Vintage"],"is_prod":false,"is_daily":true,"is_ascension_mode":false,"campfire_upgraded":0,"timestamp":1521830983,"path_taken":["M","M","M","?","M","E","M","R","T","M","?","R","?","E","R","BOSS","M","M","$","M","M","R","E","M","T","E","M","?","M","M","R","BOSS","M","M","?","M","?","M","E","M","T","E","?","E","R","?","R","BOSS"],"build_version":"2018-03-22v2","purchased_purges":0,"victory":true,"master_deck":["Strike_R","Strike_R","Strike_R","Strike_R","Strike_R","Defend_R","Defend_R+1","Defend_R","Defend_R+1","Bash+1","Carnage+1","Shrug It Off+1","Berserk","Carnage","Metallicize","Twin Strike","Thunderclap+1","Perfected Strike","Perfected Strike","Double Tap+1","Madness+1","Madness+1","Armaments+1","Whirlwind+1","Battle Trance+1","Bludgeon"],"max_hp_per_floor":[80,80,80,80,80,80,80,80,80,80,80,80,80,80,80,80,80,80,80,80,87,87,87,87,87,87,87,87,87,87,87,87,87,87,87,87,87,87,87,87,87,87,87,87,87,87,87,87,87,87],"relics":["Burning Blood","Toxic Egg 2","Happy Flower","Gambling Chip","Ginger","Mercury Hourglass","Blue Candle","Omamori","Du-Vu Doll","Pantograph","Ice Cream","War Paint","Bottled Flame","Question Card","Shuriken","Girya","Champion Belt","Strawberry","Toolbox","Meat on the Bone","Art of War","Bronze Scales","Letter Opener","Anchor","Bird Faced Urn","Gremlin Horn","The Courier","Cursed Key","Whetstone","Bottled Lightning","Red Mask","Bag of Preparation","Bag of Marbles","Self Forming Clay","Tiny Chest","Juzu Bracelet","Frozen Egg 2","Thread and Needle","Prayer Wheel"],"card_choices":[{"not_picked":["Flex"],"picked":"Carnage","floor":6},{"not_picked":["Pummel"],"picked":"Shrug It Off","floor":14},{"not_picked":["Limit Break"],"picked":"Berserk","floor":16},{"not_picked":["Havoc","Pommel Strike"],"picked":"Thunderclap","floor":24},{"not_picked":["Battle Trance","Clash"],"picked":"Perfected Strike","floor":27},{"not_picked":["Berserk","Offering"],"picked":"Double Tap","floor":33},{"not_picked":["Body Slam","Battle Trance"],"picked":"Armaments","floor":41},{"not_picked":["Dropkick","Iron Wave"],"picked":"Whirlwind","floor":44},{"not_picked":["Wild Strike","Anger"],"picked":"Battle Trance","floor":45},{"not_picked":["Armaments","Whirlwind"],"picked":"Bludgeon","floor":46}],"player_experience":165773,"potions_floor_usage":[6,16,16,24,24,27,30,46,50,50,50],"damage_taken":[{"damage":3,"enemies":"Jaw Worm","floor":1,"turns":4},{"damage":1,"enemies":"Cultist","floor":2,"turns":3},{"damage":0,"enemies":"2 Louse","floor":3,"turns":3},{"damage":27,"enemies":"Large Slime","floor":5,"turns":11},{"damage":31,"enemies":"3 Sentries","floor":6,"turns":11},{"damage":8,"enemies":"Red Slaver","floor":7,"turns":2},{"damage":10,"enemies":"Looter","floor":10,"turns":2},{"damage":19,"enemies":"Exordium Thugs","floor":11,"turns":3},{"damage":40,"enemies":"Lagavulin","floor":14,"turns":6},{"damage":19,"enemies":"Slime Boss","floor":16,"turns":9},{"damage":42,"enemies":"Shell Parasite","floor":18,"turns":7},{"damage":2,"enemies":"Chosen","floor":19,"turns":4},{"damage":30,"enemies":"Slaver and Parasite","floor":21,"turns":6},{"damage":6,"enemies":"Cultist and Chosen","floor":22,"turns":6},{"damage":17,"enemies":"Gremlin Leader","floor":24,"turns":6},{"damage":7,"enemies":"Centurion and Healer","floor":25,"turns":5},{"damage":14,"enemies":"Book of Stabbing","floor":27,"turns":5},{"damage":8,"enemies":"Snecko","floor":28,"turns":3},{"damage":6,"enemies":"Cultist and Chosen","floor":30,"turns":3},{"damage":0,"enemies":"Chosen and Byrds","floor":31,"turns":4},{"damage":70,"enemies":"Automaton","floor":33,"turns":9},{"damage":13,"enemies":"3 Darklings","floor":35,"turns":4},{"damage":0,"enemies":"Orb Walker","floor":36,"turns":2},{"damage":0,"enemies":"Sphere and 2 Shapes","floor":38,"turns":3},{"damage":10,"enemies":"Maw","floor":40,"turns":4},{"damage":48,"enemies":"Giant Head","floor":41,"turns":7},{"damage":0,"enemies":"3 Darklings","floor":42,"turns":1},{"damage":3,"enemies":"Nemesis","floor":44,"turns":3},{"damage":0,"enemies":"Mysterious Sphere","floor":45,"turns":1},{"damage":2,"enemies":"Giant Head","floor":46,"turns":6},{"damage":44,"enemies":"Time Eater","floor":50,"turns":6}],"event_choices":[{"event_name":"Golden Shrine","player_choice":"Pray","floor":4,"damage_taken":0},{"event_name":"Dead Adventurer","player_choice":"Searched \u00273\u0027 times","floor":13,"damage_taken":0},{"event_name":"The Library","player_choice":"Read","floor":29,"damage_taken":0},{"event_name":"Tomb of Lord Red Mask","player_choice":"Paid","floor":37,"damage_taken":0},{"event_name":"Winding Halls","player_choice":"Embrace Madness","floor":39,"damage_taken":0},{"event_name":"Mysterious Sphere","player_choice":"Fight","floor":45,"damage_taken":0},{"event_name":"The Lab","player_choice":"Got Potions","floor":48,"damage_taken":0}],"boss_relics":[{"not_picked":["Black Blood","Philosopher\u0027s Stone"],"picked":"Question Card"},{"not_picked":["Runic Pyramid","Snecko Eye"],"picked":"Cursed Key"}],"potions_floor_spawned":[1,3,11,16,18,22,24,28,31,33,35,38,44,45],"seed_played":"3670860265742688607","ascension_level":0,"is_trial":false}