{"gold_per_floor":[112,37,37,47,64,98,117,117,141,154,154,154,187,204,204,306,306,316,327,327,338,364,364,381,381,436,436,436,465,478,505,505,606,606,617,717,737,753,21,21,36,36,36,36,56,80,115,127,127,127,127,127,77,109,109],"floor_reached":56,"playtime":3130,"items_purged":["Strike_B","Strike_B","Strike_B"],"score":1229,"play_id":"b439b3e0-229d-431e-9148-a04da0238cae","local_time":"20190228144630","is_ascension_mode":false,"campfire_choices":[{"data":"Sunder","floor":8.0,"key":"SMITH"},{"data":"Echo Form","floor":11.0,"key":"SMITH"},{"data":"Zap","floor":15.0,"key":"SMITH"},{"data":"Defragment","floor":23.0,"key":"SMITH"},{"data":"Seek","floor":25.0,"key":"SMITH"},{"floor":27.0,"key":"REST"},{"floor":32.0,"key":"REST"},{"data":"Creative AI","floor":42.0,"key":"SMITH"},{"data":"White Noise","floor":44.0,"key":"SMITH"},{"floor":49.0,"key":"RECALL"},{"data":"Zap","floor":52.0,"key":"SMITH"}],"neow_cost":"NONE","seed_source_timestamp":141707659531391,"circlet_count":0,"master_deck":["Strike_B","Defend_B","Defend_B","Defend_B","Defend_B","Zap+1","Dualcast","Echo Form+1","Reinforced Body+1","Zap+1","Sunder+1","Ball Lightning","Self Repair","Leap+1","Defragment+1","Leap","Capacitor+1","Seek+1","Conserve Battery","White Noise+1","Biased Cognition","Capacitor","Core Surge","Skim","Glacier","Creative AI+1","Blizzard","Glacier","Skim+1"],"special_seed":0,"relics":["Cracked Core","Bronze Scales","Omamori","Happy Flower","War Paint","Black Star","Necronomicon","Bag of Preparation","Regal Pillow","Potion Belt","Turnip","Strawberry","Boot","Sozu","FossilizedHelix","Incense Burner","Smiling Mask","Ancient Tea Set","Centennial Puzzle","Pen Nib","Art of War"],"potions_floor_usage":[],"damage_taken":[{"damage":2.0,"enemies":"2 Louse","floor":1.0,"turns":2.0},{"damage":1.0,"enemies":"Cultist","floor":4.0,"turns":3.0},{"damage":3.0,"enemies":"Jaw Worm","floor":5.0,"turns":3.0},{"damage":29.0,"enemies":"Gremlin Nob","floor":6.0,"turns":4.0},{"damage":0.0,"enemies":"Blue Slaver","floor":7.0,"turns":2.0},{"damage":0.0,"enemies":"Exordium Wildlife","floor":10.0,"turns":3.0},{"damage":0.0,"enemies":"Lagavulin","floor":13.0,"turns":5.0},{"damage":0.0,"enemies":"3 Louse","floor":14.0,"turns":2.0},{"damage":7.0,"enemies":"Hexaghost","floor":16.0,"turns":7.0},{"damage":0.0,"enemies":"3 Byrds","floor":18.0,"turns":2.0},{"damage":25.0,"enemies":"2 Thieves","floor":19.0,"turns":3.0},{"damage":4.0,"enemies":"Chosen and Byrds","floor":21.0,"turns":5.0},{"damage":20.0,"enemies":"Snecko","floor":24.0,"turns":7.0},{"damage":15.0,"enemies":"Gremlin Leader","floor":29.0,"turns":7.0},{"damage":16.0,"enemies":"Cultist and Chosen","floor":30.0,"turns":6.0},{"damage":46.0,"enemies":"Book of Stabbing","floor":31.0,"turns":5.0},{"damage":28.0,"enemies":"Collector","floor":33.0,"turns":9.0},{"damage":11.0,"enemies":"3 Darklings","floor":35.0,"turns":6.0},{"damage":0.0,"enemies":"Mind Bloom Boss Battle","floor":36.0,"turns":4.0},{"damage":0.0,"enemies":"Orb Walker","floor":37.0,"turns":2.0},{"damage":9.0,"enemies":"Transient","floor":38.0,"turns":5.0},{"damage":14.0,"enemies":"Jaw Worm Horde","floor":41.0,"turns":4.0},{"damage":0.0,"enemies":"Sphere and 2 Shapes","floor":45.0,"turns":5.0},{"damage":0.0,"enemies":"Reptomancer","floor":47.0,"turns":6.0},{"damage":0.0,"enemies":"Transient","floor":48.0,"turns":5.0},{"damage":24.0,"enemies":"Time Eater","floor":50.0,"turns":11.0},{"damage":53.0,"enemies":"Shield and Spear","floor":54.0,"turns":5.0},{"damage":20,"enemies":"The Heart","floor":55,"turns":13}],"seed_played":"6463534407728716610","potions_obtained":[{"floor":1.0,"key":"Dexterity Potion"},{"floor":5.0,"key":"FearPotion"},{"floor":10.0,"key":"Explosive Potion"},{"floor":13.0,"key":"Weak Potion"},{"floor":19.0,"key":"Explosive Potion"},{"floor":31.0,"key":"EssenceOfSteel"},{"floor":33.0,"key":"SkillPotion"}],"is_trial":false,"path_per_floor":["M","$","?","M","M","E","M","R","T","M","R","?","E","M","R","B",null,"M","M","?","M","T","R","M","R","T","R","?","E","M","E","R","B",null,"M","?","M","M","$","?","M","R","T","R","M","T","E","M","R","B",null,"R","$","E","B",null],"character_chosen":"DEFECT","items_purchased":["Incense Burner","Glacier","Hologram","Creative AI","Blizzard"],"campfire_rested":2,"item_purchase_floors":[39,39,39,39,39],"current_hp_per_floor":[73,73,73,72,69,40,40,40,40,47,47,40,40,40,40,40,75,75,57,41,44,44,44,31,31,31,68,68,60,58,19,58,37,82,78,78,78,76,76,76,62,62,62,62,69,69,76,76,76,59,82,82,82,29,16],"gold":109,"neow_bonus":"ONE_RANDOM_RARE_CARD","is_prod":false,"is_daily":false,"chose_seed":false,"campfire_upgraded":8,"win_rate":0,"timestamp":1551361590,"path_taken":["M","$","?","?","M","E","M","R","T","M","R","?","E","M","R","BOSS","M","M","?","M","?","R","M","R","T","R","?","E","?","E","R","BOSS","M","?","M","M","$","?","?","R","T","R","M","?","E","M","R","BOSS","R","$","E","BOSS"],"build_version":"2019-01-23","purchased_purges":3,"victory":true,"max_hp_per_floor":[75,75,75,75,75,75,75,75,75,75,75,75,75,75,75,75,75,75,75,75,75,75,75,75,75,75,75,75,75,75,82,82,82,82,82,82,82,82,82,82,82,82,82,82,82,82,82,82,82,82,82,82,82,82,82],"card_choices":[{"not_picked":["Aggregate","Heatsinks"],"picked":"Reinforced Body","floor":1.0},{"not_picked":["Auto Shields","Beam Cell"],"picked":"Ball Lightning","floor":4.0},{"not_picked":["Cold Snap","Streamline"],"picked":"Self Repair","floor":5.0},{"not_picked":["Sweeping Beam","Barrage"],"picked":"Leap","floor":6.0},{"not_picked":["Chaos","Loop"],"picked":"Defragment","floor":7.0},{"not_picked":["Tempest","Stack"],"picked":"Leap","floor":10.0},{"not_picked":["Conserve Battery","Steam Power"],"picked":"Capacitor","floor":13.0},{"not_picked":["Streamline","Turbo","Redo"],"picked":"SKIP","floor":14.0},{"not_picked":["Core Surge","Rainbow"],"picked":"Seek","floor":16.0},{"not_picked":["Gash+1","Rebound+1","Darkness"],"picked":"SKIP","floor":18.0},{"not_picked":["Streamline","Hologram"],"picked":"Conserve Battery","floor":19.0},{"not_picked":["Doom and Gloom","Steam+1"],"picked":"White Noise","floor":21.0},{"not_picked":["Beam Cell","Melter"],"picked":"Biased Cognition","floor":24.0},{"not_picked":["Conserve Battery","Barrage+1"],"picked":"Capacitor","floor":29.0},{"not_picked":["FTL","Redo","Genetic Algorithm"],"picked":"SKIP","floor":30.0},{"not_picked":["Conserve Battery","Gash","Hello World+1"],"picked":"SKIP","floor":31.0},{"not_picked":["Thunder Strike","Creative AI"],"picked":"Core Surge","floor":33.0},{"not_picked":["Conserve Battery+1","Coolheaded+1"],"picked":"Skim","floor":35.0},{"not_picked":["Storm+1","Chaos","Steam"],"picked":"SKIP","floor":37.0},{"not_picked":["Stack+1","Steam+1","Heatsinks+1"],"picked":"SKIP","floor":38.0},{"not_picked":["Sweeping Beam+1","Static Discharge+1"],"picked":"Glacier","floor":41.0},{"not_picked":["Coolheaded","Barrage+1","Conserve Battery"],"picked":"SKIP","floor":45.0},{"not_picked":["Meteor Strike","Undo+1","Scrape"],"picked":"SKIP","floor":47.0},{"not_picked":["Stack+1","Beam Cell"],"picked":"Skim+1","floor":48.0},{"not_picked":["Streamline+1","Chill+1","Melter"],"picked":"SKIP","floor":54.0}],"player_experience":269580,"relics_obtained":[{"floor":6.0,"key":"Bronze Scales"},{"floor":9.0,"key":"Omamori"},{"floor":13.0,"key":"War Paint"},{"floor":20.0,"key":"Necronomicon"},{"floor":22.0,"key":"Bag of Preparation"},{"floor":26.0,"key":"Regal Pillow"},{"floor":29.0,"key":"Potion Belt"},{"floor":29.0,"key":"Turnip"},{"floor":31.0,"key":"Strawberry"},{"floor":31.0,"key":"Boot"},{"floor":36.0,"key":"FossilizedHelix"},{"floor":46.0,"key":"Smiling Mask"},{"floor":47.0,"key":"Ancient Tea Set"},{"floor":47.0,"key":"Centennial Puzzle"},{"floor":54.0,"key":"Pen Nib"},{"floor":54.0,"key":"Art of War"}],"event_choices":[{"damage_healed":0.0,"max_hp_gain":0.0,"max_hp_loss":0.0,"gold_gain":0.0,"event_name":"Match and Keep!","player_choice":"2 cards matched","floor":3.0,"gold_loss":0.0,"damage_taken":0.0,"cards_obtained":["Zap","Sunder"]},{"damage_healed":0.0,"max_hp_gain":0.0,"max_hp_loss":0.0,"gold_gain":0.0,"event_name":"Scrap Ooze","player_choice":"Success","floor":12.0,"gold_loss":0.0,"damage_taken":7.0,"relics_obtained":["Happy Flower"]},{"damage_healed":0.0,"max_hp_gain":0.0,"max_hp_loss":0.0,"gold_gain":0.0,"event_name":"Cursed Tome","player_choice":"Obtained Book","floor":20.0,"gold_loss":0.0,"damage_taken":16.0},{"damage_healed":0.0,"max_hp_gain":0.0,"max_hp_loss":0.0,"gold_gain":0.0,"event_name":"Accursed Blacksmith","player_choice":"Forge","floor":28.0,"gold_loss":0.0,"damage_taken":0.0,"cards_upgraded":["Capacitor"]},{"damage_healed":0.0,"max_hp_gain":0.0,"max_hp_loss":0.0,"gold_gain":0.0,"event_name":"MindBloom","player_choice":"Fight","floor":36.0,"gold_loss":0.0,"damage_taken":0.0},{"cards_removed":["Hologram"],"damage_healed":0.0,"max_hp_gain":0.0,"max_hp_loss":0.0,"gold_gain":0.0,"event_name":"Falling","player_choice":"Removed Skill","floor":40.0,"gold_loss":0.0,"damage_taken":0.0}],"is_beta":false,"boss_relics":[{"not_picked":["Fusion Hammer","Pandora\u0027s Box"],"picked":"Black Star"},{"not_picked":["Velvet Choker","Eternal Feather"],"picked":"Sozu"}],"items_purged_floors":[2,39,53],"is_endless":false,"potions_floor_spawned":[1,5,10,13,16,19,31,33,45,47,48,54],"ascension_level":0}