{"gold_per_floor":[117,117,117,130,146,146,162,195,244,270,270,284,312,67,67,145,145,161,171,52,52,66,66,66,91,91,91,91,122,122,137,137,211,211,224,224,37,37,54,54,83,98,98,98,111,72,82,94,94,94,94,94,94,4,4],"floor_reached":55,"playtime":3330,"items_purged":["Strike_B","Pain"],"score":1865,"play_id":"a1c31acb-a9ed-4faf-afbb-7f225d1ef5c0","local_time":"20190221134205","is_ascension_mode":true,"campfire_choices":[{"data":"Chill","floor":6.0,"key":"SMITH"},{"data":"Lockon","floor":11.0,"key":"SMITH"},{"data":"Defragment","floor":15.0,"key":"SMITH"},{"data":"Coolheaded","floor":23.0,"key":"SMITH"},{"data":"Loop","floor":27.0,"key":"SMITH"},{"data":"Conserve Battery","floor":32.0,"key":"SMITH"},{"data":"Defragment","floor":44.0,"key":"SMITH"},{"floor":49.0,"key":"RECALL"},{"data":"Blizzard","floor":53,"key":"SMITH"}],"neow_cost":"NONE","seed_source_timestamp":368632524868518,"circlet_count":0,"master_deck":["AscendersBane","Strike_B+1","Defend_B","Defend_B","Defend_B","Zap+1","Dualcast","Self Repair","Skim","Chill+1","Lockon+1","Compile Driver","Coolheaded+1","Undo","Defragment+1","Electrodynamics","Glacier","FTL+1","Loop+1","Conserve Battery+1","Glacier","Skim","Hyperbeam","Biased Cognition","Shame","Defragment+1","Capacitor","Madness","Madness","Coolheaded","Decay","Creative AI","Blizzard+1","Hologram+1","Defragment"],"special_seed":0,"relics":["Cracked Core","Letter Opener","Lantern","Regal Pillow","Juzu Bracelet","Blood Vial","Sozu","Enchiridion","Happy Flower","Meat on the Bone","Whetstone","Omamori","Calling Bell","Bronze Scales","Sundial","Du-Vu Doll","WarpedTongs","DataDisk"],"potions_floor_usage":[],"damage_taken":[{"damage":0.0,"enemies":"Small Slimes","floor":1.0,"turns":3.0},{"damage":0.0,"enemies":"2 Louse","floor":4.0,"turns":3.0},{"damage":4.0,"enemies":"Cultist","floor":5.0,"turns":4.0},{"damage":0.0,"enemies":"Exordium Thugs","floor":7.0,"turns":5.0},{"damage":19.0,"enemies":"Lagavulin","floor":8.0,"turns":6.0},{"damage":7.0,"enemies":"Red Slaver","floor":12.0,"turns":2.0},{"damage":2.0,"enemies":"3 Sentries","floor":13.0,"turns":7.0},{"damage":30.0,"enemies":"The Guardian","floor":16.0,"turns":11.0},{"damage":5.0,"enemies":"Shell Parasite","floor":18.0,"turns":6.0},{"damage":5.0,"enemies":"2 Thieves","floor":19.0,"turns":4.0},{"damage":0.0,"enemies":"Sentry and Sphere","floor":22.0,"turns":6.0},{"damage":24.0,"enemies":"Gremlin Leader","floor":25.0,"turns":7.0},{"damage":0.0,"enemies":"Slavers","floor":29.0,"turns":4.0},{"damage":0.0,"enemies":"3 Cultists","floor":31.0,"turns":3.0},{"damage":28.0,"enemies":"Collector","floor":33.0,"turns":12.0},{"damage":0.0,"enemies":"3 Shapes","floor":35.0,"turns":4.0},{"damage":4.0,"enemies":"3 Darklings","floor":39.0,"turns":4.0},{"damage":38.0,"enemies":"Reptomancer","floor":41.0,"turns":5.0},{"damage":15.0,"enemies":"Jaw Worm Horde","floor":42.0,"turns":5.0},{"damage":0.0,"enemies":"Writhing Mass","floor":45.0,"turns":5.0},{"damage":0.0,"enemies":"Maw","floor":47.0,"turns":7.0},{"damage":0.0,"enemies":"3 Darklings","floor":48.0,"turns":5.0},{"damage":40.0,"enemies":"Time Eater","floor":50.0,"turns":12.0},{"damage":4,"enemies":"Donu and Deca","floor":51,"turns":12},{"damage":71,"enemies":"Shield and Spear","floor":55,"turns":3}],"seed_played":"5598949675662205879","potions_obtained":[{"floor":7.0,"key":"Dexterity Potion"},{"floor":8.0,"key":"Explosive Potion"},{"floor":12.0,"key":"SpeedPotion"},{"floor":13.0,"key":"SteroidPotion"}],"is_trial":false,"path_per_floor":["M","?","?","M","M","R","M","E","T","T","R","M","E","$","R","B",null,"M","M","$","?","M","R","?","E","T","R","T","E","?","M","R","B",null,"M","?","$","?","M","?","E","M","T","R","M","$","M","M","R","B","B",null,"R","$","E"],"character_chosen":"DEFECT","items_purchased":["Defragment","Blood Vial","Loop","Capacitor","Blizzard","Defragment"],"campfire_rested":0,"item_purchase_floors":[14,14,20,37,46,54],"current_hp_per_floor":[64,64,64,71,71,71,71,59,59,59,59,59,64,64,64,43,64,68,71,71,50,59,59,59,44,44,44,44,53,53,55,55,48,65,71,71,71,58,63,63,49,43,43,43,45,45,54,63,63,44,62,69,69,69,0],"gold":4,"neow_bonus":"REMOVE_CARD","is_prod":false,"is_daily":false,"chose_seed":false,"campfire_upgraded":8,"win_rate":0,"timestamp":1550774525,"path_taken":["M","?","?","M","M","R","?","E","T","?","R","?","E","?","R","BOSS","M","M","$","?","M","R","?","E","T","R","?","E","?","M","R","BOSS","M","?","$","?","M","?","E","M","T","R","M","$","M","M","R","BOSS","BOSS","R","$","E"],"build_version":"2019-01-23","purchased_purges":2,"victory":false,"max_hp_per_floor":[71,71,71,71,71,71,71,71,71,71,71,71,71,71,71,71,71,71,71,71,71,71,71,71,71,71,71,71,71,71,71,71,71,71,71,71,71,71,71,71,71,71,71,71,71,71,71,71,71,71,71,71,71,71,71],"card_choices":[{"not_picked":["Conserve Battery","Go for the Eyes"],"picked":"Self Repair","floor":1.0},{"not_picked":["Storm","Steam"],"picked":"Chill","floor":4.0},{"not_picked":["Turbo","Hologram","Reboot"],"picked":"SKIP","floor":5.0},{"not_picked":["Chill","BootSequence"],"picked":"Lockon","floor":7.0},{"not_picked":["Leap","Gash"],"picked":"Compile Driver","floor":8.0},{"not_picked":["Barrage","Skim"],"picked":"Coolheaded","floor":12.0},{"not_picked":["Turbo","Hello World"],"picked":"Undo","floor":13.0},{"not_picked":["Meteor Strike","Fission"],"picked":"Electrodynamics","floor":16.0},{"not_picked":["Coolheaded","Reinforced Body"],"picked":"Glacier","floor":18.0},{"not_picked":["Turbo","Streamline"],"picked":"FTL","floor":19.0},{"not_picked":["Stack","Turbo"],"picked":"Conserve Battery","floor":22.0},{"not_picked":["Ball Lightning","Beam Cell"],"picked":"Glacier","floor":25.0},{"not_picked":["Thunder Strike","Hyperbeam","Barrage"],"picked":"SKIP","floor":29.0},{"not_picked":["Hologram","Barrage","Go for the Eyes"],"picked":"SKIP","floor":31.0},{"not_picked":["Rainbow","Hyperbeam"],"picked":"Biased Cognition","floor":33.0},{"not_picked":["Compile Driver","Cold Snap"],"picked":"Defragment","floor":35.0},{"not_picked":["Melter","Sweeping Beam"],"picked":"Coolheaded","floor":39.0},{"not_picked":["Force Field","Steam+1"],"picked":"Creative AI","floor":41.0},{"not_picked":["Beam Cell","Fusion","Turbo"],"picked":"SKIP","floor":42.0},{"not_picked":["Auto Shields","Turbo+1","Sweeping Beam"],"picked":"SKIP","floor":45.0},{"not_picked":["Ball Lightning+1","Cold Snap","Gash"],"picked":"SKIP","floor":47.0},{"not_picked":["Lockon+1","Fission"],"picked":"Hologram+1","floor":48.0}],"player_experience":685046,"relics_obtained":[{"floor":8.0,"key":"Letter Opener"},{"floor":9.0,"key":"Lantern"},{"floor":10.0,"key":"Regal Pillow"},{"floor":13.0,"key":"Juzu Bracelet"},{"floor":21.0,"key":"Enchiridion"},{"floor":25.0,"key":"Happy Flower"},{"floor":26.0,"key":"Meat on the Bone"},{"floor":28.0,"key":"Whetstone"},{"floor":29.0,"key":"Omamori"},{"floor":34.0,"key":"Bronze Scales"},{"floor":34.0,"key":"Sundial"},{"floor":34.0,"key":"Du-Vu Doll"},{"floor":41.0,"key":"DataDisk"}],"event_choices":[{"damage_healed":0.0,"max_hp_gain":0.0,"max_hp_loss":0.0,"gold_gain":0.0,"event_name":"Living Wall","player_choice":"Grow","floor":2.0,"gold_loss":0.0,"damage_taken":0.0,"cards_upgraded":["Zap"]},{"damage_healed":0.0,"max_hp_gain":0.0,"max_hp_loss":0.0,"gold_gain":0.0,"event_name":"Match and Keep!","player_choice":"1 cards matched","floor":3.0,"gold_loss":0.0,"damage_taken":0.0,"cards_obtained":["Skim"]},{"damage_healed":0.0,"max_hp_gain":0.0,"max_hp_loss":0.0,"gold_gain":0.0,"event_name":"Cursed Tome","player_choice":"Obtained Book","floor":21.0,"gold_loss":0.0,"damage_taken":21.0},{"damage_healed":0.0,"max_hp_gain":0.0,"max_hp_loss":0.0,"gold_gain":0.0,"event_name":"Vampires","player_choice":"Ignored","floor":24.0,"gold_loss":0.0,"damage_taken":0.0},{"damage_healed":0.0,"max_hp_gain":0.0,"max_hp_loss":0.0,"gold_gain":0.0,"cards_transformed":["Strike_B","Defend_B"],"event_name":"Drug Dealer","player_choice":"Became Test Subject","floor":30.0,"gold_loss":0.0,"damage_taken":0.0,"cards_obtained":["Skim","Hyperbeam"]},{"damage_healed":0.0,"max_hp_gain":0.0,"max_hp_loss":0.0,"gold_gain":0.0,"event_name":"Accursed Blacksmith","player_choice":"Rummage","floor":36.0,"gold_loss":0.0,"damage_taken":0.0,"relics_obtained":["WarpedTongs"],"cards_obtained":["Pain"]},{"damage_healed":0.0,"max_hp_gain":0.0,"max_hp_loss":0.0,"gold_gain":0.0,"event_name":"Winding Halls","player_choice":"Embrace Madness","floor":38.0,"gold_loss":0.0,"damage_taken":13.0,"cards_obtained":["Madness","Madness"]},{"damage_healed":0.0,"max_hp_gain":0.0,"max_hp_loss":0.0,"gold_gain":0.0,"event_name":"Wheel of Change","player_choice":"Cursed","floor":40.0,"gold_loss":0.0,"damage_taken":0.0,"cards_obtained":["Decay"]}],"is_beta":false,"boss_relics":[{"not_picked":["Coffee Dripper","Inserter"],"picked":"Sozu"},{"not_picked":["Lizard Tail","Fusion Hammer"],"picked":"Calling Bell"}],"items_purged_floors":[20,37],"is_endless":false,"potions_floor_spawned":[7,8,12,13,19,29,33,45,48],"killed_by":"Shield and Spear","ascension_level":20}