{"gold_per_floor":[116,126,201,201,201,201,214,244,244,269,47,47,74,87,87,159,159,171,189,189],"floor_reached":20,"playtime":607,"items_purged":[],"score":384,"play_id":"79f4c1ab-0930-4ad6-941d-9e39cb4338f8","local_time":"20181129101721","is_ascension_mode":true,"campfire_choices":[{"data":"Bash","floor":6.0,"key":"SMITH"},{"floor":12.0,"key":"REST"},{"floor":15.0,"key":"REST"}],"neow_cost":"NONE","seed_source_timestamp":1284654614775023,"circlet_count":0,"master_deck":["AscendersBane","Strike_R","Strike_R","Strike_R","Strike_R","Defend_R","Defend_R","Defend_R","Defend_R","Bash+1","Sword Boomerang","Inflame","Twin Strike","Spot Weakness","Sword Boomerang","Battle Trance","Pommel Strike+1","Heavy Blade+1","Sword Boomerang+1","Dark Embrace","Shrug It Off"],"special_seed":0,"relics":["Burning Blood","NeowsBlessing","Matryoshka","Omamori","Kunai","Dream Catcher","Medical Kit","Molten Egg 2","Sozu"],"potions_floor_usage":[],"damage_taken":[{"damage":0.0,"enemies":"Small Slimes","floor":1.0,"turns":1.0},{"damage":0.0,"enemies":"2 Louse","floor":2.0,"turns":1.0},{"damage":0.0,"enemies":"Cultist","floor":7.0,"turns":1.0},{"damage":40.0,"enemies":"3 Sentries","floor":8.0,"turns":7.0},{"damage":30.0,"enemies":"Lagavulin","floor":10.0,"turns":7.0},{"damage":10.0,"enemies":"3 Sentries","floor":13.0,"turns":4.0},{"damage":7.0,"enemies":"Looter","floor":14.0,"turns":3.0},{"damage":58.0,"enemies":"The Guardian","floor":16.0,"turns":9.0},{"damage":5.0,"enemies":"Spheric Guardian","floor":18.0,"turns":3.0},{"damage":34.0,"enemies":"2 Thieves","floor":19.0,"turns":3.0},{"damage":64,"enemies":"3 Cultists","floor":20,"turns":4}],"seed_played":"-6678797406352653794","potions_obtained":[{"floor":8.0,"key":"Regen Potion"},{"floor":10.0,"key":"SteroidPotion"},{"floor":16.0,"key":"FairyPotion"}],"is_trial":false,"path_per_floor":["M","M","?","?","?","R","M","E","T","E","$","R","E","M","R","B",null,"M","M","M","M"],"character_chosen":"IRONCLAD","items_purchased":["Medical Kit"],"campfire_rested":2,"item_purchase_floors":[11],"current_hp_per_floor":[74,75,64,69,69,69,75,41,41,32,32,56,52,51,75,23,66,67,39,0],"gold":189,"neow_bonus":"THREE_ENEMY_KILL","is_prod":false,"is_daily":false,"chose_seed":false,"campfire_upgraded":1,"win_rate":0,"timestamp":1543504641,"path_taken":["M","M","?","?","?","R","?","E","T","E","$","R","E","M","R","BOSS","M","M","M"],"build_version":"2018-11-15","purchased_purges":0,"victory":false,"max_hp_per_floor":[75,75,75,80,80,80,80,80,80,80,80,80,80,80,80,80,80,80,80,80],"card_choices":[{"not_picked":["Clash","Armaments"],"picked":"Sword Boomerang","floor":1.0},{"not_picked":["Iron Wave","Second Wind"],"picked":"Inflame","floor":2.0},{"not_picked":["Heavy Blade","Flex"],"picked":"Spot Weakness","floor":7.0},{"not_picked":["Infernal Blade","Rupture"],"picked":"Sword Boomerang","floor":8.0},{"not_picked":["Heavy Blade","Armaments"],"picked":"Battle Trance","floor":10.0},{"not_picked":["Evolve","Havoc"],"picked":"Pommel Strike","floor":13.0},{"not_picked":["Seeing Red","Rage"],"picked":"Heavy Blade+1","floor":14.0},{"not_picked":["Warcry","Wild Strike+1"],"picked":"Sword Boomerang+1","floor":15.0},{"not_picked":["Demon Form","Exhume"],"picked":"Dark Embrace","floor":16.0},{"not_picked":["Entrench","Perfected Strike+1","Wild Strike+1"],"picked":"SKIP","floor":18.0},{"not_picked":["Ghostly Armor","Thunderclap+1"],"picked":"Shrug It Off","floor":19}],"player_experience":539371,"relics_obtained":[{"floor":8.0,"key":"Matryoshka"},{"floor":9.0,"key":"Omamori"},{"floor":9.0,"key":"Kunai"},{"floor":10.0,"key":"Dream Catcher"},{"floor":13.0,"key":"Molten Egg 2"}],"event_choices":[{"damage_healed":0.0,"max_hp_gain":0.0,"max_hp_loss":0.0,"gold_gain":75.0,"event_name":"World of Goop","player_choice":"Gather Gold","floor":3.0,"gold_loss":0.0,"damage_taken":11.0},{"damage_healed":0.0,"max_hp_gain":5.0,"max_hp_loss":0.0,"gold_gain":0.0,"event_name":"Big Fish","player_choice":"Donut","floor":4.0,"gold_loss":0.0,"damage_taken":0.0},{"damage_healed":0.0,"max_hp_gain":0.0,"max_hp_loss":0.0,"gold_gain":0.0,"cards_transformed":["Strike_R"],"event_name":"Transmorgrifier","player_choice":"Transformed","floor":5.0,"gold_loss":0.0,"damage_taken":0.0,"cards_obtained":["Twin Strike"]}],"is_beta":false,"boss_relics":[{"not_picked":["Black Star","Snecko Eye"],"picked":"Sozu"}],"items_purged_floors":[],"is_endless":false,"potions_floor_spawned":[8,10,16,19],"killed_by":"3 Cultists","ascension_level":20}