{"gold_per_floor":[115,129,129,129,6,34,34,66,66,96,96,110,123,137,137,232,232,242,242,256,256,18,18,32,45,45,65,97,112,112,125,125,220,220,234,234,254,254,254,254,254],"floor_reached":41,"playtime":21563,"items_purged":["Defend_B","Strike_B"],"score":433,"play_id":"e09154f3-d9fe-428a-a442-cb274fb68121","local_time":"20190307212252","is_ascension_mode":false,"campfire_choices":[{"data":"Steam","floor":7,"key":"SMITH"},{"floor":11,"key":"REST"},{"floor":15,"key":"REST"},{"data":"Zap","floor":23,"key":"SMITH"},{"floor":32,"key":"REST"},{"floor":40,"key":"REST"}],"neow_cost":"NONE","seed_source_timestamp":7758550906900,"circlet_count":0,"master_deck":["Strike_B","Defend_B","Defend_B","Defend_B","Zap+1","Dualcast","Steam+1","Conserve Battery","Hologram","All For One","Streamline","Steam Power","Scrape","Hologram","Electrodynamics","Ball Lightning","RitualDagger","Beam Cell","Go for the Eyes","Purity","Go for the Eyes","Hologram","Go for the Eyes","Seek","Gash+1","Reprogram","All For One+1","Defragment","Beam Cell+1","Madness","Madness"],"relics":["Cracked Core","FossilizedHelix","Kunai","Peace Pipe","Nunchaku","Lizard Tail","Nloth\u0027s Gift","Bottled Tornado","Molten Egg 2","Inserter"],"potions_floor_usage":[8,10,16,16,24,29,33,33,41],"damage_taken":[{"damage":2,"enemies":"Jaw Worm","floor":1,"turns":4},{"damage":2,"enemies":"Small Slimes","floor":2,"turns":4},{"damage":33,"enemies":"Lagavulin","floor":6,"turns":7},{"damage":5,"enemies":"3 Sentries","floor":8,"turns":7},{"damage":14,"enemies":"Gremlin Nob","floor":10,"turns":4},{"damage":0,"enemies":"Cultist","floor":12,"turns":3},{"damage":0,"enemies":"3 Louse","floor":13,"turns":3},{"damage":5,"enemies":"Lots of Slimes","floor":14,"turns":4},{"damage":52,"enemies":"Hexaghost","floor":16,"turns":11},{"damage":20,"enemies":"Shell Parasite","floor":18,"turns":7},{"damage":0,"enemies":"Chosen","floor":20,"turns":4},{"damage":13,"enemies":"Centurion and Healer","floor":24,"turns":5},{"damage":9,"enemies":"Shelled Parasite and Fungi","floor":25,"turns":4},{"damage":0,"enemies":"3 Cultists","floor":27,"turns":3},{"damage":10,"enemies":"Gremlin Leader","floor":28,"turns":5},{"damage":15,"enemies":"Snecko","floor":29,"turns":5},{"damage":2,"enemies":"Centurion and Healer","floor":31,"turns":5},{"damage":50,"enemies":"Champ","floor":33,"turns":14},{"damage":2,"enemies":"3 Shapes","floor":35,"turns":4},{"damage":46,"enemies":"3 Darklings","floor":37,"turns":3},{"damage":57,"enemies":"Reptomancer","floor":41,"turns":3}],"seed_played":"3312011403397852475","potions_obtained":[{"floor":6,"key":"Explosive Potion"},{"floor":8,"key":"AttackPotion"},{"floor":10,"key":"Block Potion"},{"floor":13,"key":"EssenceOfSteel"},{"floor":20,"key":"Poison Potion"},{"floor":28,"key":"Energy Potion"},{"floor":29,"key":"GamblersBrew"},{"floor":31,"key":"SkillPotion"},{"floor":35,"key":"Weak Potion"}],"is_trial":false,"path_per_floor":["M","M","?","T","$","E","R","E","T","E","R","M","M","M","R","B",null,"M","?","M","?","$","R","M","M","T","M","E","M","$","M","R","B",null,"M","?","M","?","?","R","E"],"character_chosen":"DEFECT","items_purchased":["Hologram","Go for the Eyes","Purity"],"campfire_rested":4,"item_purchase_floors":[5,22,22],"current_hp_per_floor":[80,78,83,83,83,50,50,45,45,31,57,57,57,52,78,26,87,67,61,61,61,61,61,48,39,39,39,29,14,14,12,38,43,87,85,85,39,28,28,54,0],"gold":254,"neow_bonus":"TEN_PERCENT_HP_BONUS","is_prod":false,"is_daily":false,"chose_seed":false,"campfire_upgraded":2,"win_rate":0.0,"timestamp":1552015372,"path_taken":["M","M","?","?","?","E","R","E","T","E","R","M","M","M","R","BOSS","M","?","M","?","$","R","M","M","T","M","E","M","$","?","R","BOSS","M","?","?","?","?","R","E"],"build_version":"2019-01-23","purchased_purges":2,"victory":false,"max_hp_per_floor":[82,82,87,87,87,87,87,87,87,87,87,87,87,87,87,87,87,87,87,87,87,87,87,87,87,87,87,87,87,87,87,87,87,87,87,87,87,87,87,87,87],"card_choices":[{"not_picked":["Redo","Sweeping Beam"],"picked":"Steam","floor":1},{"not_picked":["Go for the Eyes","Streamline"],"picked":"Conserve Battery","floor":2},{"not_picked":["Steam","Force Field"],"picked":"All For One","floor":6},{"not_picked":["Hologram","Rip and Tear"],"picked":"Streamline","floor":8},{"not_picked":["Skim","Doom and Gloom"],"picked":"Steam Power","floor":10},{"not_picked":["Stack","Conserve Battery"],"picked":"Scrape","floor":12},{"not_picked":["Compile Driver","Rip and Tear","Leap"],"picked":"SKIP","floor":13},{"not_picked":["Melter","Stack"],"picked":"Hologram","floor":14},{"not_picked":["Machine Learning","Biased Cognition"],"picked":"Electrodynamics","floor":16},{"not_picked":["Stack","Lockon+1"],"picked":"Ball Lightning","floor":18},{"not_picked":["Auto Shields","Steam Power+1"],"picked":"Beam Cell","floor":20},{"not_picked":["Barrage","Cold Snap"],"picked":"Go for the Eyes","floor":24},{"not_picked":["Redo","Loop"],"picked":"Hologram","floor":25},{"not_picked":["Coolheaded","Conserve Battery"],"picked":"Go for the Eyes","floor":27},{"not_picked":["Buffer","Multi-Cast"],"picked":"Seek","floor":28},{"not_picked":["Loop+1","Barrage+1"],"picked":"Gash+1","floor":29},{"not_picked":["Static Discharge","Barrage+1"],"picked":"Reprogram","floor":31},{"not_picked":["Rainbow","Creative AI"],"picked":"All For One+1","floor":33},{"not_picked":["Hello World+1","Ball Lightning+1"],"picked":"Defragment","floor":35},{"not_picked":["Cold Snap+1","Leap+1"],"picked":"Beam Cell+1","floor":37}],"player_experience":286146,"relics_obtained":[{"floor":4,"key":"Sundial"},{"floor":6,"key":"FossilizedHelix"},{"floor":8,"key":"Kunai"},{"floor":9,"key":"Peace Pipe"},{"floor":10,"key":"Nunchaku"},{"floor":26,"key":"Bottled Tornado"},{"floor":28,"key":"Molten Egg 2"}],"event_choices":[{"damage_healed":0,"gold_gain":0,"player_choice":"Donut","damage_taken":0,"max_hp_gain":5,"max_hp_loss":0,"event_name":"Big Fish","floor":3,"gold_loss":0},{"damage_healed":0,"gold_gain":0,"player_choice":"Joined the Cult","damage_taken":6,"max_hp_gain":0,"max_hp_loss":0,"event_name":"Nest","floor":19,"gold_loss":0,"cards_obtained":["RitualDagger"]},{"damage_healed":0,"gold_gain":0,"player_choice":"Traded Relic","damage_taken":0,"relics_obtained":["Nloth\u0027s Gift"],"max_hp_gain":0,"max_hp_loss":0,"event_name":"N\u0027loth","floor":21,"relics_lost":["Sundial"],"gold_loss":0},{"cards_removed":["Strike_B"],"damage_healed":0,"gold_gain":0,"player_choice":"Purged","damage_taken":0,"max_hp_gain":0,"max_hp_loss":0,"event_name":"Purifier","floor":36,"gold_loss":0},{"damage_healed":0,"gold_gain":0,"player_choice":"Embrace Madness","damage_taken":11,"max_hp_gain":0,"max_hp_loss":0,"event_name":"Winding Halls","floor":38,"gold_loss":0,"cards_obtained":["Madness","Madness"]},{"cards_removed":["Strike_B"],"damage_healed":0,"gold_gain":0,"player_choice":"Removed Attack","damage_taken":0,"max_hp_gain":0,"max_hp_loss":0,"event_name":"Falling","floor":39,"gold_loss":0}],"is_beta":false,"boss_relics":[{"not_picked":["Fusion Hammer","Snecko Eye"],"picked":"Lizard Tail"},{"not_picked":["Orrery","Nuclear Battery"],"picked":"Inserter"}],"items_purged_floors":[5,22],"is_endless":false,"potions_floor_spawned":[6,8,10,13,20,28,29,31,35],"killed_by":"Reptomancer","ascension_level":0}