{"gold_per_floor":[117,135,135,310,128,128,154,171,253,272,288,288,302,319,319,415,415,430,446,45,59,35,35,66,66,66,78,78,105,119,136,136,241,241,254,1253,715,276,290,318,337,337,337,347,364,364,375,405,405,405],"floor_reached":51,"playtime":7640,"items_purged":["Defend_B","Shame","Defend_B"],"score":813,"play_id":"9ca9f970-4849-4498-9c0b-84f5ce1cd9bb","local_time":"20180927215908","is_ascension_mode":true,"campfire_choices":[{"data":"Genetic Algorithm","floor":6.0,"key":"SMITH"},{"floor":12.0,"key":"REST"},{"floor":15.0,"key":"REST"},{"data":"Tempest","floor":23.0,"key":"SMITH"},{"data":"Ball Lightning","floor":25.0,"key":"SMITH"},{"data":"Force Field","floor":28.0,"key":"SMITH"},{"floor":32,"key":"REST"},{"floor":42,"key":"REST"},{"data":"Transmutation","floor":49,"key":"SMITH"}],"neow_cost":"CURSE","seed_source_timestamp":0,"circlet_count":0,"master_deck":["Strike_B","Strike_B","Strike_B","Defend_B","Defend_B","Zap","Dualcast","Injury","Hello World","Genetic Algorithm+1","Doubt","Gash","Loop","Reprogram","Gash","Conserve Battery","Self Repair","Coolheaded","Reinforced Body","Machine Learning","Gash","Steam","Reprogram","Glacier","Ball Lightning+1","Ball Lightning","Gash","Tempest+1","Defragment","Rebound","Stack","Force Field+1","Storm+1","Gash","Gash","All For One","Decay","Injury","Storm+1","Transmutation+1","Static Discharge+1","Magnetism+1","Aggregate+1","Storm+1","Gash","Heatsinks+1","Tempest"],"special_seed":0,"relics":["Cracked Core","Du-Vu Doll","Centennial Puzzle","Ornamental Fan","Orrery","Bird Faced Urn","Bottled Flame","Orichalcum","Frozen Egg 2","Calling Bell","Omamori","Shuriken","Torii","Chemical X","Dream Catcher","Mercury Hourglass","Strawberry"],"potions_floor_usage":[50],"damage_taken":[{"damage":0.0,"enemies":"Small Slimes","floor":1.0,"turns":2.0},{"damage":4.0,"enemies":"Cultist","floor":2.0,"turns":4.0},{"damage":27.0,"enemies":"3 Sentries","floor":7.0,"turns":6.0},{"damage":2.0,"enemies":"Jaw Worm","floor":8.0,"turns":2.0},{"damage":9.0,"enemies":"2 Fungi Beasts","floor":10.0,"turns":3.0},{"damage":0.0,"enemies":"Looter","floor":11.0,"turns":3.0},{"damage":0.0,"enemies":"Exordium Wildlife","floor":13.0,"turns":3.0},{"damage":12.0,"enemies":"Blue Slaver","floor":14.0,"turns":3.0},{"damage":12.0,"enemies":"Slime Boss","floor":16.0,"turns":15.0},{"damage":1.0,"enemies":"3 Byrds","floor":18.0,"turns":7.0},{"damage":10.0,"enemies":"Chosen","floor":19.0,"turns":5.0},{"damage":25.0,"enemies":"Centurion and Healer","floor":21.0,"turns":8.0},{"damage":27.0,"enemies":"Book of Stabbing","floor":24.0,"turns":7.0},{"damage":23.0,"enemies":"Cultist and Chosen","floor":27.0,"turns":5.0},{"damage":44.0,"enemies":"Slavers","floor":29.0,"turns":7.0},{"damage":0,"enemies":"Chosen and Byrds","floor":30,"turns":5},{"damage":10,"enemies":"3 Cultists","floor":31,"turns":6},{"damage":38,"enemies":"Automaton","floor":33,"turns":9},{"damage":27,"enemies":"3 Darklings","floor":35,"turns":5},{"damage":2,"enemies":"3 Shapes","floor":39,"turns":4},{"damage":33,"enemies":"Giant Head","floor":40,"turns":7},{"damage":20,"enemies":"Spire Growth","floor":41,"turns":3},{"damage":10,"enemies":"Reptomancer","floor":44,"turns":3},{"damage":1,"enemies":"Sphere and 2 Shapes","floor":45,"turns":3},{"damage":10,"enemies":"3 Darklings","floor":47,"turns":3},{"damage":13,"enemies":"Nemesis","floor":48,"turns":5},{"damage":63,"enemies":"Time Eater","floor":50,"turns":8}],"seed_played":"-1910999364401514752","potions_obtained":[{"floor":1.0,"key":"Block Potion"},{"floor":8.0,"key":"Regen Potion"},{"floor":10.0,"key":"Weak Potion"},{"floor":30,"key":"Strength Potion"},{"floor":33,"key":"SkillPotion"}],"is_trial":false,"path_per_floor":["M","M","?","?","$","R","E","M","T","M","M","R","M","M","R","B",null,"M","M","$","M","$","R","E","R","T","M","R","E","M","M","R","B",null,"M","?","$","$","M","E","M","R","T","M","M","?","M","E","R","B"],"character_chosen":"DEFECT","items_purchased":["Gash","Loop","Bird Faced Urn","Gash","Tempest","Rebound","Storm+1","Chemical X","Transmutation","Static Discharge+1","Magnetism+1","SpeedPotion"],"campfire_rested":4,"item_purchase_floors":[5,5,20,20,20,22,37,37,37,38,38,38],"current_hp_per_floor":[75,71,64,64,64,64,37,35,35,26,26,48,55,43,65,60,75,74,71,71,57,57,57,61,61,61,51,51,22,28,24,46,27,75,55,55,55,55,63,55,47,69,69,69,75,75,73,82,82,42],"gold":405,"neow_bonus":"ONE_RARE_RELIC","is_prod":false,"is_daily":false,"chose_seed":false,"campfire_upgraded":5,"win_rate":0,"timestamp":1538099948,"path_taken":["M","M","?","?","$","R","E","M","T","M","M","R","M","M","R","BOSS","M","M","$","M","$","R","E","R","T","M","R","E","M","M","R","BOSS","M","?","?","$","M","E","M","R","T","M","M","?","M","E","R","BOSS"],"build_version":"2018-09-27","purchased_purges":3,"victory":true,"max_hp_per_floor":[75,75,75,75,75,75,75,75,75,75,75,75,75,75,75,75,75,75,75,75,75,75,75,75,75,75,75,75,75,75,75,75,75,75,75,75,75,75,75,75,75,75,75,75,75,75,75,82,82,82],"card_choices":[{"not_picked":["Sweeping Beam","Hologram"],"picked":"Hello World","floor":1.0},{"not_picked":["Aggregate","Fusion"],"picked":"Genetic Algorithm","floor":2.0},{"not_picked":["Hologram","Rip and Tear"],"picked":"Reprogram","floor":7.0},{"not_picked":["Aggregate","Chill"],"picked":"Gash","floor":8.0},{"not_picked":["Darkness","Go for the Eyes"],"picked":"Conserve Battery","floor":10.0},{"not_picked":["Heatsinks","Streamline"],"picked":"Self Repair","floor":11.0},{"not_picked":["Barrage","Compile Driver"],"picked":"Coolheaded","floor":13.0},{"not_picked":["Chill","Cold Snap"],"picked":"Reinforced Body","floor":14.0},{"not_picked":["Fission","Biased Cognition"],"picked":"Machine Learning","floor":16.0},{"not_picked":["White Noise","Fusion"],"picked":"Gash","floor":17.0},{"not_picked":["Beam Cell","Streamline"],"picked":"Steam","floor":17.0},{"not_picked":["Steam","Buffer"],"picked":"Reprogram","floor":17.0},{"not_picked":["Stack","Beam Cell"],"picked":"Glacier","floor":17.0},{"not_picked":["Redo","Coolheaded"],"picked":"Ball Lightning","floor":17.0},{"not_picked":["Darkness","Sweeping Beam"],"picked":"Ball Lightning","floor":18.0},{"not_picked":["Ball Lightning","Force Field","Genetic Algorithm"],"picked":"SKIP","floor":19.0},{"not_picked":["Sweeping Beam","Loop"],"picked":"Defragment","floor":21.0},{"not_picked":["Compile Driver","Chaos"],"picked":"Stack","floor":24.0},{"not_picked":["Tempest","Lockon+1"],"picked":"Force Field","floor":27.0},{"not_picked":["BootSequence","Loop"],"picked":"Storm","floor":29.0},{"not_picked":["Reprogram","Undo"],"picked":"Gash","floor":30},{"not_picked":["Coolheaded","Go for the Eyes"],"picked":"Gash","floor":31},{"not_picked":["Multi-Cast","Rainbow"],"picked":"All For One","floor":33},{"not_picked":["Lockon+1","Double Energy","Steam"],"picked":"SKIP","floor":35},{"not_picked":["Double Energy+1","Reinforced Body+1"],"picked":"Aggregate+1","floor":39},{"not_picked":["Biased Cognition+1","White Noise"],"picked":"Storm+1","floor":40},{"not_picked":["Sweeping Beam","Chill","Hologram+1"],"picked":"SKIP","floor":41},{"not_picked":["Steam","Static Discharge+1"],"picked":"Gash","floor":42},{"not_picked":["Barrage+1","Ball Lightning+1","Cold Snap+1"],"picked":"SKIP","floor":44},{"not_picked":["Cold Snap","Hologram","Compile Driver+1"],"picked":"SKIP","floor":45},{"not_picked":["Beam Cell+1","Compile Driver"],"picked":"Heatsinks+1","floor":47},{"not_picked":["Go for the Eyes","Seek"],"picked":"Tempest","floor":48}],"player_experience":54767,"relics_obtained":[{"floor":7.0,"key":"Centennial Puzzle"},{"floor":9.0,"key":"Ornamental Fan"},{"floor":24.0,"key":"Bottled Flame"},{"floor":26.0,"key":"Orichalcum"},{"floor":29.0,"key":"Frozen Egg 2"},{"floor":34,"key":"Omamori"},{"floor":34,"key":"Shuriken"},{"floor":34,"key":"Torii"},{"floor":40,"key":"Dream Catcher"},{"floor":43,"key":"Mercury Hourglass"},{"floor":48,"key":"Strawberry"}],"event_choices":[{"event_name":"Golden Wing","player_choice":"Card Removal","floor":3.0,"damage_taken":0.0},{"event_name":"Liars Game","player_choice":"agreed","floor":4.0,"damage_taken":0.0},{"event_name":"MindBloom","player_choice":"Gold","floor":36,"damage_taken":0},{"event_name":"Mysterious Sphere","player_choice":"Ignore","floor":46,"damage_taken":0}],"is_beta":false,"boss_relics":[{"not_picked":["Inserter","Runic Dome"],"picked":"Orrery"},{"not_picked":["Sozu","Busted Crown"],"picked":"Calling Bell"}],"items_purged_floors":[5,37,38],"is_endless":false,"potions_floor_spawned":[1,8,10,14,16,19,30,33,39,40,48],"ascension_level":1}