{"gold_per_floor":[118,118,118,129,153,180,180,255,334,353,367,400,400,400,400,477,477,495,105,105,140,140,167,180,180,180,180,200,200,200,200,200,274,324,336,107,120,137,190,221,221,251,251,351,351,364,364,380,380,380],"floor_reached":50,"playtime":2223,"items_purged":[],"score":1098,"play_id":"05dfa734-4f21-4586-8746-9692e9ffffbf","local_time":"20190304163651","is_ascension_mode":true,"campfire_choices":[{"data":"Zap","floor":7,"key":"SMITH"},{"data":"Undo","floor":13,"key":"SMITH"},{"data":"Compile Driver","floor":15,"key":"SMITH"},{"floor":25,"key":"REST"},{"data":"Defragment","floor":27,"key":"SMITH"},{"data":"Ghostly","floor":30,"key":"SMITH"},{"data":"Ghostly","floor":32,"key":"SMITH"},{"floor":41,"key":"REST"},{"floor":45,"key":"REST"},{"data":"Ghostly","floor":47,"key":"SMITH"},{"data":"Defragment","floor":49,"key":"SMITH"}],"neow_cost":"NONE","seed_source_timestamp":281608080078264,"circlet_count":0,"master_deck":["AscendersBane","Defend_B","Defend_B","Defend_B","Defend_B","Zap+1","Dualcast+1","Compile Driver+1","Cold Snap","Ball Lightning","Compile Driver","Undo+1","Electrodynamics","Steam+1","Tempest+1","Biased Cognition+1","Turbo","Necronomicurse","White Noise","Defragment+1","Glacier","Ghostly+1","Ghostly+1","Ghostly+1","Biased Cognition","Defragment+1","Steam","Leap+1","Force Field+1","BootSequence","Hologram+1","Creative AI"],"relics":["Cracked Core","NeowsBlessing","Ginger","Emotion Chip","Cables","Art of War","Astrolabe","Runic Capacitor","Oddly Smooth Stone","MutagenicStrength","Red Mask","Necronomicon","Blue Candle","Tiny House","OrangePellets","Regal Pillow","Bag of Preparation","Juzu Bracelet","Letter Opener","Turnip"],"potions_floor_usage":[11,12,23,24,33,33,33,33,42,42],"damage_taken":[{"damage":0,"enemies":"2 Louse","floor":1,"turns":1},{"damage":0,"enemies":"Small Slimes","floor":4,"turns":1},{"damage":0,"enemies":"Lagavulin","floor":6,"turns":1},{"damage":5,"enemies":"Jaw Worm","floor":10,"turns":3},{"damage":5,"enemies":"2 Fungi Beasts","floor":11,"turns":3},{"damage":9,"enemies":"3 Sentries","floor":12,"turns":4},{"damage":13,"enemies":"The Guardian","floor":16,"turns":13},{"damage":2,"enemies":"Chosen","floor":18,"turns":3},{"damage":12,"enemies":"Masked Bandits","floor":21,"turns":2},{"damage":15,"enemies":"Slavers","floor":23,"turns":2},{"damage":0,"enemies":"3 Byrds","floor":24,"turns":3},{"damage":1,"enemies":"Snecko","floor":28,"turns":4},{"damage":11,"enemies":"Automaton","floor":33,"turns":6},{"damage":0,"enemies":"Orb Walker","floor":35,"turns":3},{"damage":4,"enemies":"3 Darklings","floor":37,"turns":3},{"damage":7,"enemies":"Jaw Worm Horde","floor":38,"turns":5},{"damage":15,"enemies":"Nemesis","floor":40,"turns":5},{"damage":20,"enemies":"Reptomancer","floor":42,"turns":4},{"damage":0,"enemies":"Mind Bloom Boss Battle","floor":44,"turns":4},{"damage":0,"enemies":"4 Shapes","floor":46,"turns":3},{"damage":7,"enemies":"Spire Growth","floor":48,"turns":5},{"damage":38,"enemies":"Awakened One","floor":50,"turns":5}],"seed_played":"2798864306301757530","potions_obtained":[{"floor":1,"key":"Regen Potion"},{"floor":6,"key":"FocusPotion"},{"floor":11,"key":"SteroidPotion"},{"floor":21,"key":"Regen Potion"},{"floor":23,"key":"Energy Potion"},{"floor":24,"key":"Fire Potion"},{"floor":31,"key":"EntropicBrew"},{"floor":33,"key":"EntropicBrew"},{"floor":34,"key":"PowerPotion"},{"floor":38,"key":"PowerPotion"},{"floor":44,"key":"SmokeBomb"},{"floor":48,"key":"Ancient Potion"}],"is_trial":false,"path_per_floor":["M","?","?","M","T","E","R","?","T","M","M","E","R","?","R","B",null,"M","$","?","?","?","E","M","R","T","R","M","?","R","?","R","B",null,"M","$","M","M","T","E","R","E","T","?","R","M","R","M","R","B"],"character_chosen":"DEFECT","items_purchased":["Runic Capacitor","Oddly Smooth Stone","OrangePellets"],"campfire_rested":3,"item_purchase_floors":[19,19,36],"current_hp_per_floor":[64,59,52,52,52,52,52,41,41,36,40,31,31,54,54,41,64,62,62,62,50,29,19,19,40,40,40,39,35,35,35,35,24,37,37,37,33,26,26,11,38,18,18,18,40,40,40,33,33,0],"gold":380,"neow_bonus":"THREE_ENEMY_KILL","is_prod":false,"is_daily":false,"chose_seed":false,"campfire_upgraded":8,"win_rate":0,"timestamp":1551735411,"path_taken":["M","?","?","M","?","E","R","?","T","?","M","E","R","?","R","BOSS","M","$","?","?","?","E","M","R","T","R","?","?","R","?","R","BOSS","M","$","M","M","?","E","R","E","T","?","R","M","R","M","R","BOSS"],"build_version":"2019-01-23","purchased_purges":0,"victory":false,"max_hp_per_floor":[71,71,71,71,71,71,71,71,71,71,71,71,71,71,71,71,71,71,71,71,71,71,71,71,71,71,71,71,35,35,35,35,35,40,40,40,40,40,40,40,40,40,40,40,40,40,40,40,40,40],"card_choices":[{"not_picked":["Blizzard","Fusion"],"picked":"Compile Driver","floor":1},{"not_picked":["Heatsinks","Blizzard","Streamline"],"picked":"SKIP","floor":4},{"not_picked":["Conserve Battery","Chaos"],"picked":"Cold Snap","floor":6},{"not_picked":["Streamline","Steam"],"picked":"Ball Lightning","floor":10},{"not_picked":["Beam Cell","White Noise"],"picked":"Compile Driver","floor":11},{"not_picked":["Chill","Redo"],"picked":"Undo","floor":12},{"not_picked":["Echo Form","Reboot"],"picked":"Electrodynamics","floor":16},{"not_picked":["Beam Cell","Skim"],"picked":"Turbo","floor":18},{"not_picked":["Compile Driver","Rebound"],"picked":"White Noise","floor":23},{"not_picked":["Reboot","Leap"],"picked":"Defragment","floor":24},{"not_picked":["Reprogram","Sweeping Beam"],"picked":"Glacier","floor":28},{"not_picked":["Buffer","Meteor Strike"],"picked":"Biased Cognition","floor":33},{"not_picked":["BootSequence","Gash"],"picked":"Defragment","floor":34},{"not_picked":["Gash+1","Sweeping Beam"],"picked":"Steam","floor":35},{"not_picked":["Reprogram","Beam Cell+1"],"picked":"Leap+1","floor":37},{"not_picked":["Steam","Compile Driver"],"picked":"Force Field+1","floor":38},{"not_picked":["Compile Driver","Streamline+1","Hello World"],"picked":"SKIP","floor":40},{"not_picked":["Double Energy","Go for the Eyes"],"picked":"BootSequence","floor":42},{"not_picked":["Storm+1","Double Energy"],"picked":"Hologram+1","floor":44},{"not_picked":["Conserve Battery","Sweeping Beam","Barrage"],"picked":"SKIP","floor":46},{"not_picked":["Conserve Battery","Cold Snap"],"picked":"Creative AI","floor":48}],"player_experience":739748,"relics_obtained":[{"floor":6,"key":"Emotion Chip"},{"floor":9,"key":"Cables"},{"floor":12,"key":"Art of War"},{"floor":21,"key":"Red Mask"},{"floor":22,"key":"Necronomicon"},{"floor":26,"key":"Blue Candle"},{"floor":39,"key":"Regal Pillow"},{"floor":40,"key":"Bag of Preparation"},{"floor":42,"key":"Juzu Bracelet"},{"floor":43,"key":"Letter Opener"},{"floor":44,"key":"Turnip"}],"event_choices":[{"damage_healed":0,"gold_gain":0,"player_choice":"Success","damage_taken":5,"relics_obtained":["Ginger"],"max_hp_gain":0,"max_hp_loss":0,"event_name":"Scrap Ooze","floor":2,"gold_loss":0},{"cards_removed":["Strike_B"],"damage_healed":0,"gold_gain":0,"player_choice":"Card Removal","damage_taken":7,"max_hp_gain":0,"max_hp_loss":0,"event_name":"Golden Wing","floor":3,"gold_loss":0},{"damage_healed":0,"gold_gain":75,"player_choice":"Gather Gold","damage_taken":11,"max_hp_gain":0,"max_hp_loss":0,"event_name":"World of Goop","floor":8,"gold_loss":0},{"damage_healed":23,"gold_gain":0,"player_choice":"Banana","damage_taken":0,"max_hp_gain":0,"max_hp_loss":0,"event_name":"Big Fish","floor":14,"gold_loss":0},{"damage_healed":0,"gold_gain":0,"player_choice":"Inject Mutagens","damage_taken":0,"relics_obtained":["MutagenicStrength"],"max_hp_gain":0,"max_hp_loss":0,"event_name":"Drug Dealer","floor":20,"gold_loss":0},{"damage_healed":0,"gold_gain":0,"player_choice":"Fought Bandits","damage_taken":0,"max_hp_gain":0,"max_hp_loss":0,"event_name":"Masked Bandits","floor":21,"gold_loss":0},{"damage_healed":0,"gold_gain":0,"player_choice":"Obtained Book","damage_taken":21,"max_hp_gain":0,"max_hp_loss":0,"event_name":"Cursed Tome","floor":22,"gold_loss":0},{"damage_healed":0,"gold_gain":0,"player_choice":"Became a Ghost","damage_taken":0,"max_hp_gain":0,"max_hp_loss":36,"event_name":"Ghosts","floor":29,"gold_loss":0,"cards_obtained":["Ghostly","Ghostly","Ghostly"]},{"damage_healed":0,"gold_gain":0,"player_choice":"Got Potions","damage_taken":0,"max_hp_gain":0,"max_hp_loss":0,"event_name":"Lab","floor":31,"gold_loss":0},{"damage_healed":0,"gold_gain":0,"player_choice":"Fight","damage_taken":0,"max_hp_gain":0,"max_hp_loss":0,"event_name":"MindBloom","floor":44,"gold_loss":0}],"is_beta":false,"boss_relics":[{"not_picked":["Eternal Feather","Lizard Tail"],"picked":"Astrolabe"},{"not_picked":["Empty Cage","Black Star"],"picked":"Tiny House"}],"items_purged_floors":[],"is_endless":false,"potions_floor_spawned":[1,6,10,11,21,23,24,33,38,40,44,48],"killed_by":"Awakened One","ascension_level":20}