{"path_per_floor":["M","M","?","?","?","R","E","M","T","M","M","R","?","M","R","B",null,"M","?","M","M","?","R","M","M","T","?","M","$","R","M","R","B",null,"M","?","M","$"],"character_chosen":"DEFECT","items_purchased":["Calipers","Coolheaded","Capacitor","Barrage","Storm","Glacier"],"gold_per_floor":[109,129,129,229,229,229,270,290,342,356,369,369,369,389,389,517,517,533,533,546,562,562,562,581,595,619,544,565,56,56,72,72,193,231,249,249,269,10,10],"floor_reached":39,"campfire_rested":6,"playtime":2492,"current_hp_per_floor":[65,61,43,43,36,58,40,38,38,24,23,60,45,36,73,61,75,60,60,52,34,59,75,65,57,57,57,39,39,75,48,75,63,80,38,28,19,19,0],"items_purged":["Strike_B","Defend_B"],"gold":10,"score":385,"play_id":"d7b1c651-dab3-4eb9-ad16-ee998daa9b86","local_time":"20180427221837","is_prod":false,"is_daily":false,"chose_seed":false,"is_ascension_mode":false,"campfire_upgraded":0,"timestamp":1524889117,"path_taken":["M","M","?","?","?","R","E","M","T","M","M","R","?","M","R","BOSS","M","?","M","M","?","R","M","M","T","?","M","$","R","M","R","BOSS","M","?","M","$","?"],"build_version":"2018-04-26v2","seed_source_timestamp":1406315784692004,"purchased_purges":2,"victory":false,"master_deck":["Strike_B+1","Defend_B","Defend_B+1","Defend_B+1","Zap","Coolheaded+1","Barrage","Allocate+1","Cold Snap","Capacitor+1","Blizzard+1","Leap","Echo Form","Impulse+1","Ball Lightning","Chaos+1","Ball Lightning","Coolheaded","Capacitor","Barrage","Cold Snap","Thunder Strike","Defragment","Darkness","Magnetism","Flash of Steel","Bandage Up","Glacier+1","Storm","Glacier"],"max_hp_per_floor":[75,75,75,75,75,75,75,75,75,75,75,75,75,75,75,75,75,75,75,75,75,75,75,75,75,75,75,75,75,75,75,75,75,80,80,80,80,80,80],"relics":["Cracked Core","Golden Idol","Lantern","Regal Pillow","Inserter","War Paint","Whetstone","Calipers","Tiny House"],"card_choices":[{"not_picked":["Self Repair","Streamline"],"picked":"Coolheaded","floor":1},{"not_picked":["Hello World","Heatsinks"],"picked":"Barrage","floor":2},{"not_picked":["Capacitor","Undo"],"picked":"Allocate","floor":7},{"not_picked":["Stack","FTL"],"picked":"Cold Snap","floor":8},{"not_picked":["Auto Shields","Ball Lightning"],"picked":"Capacitor","floor":10},{"not_picked":["Flux Capacitor","White Noise"],"picked":"Blizzard","floor":11},{"not_picked":["Hello World","Beam Cell"],"picked":"Leap","floor":14},{"not_picked":["Meteor Strike","Creative AI"],"picked":"Echo Form","floor":16},{"not_picked":["Aggregate","Skim"],"picked":"Impulse","floor":20},{"not_picked":["Skim","Hologram"],"picked":"Ball Lightning","floor":21},{"not_picked":["Self Repair","Reboot"],"picked":"Chaos","floor":25},{"not_picked":["Turbo","Hologram"],"picked":"Ball Lightning","floor":28},{"not_picked":["FTL","Steam Power"],"picked":"Cold Snap","floor":31},{"not_picked":["Echo Form","Amplify"],"picked":"Thunder Strike","floor":33},{"not_picked":["Auto Shields","Sweeping Beam"],"picked":"Defragment","floor":34},{"not_picked":["Barrage","Beam Cell"],"picked":"Darkness","floor":35},{"not_picked":["Dark Shackles","Secret Weapon"],"picked":"Magnetism","floor":36},{"not_picked":["Deep Breath","Enlightenment"],"picked":"Flash of Steel","floor":36},{"not_picked":["Sadistic Nature","Mind Blast"],"picked":"Bandage Up","floor":36},{"not_picked":["Cold Snap","Coolheaded"],"picked":"Glacier","floor":37}],"player_experience":297286,"potions_floor_usage":[16,16,16,28,31,37,37,37],"damage_taken":[{"damage":10,"enemies":"Small Slimes","floor":1,"turns":3},{"damage":4,"enemies":"Jaw Worm","floor":2,"turns":4},{"damage":18,"enemies":"3 Sentries","floor":7,"turns":8},{"damage":2,"enemies":"2 Louse","floor":8,"turns":4},{"damage":14,"enemies":"Lots of Slimes","floor":10,"turns":5},{"damage":1,"enemies":"Blue Slaver","floor":11,"turns":3},{"damage":9,"enemies":"Large Slime","floor":14,"turns":6},{"damage":12,"enemies":"Slime Boss","floor":16,"turns":13},{"damage":15,"enemies":"Spheric Guardian","floor":18,"turns":6},{"damage":8,"enemies":"Chosen","floor":20,"turns":7},{"damage":18,"enemies":"Snake Plant","floor":21,"turns":7},{"damage":10,"enemies":"Centurion and Healer","floor":24,"turns":7},{"damage":8,"enemies":"Snecko","floor":25,"turns":6},{"damage":18,"enemies":"Sentry and Sphere","floor":28,"turns":4},{"damage":27,"enemies":"Chosen and Byrds","floor":31,"turns":5},{"damage":12,"enemies":"Automaton","floor":33,"turns":11},{"damage":42,"enemies":"Flame Bruiser 1 Orb","floor":35,"turns":7},{"damage":18,"enemies":"3 Shapes","floor":37,"turns":4},{"damage":33,"enemies":"Spire Growth","floor":39,"turns":3}],"event_choices":[{"event_name":"Golden Idol","player_choice":"Take Damage","floor":3,"damage_taken":0},{"event_name":"Golden Shrine","player_choice":"Pray","floor":4,"damage_taken":0},{"event_name":"Golden Wing","player_choice":"Card Removal","floor":5,"damage_taken":0},{"event_name":"Shining Light","player_choice":"Entered Light","floor":13,"damage_taken":0},{"event_name":"The Mausoleum","player_choice":"Yes","floor":19,"damage_taken":0},{"event_name":"The Library","player_choice":"Heal","floor":22,"damage_taken":0},{"event_name":"Beggar","player_choice":"Gave Gold","floor":27,"damage_taken":0},{"event_name":"SensoryStone","player_choice":"Memory 3","floor":36,"damage_taken":0}],"boss_relics":[{"not_picked":["Sozu","Black Star"],"picked":"Inserter"},{"not_picked":["Snecko Eye","Cursed Key"],"picked":"Tiny House"}],"potions_floor_spawned":[1,7,8,18,21,24,31,33],"seed_played":"3382158904534682374","killed_by":"Spire Growth","ascension_level":0,"is_trial":false}