{"path_per_floor":["M","M","M","$","M","E","R","M","T","$","M","?","E","M","R","B",null,"M","?","$","M","M","R","?","R","T","$","R","M","M","M","R"],"character_chosen":"THE_SILENT","items_purchased":["Noxious Fumes","Poison Potion","Noxious Fumes"],"gold_per_floor":[112,125,142,28,39,66,66,78,101,1,16,16,42,57,57,156,156,173,98,46,57,70,70,70,70,97,15,15,35,48,67,67,67],"floor_reached":33,"campfire_rested":4,"playtime":1498,"item_purchase_floors":[4,20,27],"current_hp_per_floor":[70,70,70,70,68,57,70,54,54,54,50,50,32,28,49,29,70,55,55,55,55,46,67,67,67,67,67,67,47,24,21,42,0],"items_purged":["Strike_G","Defend_G"],"gold":67,"score":261,"play_id":"54f316c5-4f4b-4c7d-88de-4f17ab79ffe9","local_time":"20180526162544","is_prod":false,"is_daily":false,"chose_seed":false,"is_ascension_mode":false,"campfire_upgraded":2,"win_rate":0,"timestamp":1527373544,"campfire_choices":[{"floor":7,"key":"REST"},{"floor":15,"key":"REST"},{"floor":23,"key":"REST"},{"data":"Noxious Fumes","floor":25,"key":"SMITH"},{"data":"Noxious Fumes","floor":28,"key":"SMITH"},{"floor":32,"key":"REST"}],"path_taken":["M","M","M","$","M","E","R","M","T","$","M","?","E","M","R","BOSS","M","?","$","M","M","R","?","R","T","$","R","M","M","M","R","BOSS"],"build_version":"2018-05-25","seed_source_timestamp":4945626870540,"purchased_purges":2,"victory":false,"master_deck":["Survivor+1","Neutralize","Deadly Poison","Deadly Poison","Crippling Poison","Noxious Fumes+1","Prepared","Expertise","Poisoned Stab","Corpse Explosion","Bouncing Flask","Escape Plan","Adrenaline","Dodge and Roll","Flying Knee","Slice","Prepared","Deflect","Dodge and Roll","Footwork","Noxious Fumes+1","Bullet Time"],"max_hp_per_floor":[70,70,70,70,70,70,70,70,70,70,70,70,70,70,70,70,70,70,70,70,70,70,70,70,70,70,70,70,70,70,70,70,70],"relics":["Ring of the Snake","NeowsBlessing","Orichalcum","War Paint","Omamori","Pandora\u0027s Box","Pen Nib"],"card_choices":[{"not_picked":["Backstab","Dagger Throw"],"picked":"Deadly Poison","floor":1},{"not_picked":["Backflip","Crippling Poison"],"picked":"Deadly Poison","floor":2},{"not_picked":["Underhanded Strike","Deflect"],"picked":"Crippling Poison","floor":3},{"not_picked":["Storm of Steel","Slice"],"picked":"Prepared","floor":5},{"not_picked":["Prepared","Underhanded Strike"],"picked":"Expertise","floor":6},{"not_picked":["Backstab","Outmaneuver"],"picked":"Poisoned Stab","floor":8},{"not_picked":["Deflect","Prepared"],"picked":"Corpse Explosion","floor":11},{"not_picked":["Prepared","Caltrops"],"picked":"Bouncing Flask","floor":13},{"not_picked":["Acrobatics","Deflect"],"picked":"Escape Plan","floor":14},{"not_picked":["Grand Finale","After Image"],"picked":"Adrenaline","floor":16},{"not_picked":["Endless Agony","Dodge and Roll+1","Deflect"],"picked":"SKIP","floor":18},{"not_picked":["Slice","Sucker Punch","Dodge and Roll+1"],"picked":"SKIP","floor":21},{"not_picked":["Prepared","Slice","All Out Attack"],"picked":"SKIP","floor":22},{"not_picked":["Backflip","Choke","Prepared"],"picked":"SKIP","floor":29},{"not_picked":["Cloak And Dagger","Slice"],"picked":"Bullet Time","floor":30},{"not_picked":["Flying Knee+1","Terror","Acrobatics"],"picked":"SKIP","floor":31}],"player_experience":347288,"potions_floor_usage":[13,16,31,31,33,33],"damage_taken":[{"damage":0,"enemies":"Small Slimes","floor":1,"turns":1},{"damage":0,"enemies":"Jaw Worm","floor":2,"turns":1},{"damage":0,"enemies":"Cultist","floor":3,"turns":1},{"damage":2,"enemies":"Blue Slaver","floor":5,"turns":4},{"damage":11,"enemies":"3 Sentries","floor":6,"turns":7},{"damage":16,"enemies":"Large Slime","floor":8,"turns":6},{"damage":4,"enemies":"2 Fungi Beasts","floor":11,"turns":4},{"damage":18,"enemies":"Lagavulin","floor":13,"turns":5},{"damage":4,"enemies":"Exordium Wildlife","floor":14,"turns":4},{"damage":20,"enemies":"The Guardian","floor":16,"turns":8},{"damage":15,"enemies":"Shell Parasite","floor":18,"turns":4},{"damage":0,"enemies":"Spheric Guardian","floor":21,"turns":3},{"damage":9,"enemies":"Snake Plant","floor":22,"turns":3},{"damage":20,"enemies":"Cultist and Chosen","floor":29,"turns":7},{"damage":23,"enemies":"Centurion and Healer","floor":30,"turns":6},{"damage":3,"enemies":"Snake Plant","floor":31,"turns":2},{"damage":54,"enemies":"Collector","floor":33,"turns":7}],"relics_obtained":[{"floor":6,"key":"Orichalcum"},{"floor":9,"key":"War Paint"},{"floor":13,"key":"Omamori"},{"floor":26,"key":"Pen Nib"}],"event_choices":[{"event_name":"Living Wall","player_choice":"Forget","floor":12,"damage_taken":0},{"event_name":"Beggar","player_choice":"Gave Gold","floor":19,"damage_taken":0},{"event_name":"The Library","player_choice":"Read","floor":24,"damage_taken":0}],"boss_relics":[{"not_picked":["Runic Dome","Eternal Feather"],"picked":"Pandora\u0027s Box"}],"items_purged_floors":[4,10],"potions_floor_spawned":[2,8,11,13,14,18,29,30,31],"seed_played":"-7936125116135769316","killed_by":"Collector","ascension_level":0,"potions_obtained":[{"floor":2,"key":"FearPotion"},{"floor":8,"key":"AttackPotion"},{"floor":11,"key":"FearPotion"},{"floor":13,"key":"Swift Potion"},{"floor":14,"key":"AttackPotion"},{"floor":18,"key":"Block Potion"},{"floor":30,"key":"LiquidBronze"},{"floor":31,"key":"AttackPotion"}],"is_trial":false}