{"gold_per_floor":[10,10,24,24,37,37,62,62,144,144,173,173,187,215,215,320,320,337,247,260,55,69,94,94,122,146,71,71,105,105,119,119,221,221,234,27,38,49,64,91,91,126,176,176,176,276,376,387,387,387],"floor_reached":51,"playtime":4757,"items_purged":["Strike_R"],"score":887,"play_id":"ed43d548-b01f-4759-8ae3-6f1fd57b0e42","local_time":"20190302211143","is_ascension_mode":true,"campfire_choices":[{"data":"Shrug It Off","floor":6.0,"key":"SMITH"},{"data":"Demon Form","floor":8.0,"key":"SMITH"},{"data":"Body Slam","floor":10.0,"key":"SMITH"},{"floor":15.0,"key":"REST"},{"data":"Barricade","floor":24.0,"key":"SMITH"},{"floor":30.0,"key":"REST"},{"data":"Heavy Blade","floor":32.0,"key":"SMITH"},{"data":"Heavy Blade","floor":41.0,"key":"SMITH"},{"data":"Entrench","floor":45.0,"key":"SMITH"},{"data":"Reaper","floor":49.0,"key":"SMITH"}],"neow_cost":"NO_GOLD","seed_source_timestamp":0,"circlet_count":0,"master_deck":["Strike_R+1","Defend_R","Defend_R","Defend_R","Defend_R","Bash","Anger","Shrug It Off+1","Body Slam+1","Demon Form+1","Inflame","Offering","True Grit","Dark Embrace","Heavy Blade+1","Anger","Double Tap","Shrug It Off","Barricade+1","Headbutt","Normality","Flame Barrier+1","Reaper+1","Flame Barrier+1","Entrench+1","Heavy Blade+1","Demon Form","Injury"],"special_seed":0,"relics":["Burning Blood","Blood Vial","Bottled Tornado","Dream Catcher","Shuriken","Peace Pipe","Cursed Key","Dodecahedron","Bag of Marbles","MutagenicStrength","Regal Pillow","Mark of Pain","DollysMirror","Letter Opener","Singing Bowl","Juzu Bracelet","Calipers"],"potions_floor_usage":[50],"damage_taken":[{"damage":6.0,"enemies":"Cultist","floor":1.0,"turns":3.0},{"damage":2.0,"enemies":"2 Louse","floor":3.0,"turns":2.0},{"damage":0.0,"enemies":"Small Slimes","floor":5.0,"turns":3.0},{"damage":29.0,"enemies":"3 Sentries","floor":7.0,"turns":9.0},{"damage":17.0,"enemies":"Gremlin Nob","floor":11.0,"turns":4.0},{"damage":10.0,"enemies":"2 Fungi Beasts","floor":13.0,"turns":4.0},{"damage":10.0,"enemies":"Lagavulin","floor":14.0,"turns":7.0},{"damage":6.0,"enemies":"Slime Boss","floor":16.0,"turns":6.0},{"damage":19.0,"enemies":"3 Byrds","floor":18.0,"turns":6.0},{"damage":15.0,"enemies":"Spheric Guardian","floor":20.0,"turns":4.0},{"damage":7.0,"enemies":"Centurion and Healer","floor":22.0,"turns":5.0},{"damage":19.0,"enemies":"Book of Stabbing","floor":23.0,"turns":4.0},{"damage":32.0,"enemies":"Slavers","floor":25.0,"turns":6.0},{"damage":25.0,"enemies":"Book of Stabbing","floor":29.0,"turns":5.0},{"damage":17.0,"enemies":"Cultist and Chosen","floor":31.0,"turns":6.0},{"damage":38.0,"enemies":"Automaton","floor":33.0,"turns":8.0},{"damage":21.0,"enemies":"3 Shapes","floor":35.0,"turns":5.0},{"damage":34.0,"enemies":"3 Darklings","floor":37.0,"turns":5.0},{"damage":27.0,"enemies":"Transient","floor":38.0,"turns":5.0},{"damage":34.0,"enemies":"Maw","floor":39.0,"turns":6.0},{"damage":26.0,"enemies":"Giant Head","floor":40.0,"turns":9.0},{"damage":59.0,"enemies":"Reptomancer","floor":42.0,"turns":5.0},{"damage":6.0,"enemies":"Mind Bloom Boss Battle","floor":47.0,"turns":4.0},{"damage":31.0,"enemies":"3 Darklings","floor":48.0,"turns":10.0},{"damage":79,"enemies":"Awakened One","floor":50,"turns":8}],"seed_played":"-5004480786033775817","potions_obtained":[{"floor":3.0,"key":"Weak Potion"},{"floor":7.0,"key":"FearPotion"},{"floor":11.0,"key":"Weak Potion"},{"floor":14.0,"key":"SpeedPotion"},{"floor":16.0,"key":"Regen Potion"},{"floor":22.0,"key":"Poison Potion"},{"floor":25.0,"key":"LiquidBronze"},{"floor":33.0,"key":"Swift Potion"},{"floor":37.0,"key":"Weak Potion"},{"floor":40.0,"key":"Fire Potion"},{"floor":47.0,"key":"Regen Potion"},{"floor":48.0,"key":"Poison Potion"}],"is_trial":false,"path_per_floor":["M","?","M","$","M","R","E","R","T","R","E","?","M","E","R","B",null,"M","?","M","$","M","E","R","E","T","?","?","E","R","M","R","B",null,"M","$","M","M","M","E","R","E","T","?","R","?","?","M","R","B",null],"character_chosen":"IRONCLAD","items_purchased":["Double Tap","Shrug It Off","DollysMirror"],"campfire_rested":2,"item_purchase_floors":[21,21,36],"current_hp_per_floor":[96,96,96,96,96,96,73,73,73,73,64,57,55,53,81,83,96,83,83,76,76,77,66,66,56,56,56,56,39,82,73,73,43,96,92,92,78,75,49,42,42,15,15,84,84,84,86,88,88,56],"gold":387,"neow_bonus":"TWENTY_PERCENT_HP_BONUS","is_prod":false,"is_daily":false,"chose_seed":false,"campfire_upgraded":8,"win_rate":0,"timestamp":1551521503,"path_taken":["M","?","M","?","M","R","E","R","T","R","E","?","M","E","R","BOSS","M","?","M","$","?","E","R","E","T","?","?","E","R","M","R","BOSS","M","$","M","M","M","E","R","E","T","?","R","?","?","M","R","BOSS"],"build_version":"2019-01-23","purchased_purges":1,"victory":true,"max_hp_per_floor":[96,96,96,96,96,96,96,96,96,96,96,96,96,96,96,96,96,96,96,96,96,96,96,96,96,96,96,96,96,96,96,96,96,96,96,96,96,96,96,96,96,96,96,84,84,84,86,88,88,88],"card_choices":[{"not_picked":["Reckless Charge","Havoc"],"picked":"Anger","floor":1.0},{"not_picked":["Rampage","Iron Wave"],"picked":"Shrug It Off","floor":3.0},{"not_picked":["Power Through","Flex"],"picked":"Body Slam","floor":5.0},{"not_picked":["Feel No Pain","Carnage"],"picked":"Demon Form","floor":7.0},{"not_picked":["Twin Strike","Metallicize"],"picked":"Inflame","floor":11.0},{"not_picked":["Havoc","Feel No Pain","Wild Strike"],"picked":"SKIP","floor":13.0},{"not_picked":["Blood for Blood","Sword Boomerang"],"picked":"Offering","floor":14.0},{"not_picked":["Wild Strike","Cleave"],"picked":"True Grit","floor":15.0},{"not_picked":["Brutality","Fiend Fire"],"picked":"Dark Embrace","floor":16.0},{"not_picked":["Second Wind","Perfected Strike"],"picked":"Heavy Blade","floor":18.0},{"not_picked":["Whirlwind+1","Clothesline"],"picked":"Anger","floor":20.0},{"not_picked":["Perfected Strike","Heavy Blade"],"picked":"Barricade","floor":22.0},{"not_picked":["Wild Strike+1","Inflame","Blood for Blood+1"],"picked":"SKIP","floor":23.0},{"not_picked":["Blood for Blood","Corruption"],"picked":"Headbutt","floor":25.0},{"not_picked":["True Grit+1","Shockwave","Thunderclap"],"picked":"SKIP","floor":29.0},{"not_picked":["Fire Breathing","Thunderclap+1"],"picked":"Flame Barrier+1","floor":31.0},{"not_picked":["Impervious","Feed"],"picked":"Reaper","floor":33.0},{"not_picked":["Thunderclap+1","Havoc+1","Shrug It Off"],"picked":"SKIP","floor":35.0},{"not_picked":["Clash+1","Havoc+1"],"picked":"Entrench","floor":37.0},{"not_picked":["Flex","Shrug It Off","Uppercut+1"],"picked":"SKIP","floor":38.0},{"not_picked":["Feed","Corruption+1"],"picked":"Heavy Blade","floor":39.0},{"not_picked":["Perfected Strike+1","Thunderclap","Clash"],"picked":"SKIP","floor":40.0},{"not_picked":["Pommel Strike","Whirlwind+1"],"picked":"Demon Form","floor":42.0},{"not_picked":["Thunderclap","Sword Boomerang+1","Flex"],"picked":"Singing Bowl","floor":47.0},{"not_picked":["Uppercut","Havoc","Battle Trance+1"],"picked":"Singing Bowl","floor":48.0}],"player_experience":220648,"relics_obtained":[{"floor":7.0,"key":"Blood Vial"},{"floor":9.0,"key":"Bottled Tornado"},{"floor":11.0,"key":"Dream Catcher"},{"floor":14.0,"key":"Peace Pipe"},{"floor":23.0,"key":"Dodecahedron"},{"floor":25.0,"key":"Bag of Marbles"},{"floor":29.0,"key":"Regal Pillow"},{"floor":40.0,"key":"Letter Opener"},{"floor":42.0,"key":"Singing Bowl"},{"floor":43.0,"key":"Juzu Bracelet"},{"floor":47.0,"key":"Calipers"}],"event_choices":[{"cards_removed":["Strike_R"],"damage_healed":0.0,"max_hp_gain":0.0,"max_hp_loss":0.0,"gold_gain":0.0,"event_name":"Purifier","player_choice":"Purged","floor":2.0,"gold_loss":0.0,"damage_taken":0.0},{"damage_healed":0.0,"max_hp_gain":0.0,"max_hp_loss":0.0,"gold_gain":0.0,"event_name":"Scrap Ooze","player_choice":"Success","floor":12.0,"gold_loss":0.0,"damage_taken":7.0,"relics_obtained":["Shuriken"]},{"cards_removed":["Strike_R"],"damage_healed":0.0,"max_hp_gain":0.0,"max_hp_loss":0.0,"gold_gain":0.0,"event_name":"Designer","player_choice":"Upgrade and Remove","floor":19.0,"gold_loss":90.0,"damage_taken":0.0,"cards_upgraded":["Strike_R"]},{"cards_removed":["Strike_R"],"damage_healed":0.0,"max_hp_gain":0.0,"max_hp_loss":0.0,"gold_gain":0.0,"event_name":"Beggar","player_choice":"Gave Gold","floor":27.0,"gold_loss":75.0,"damage_taken":0.0},{"damage_healed":0.0,"max_hp_gain":0.0,"max_hp_loss":0.0,"gold_gain":0.0,"event_name":"Drug Dealer","player_choice":"Inject Mutagens","floor":28.0,"gold_loss":0.0,"damage_taken":0.0,"relics_obtained":["MutagenicStrength"]},{"damage_healed":84.0,"max_hp_gain":0.0,"max_hp_loss":12.0,"gold_gain":0.0,"event_name":"The Moai Head","player_choice":"Heal","floor":44.0,"gold_loss":0.0,"damage_taken":0.0},{"damage_healed":0.0,"max_hp_gain":0.0,"max_hp_loss":0.0,"gold_gain":100.0,"event_name":"Golden Shrine","player_choice":"Pray","floor":46.0,"gold_loss":0.0,"damage_taken":0.0},{"damage_healed":0.0,"max_hp_gain":0.0,"max_hp_loss":0.0,"gold_gain":0.0,"event_name":"MindBloom","player_choice":"Fight","floor":47.0,"gold_loss":0.0,"damage_taken":0.0}],"is_beta":false,"boss_relics":[{"not_picked":["Sozu","Coffee Dripper"],"picked":"Cursed Key"},{"not_picked":["Orrery","Lizard Tail"],"picked":"Mark of Pain"}],"items_purged_floors":[21],"is_endless":false,"potions_floor_spawned":[3,7,11,14,16,22,25,33,37,40,47,48],"ascension_level":2}