{"gold_per_floor":[110,110,123,136,15,15,50,50,101,101,121,121,140,156,156,256,256,275,306,306,306,317,317,346,346,346,361,361,10,21,41,41,136,136,149,3,13,113,129,129,146,146,214,214,214,214,234,254,254,254],"floor_reached":50,"playtime":4135,"items_purged":["Defend_R"],"score":719,"play_id":"cb117ca3-c870-4bd0-9b7f-fe9e5b31fca6","local_time":"20190306124553","is_ascension_mode":true,"campfire_choices":[{"data":"Clothesline","floor":6,"key":"SMITH"},{"data":"Bash","floor":8,"key":"SMITH"},{"data":"Metallicize","floor":10,"key":"SMITH"},{"data":"Disarm","floor":12,"key":"SMITH"},{"floor":15,"key":"REST"},{"data":"Reaper","floor":23,"key":"SMITH"},{"floor":25,"key":"REST"},{"data":"Sever Soul","floor":28,"key":"SMITH"},{"data":"Pommel Strike","floor":32,"key":"SMITH"},{"data":"Uppercut","floor":40,"key":"SMITH"},{"data":"Fiend Fire","floor":42,"key":"SMITH"},{"data":"Sentinel","floor":44,"key":"SMITH"},{"data":"Strike_R","floor":46,"key":"SMITH"},{"floor":49,"key":"REST"}],"neow_cost":"NONE","seed_source_timestamp":34634624753549,"circlet_count":0,"master_deck":["AscendersBane","Strike_R","Strike_R","Strike_R+1","Defend_R","Defend_R","Defend_R","Bash+1","Sentinel+1","Disarm+1","Metallicize+1","Clothesline+1","Sever Soul+1","Shrug It Off","Reaper+1","Pommel Strike+1","Fiend Fire+1","Uppercut+1","Writhe"],"relics":["Burning Blood","Orichalcum","Happy Flower","Snecko Eye","Red Mask","Bottled Lightning","Gremlin Horn","Lee\u0027s Waffle","Pen Nib","Busted Crown","Juzu Bracelet","Turnip","Darkstone Periapt"],"potions_floor_usage":[11,16,19,19,24,24,50,50],"damage_taken":[{"damage":3,"enemies":"2 Louse","floor":1,"turns":4},{"damage":10,"enemies":"Small Slimes","floor":3,"turns":4},{"damage":12,"enemies":"Cultist","floor":4,"turns":5},{"damage":40,"enemies":"Gremlin Nob","floor":7,"turns":5},{"damage":8,"enemies":"3 Louse","floor":11,"turns":5},{"damage":8,"enemies":"Large Slime","floor":13,"turns":5},{"damage":5,"enemies":"Looter","floor":14,"turns":3},{"damage":9,"enemies":"The Guardian","floor":16,"turns":10},{"damage":2,"enemies":"3 Byrds","floor":18,"turns":4},{"damage":18,"enemies":"Masked Bandits","floor":19,"turns":5},{"damage":0,"enemies":"Chosen","floor":22,"turns":3},{"damage":55,"enemies":"Gremlin Leader","floor":24,"turns":12},{"damage":3,"enemies":"Snake Plant","floor":27,"turns":6},{"damage":1,"enemies":"Snecko","floor":30,"turns":5},{"damage":2,"enemies":"3 Cultists","floor":31,"turns":4},{"damage":75,"enemies":"Automaton","floor":33,"turns":9},{"damage":55,"enemies":"3 Shapes","floor":35,"turns":4},{"damage":0,"enemies":"3 Darklings","floor":37,"turns":6},{"damage":0,"enemies":"Mind Bloom Boss Battle","floor":38,"turns":9},{"damage":8,"enemies":"4 Shapes","floor":39,"turns":3},{"damage":12,"enemies":"Spire Growth","floor":41,"turns":4},{"damage":12,"enemies":"Maw","floor":47,"turns":5},{"damage":29,"enemies":"Sphere and 2 Shapes","floor":48,"turns":4},{"damage":106,"enemies":"Donu and Deca","floor":50,"turns":9}],"seed_played":"1578254064886099532","potions_obtained":[{"floor":1,"key":"Ancient Potion"},{"floor":3,"key":"SpeedPotion"},{"floor":7,"key":"FearPotion"},{"floor":14,"key":"Ancient Potion"},{"floor":16,"key":"AttackPotion"},{"floor":19,"key":"SkillPotion"},{"floor":22,"key":"Explosive Potion"},{"floor":33,"key":"SpeedPotion"},{"floor":35,"key":"Energy Potion"}],"is_trial":false,"path_per_floor":["M","$","M","M","$","R","E","R","T","R","M","R","M","M","R","B",null,"M","?","?","?","M","R","E","R","T","M","R","$","M","M","R","B",null,"M","$","M","?","M","R","M","R","T","R","?","R","M","M","R","B"],"character_chosen":"IRONCLAD","items_purchased":["Clothesline","Lee\u0027s Waffle","Pen Nib","Juzu Bracelet"],"campfire_rested":3,"item_purchase_floors":[5,29,29,36],"current_hp_per_floor":[75,75,71,65,65,65,31,31,31,31,29,29,27,28,52,49,72,80,68,68,68,80,80,31,55,55,63,63,87,87,87,87,23,71,37,37,43,54,72,72,73,73,73,73,93,93,87,64,91,0],"gold":254,"neow_bonus":"REMOVE_CARD","is_prod":false,"is_daily":false,"chose_seed":false,"campfire_upgraded":11,"win_rate":0,"timestamp":1551897953,"path_taken":["M","$","M","M","$","R","E","R","T","R","M","R","M","M","R","BOSS","M","?","?","?","M","R","E","R","T","?","R","$","M","M","R","BOSS","M","$","M","?","M","R","M","R","T","R","?","R","M","M","R","BOSS"],"build_version":"2019-01-23","purchased_purges":1,"victory":false,"max_hp_per_floor":[80,80,80,80,80,80,80,80,80,80,80,80,80,80,80,80,80,80,80,80,80,80,80,80,80,80,80,80,87,87,87,87,87,87,87,87,87,87,87,87,87,87,87,87,93,93,93,93,93,93],"card_choices":[{"not_picked":["Sword Boomerang","Thunderclap"],"picked":"Sentinel","floor":1},{"not_picked":["Clash","Shockwave"],"picked":"Disarm","floor":3},{"not_picked":["Clash","Body Slam"],"picked":"Metallicize","floor":4},{"not_picked":["Bloodletting","Evolve","Body Slam"],"picked":"SKIP","floor":7},{"not_picked":["Headbutt","Cleave"],"picked":"Sever Soul","floor":11},{"not_picked":["Thunderclap","Dark Embrace"],"picked":"Shrug It Off","floor":13},{"not_picked":["Warcry","Inflame","Headbutt"],"picked":"SKIP","floor":14},{"not_picked":["Limit Break","Demon Form"],"picked":"Reaper","floor":16},{"not_picked":["Body Slam","Clash","Anger"],"picked":"SKIP","floor":18},{"not_picked":["Headbutt","Second Wind+1","Cleave"],"picked":"SKIP","floor":22},{"not_picked":["Rage+1","Cleave+1","Second Wind+1"],"picked":"SKIP","floor":24},{"not_picked":["Spot Weakness","Sword Boomerang","Headbutt+1"],"picked":"SKIP","floor":27},{"not_picked":["Iron Wave","Exhume"],"picked":"Pommel Strike","floor":30},{"not_picked":["Inflame","Havoc","Shrug It Off"],"picked":"SKIP","floor":31},{"not_picked":["Barricade","Dark Embrace"],"picked":"Fiend Fire","floor":33},{"not_picked":["Havoc+1"],"picked":"SKIP","floor":35},{"not_picked":["Flex+1"],"picked":"SKIP","floor":37},{"not_picked":[],"picked":"Uppercut","floor":39},{"not_picked":["Havoc+1"],"picked":"SKIP","floor":41},{"not_picked":["Pummel+1"],"picked":"SKIP","floor":47},{"not_picked":["Rampage"],"picked":"SKIP","floor":48}],"player_experience":221872,"relics_obtained":[{"floor":7,"key":"Orichalcum"},{"floor":9,"key":"Happy Flower"},{"floor":19,"key":"Red Mask"},{"floor":24,"key":"Bottled Lightning"},{"floor":26,"key":"Gremlin Horn"},{"floor":38,"key":"Turnip"},{"floor":43,"key":"Darkstone Periapt"}],"event_choices":[{"damage_healed":0,"gold_gain":0,"player_choice":"Fought Bandits","damage_taken":0,"max_hp_gain":0,"max_hp_loss":0,"event_name":"Masked Bandits","floor":19,"gold_loss":0},{"damage_healed":0,"gold_gain":0,"player_choice":"Ignored","damage_taken":0,"max_hp_gain":0,"max_hp_loss":0,"event_name":"Vampires","floor":20,"gold_loss":0},{"cards_removed":["Strike_R"],"damage_healed":0,"gold_gain":0,"player_choice":"Purged","damage_taken":0,"max_hp_gain":0,"max_hp_loss":0,"event_name":"Purifier","floor":21,"gold_loss":0},{"damage_healed":0,"gold_gain":0,"player_choice":"Fight","damage_taken":0,"max_hp_gain":0,"max_hp_loss":0,"event_name":"MindBloom","floor":38,"gold_loss":0},{"damage_healed":22,"gold_gain":0,"player_choice":"Writhe","damage_taken":0,"max_hp_gain":0,"max_hp_loss":0,"event_name":"Winding Halls","floor":45,"gold_loss":0,"cards_obtained":["Writhe"]}],"is_beta":false,"boss_relics":[{"not_picked":["Tiny House","Coffee Dripper"],"picked":"Snecko Eye"},{"not_picked":["Velvet Choker","Sozu"],"picked":"Busted Crown"}],"items_purged_floors":[5],"is_endless":false,"potions_floor_spawned":[1,3,7,14,16,19,22,33,35,38,41,47],"killed_by":"Donu and Deca","ascension_level":11}