{"gold_per_floor":[114,114,114,128,143,170,170,234,257,257,282,301,315,349,349,447,447,467,128,114,114,114],"floor_reached":22,"playtime":768,"items_purged":["Strike_R"],"score":265,"play_id":"ef880e62-748c-425a-ab06-3e8789534b72","local_time":"20190303104719","is_ascension_mode":true,"campfire_choices":[{"data":"Armaments","floor":7.0,"key":"SMITH"},{"data":"Bludgeon","floor":10.0,"key":"SMITH"},{"data":"True Grit","floor":15.0,"key":"SMITH"}],"neow_cost":"NONE","seed_source_timestamp":0,"circlet_count":0,"master_deck":["Strike_R","Strike_R","Strike_R","Defend_R","Defend_R","Defend_R","Defend_R","Bash","Cleave","Anger","Rage","Armaments+1","Bludgeon+1","Combust","Demon Form","Headbutt","True Grit+1","Reaper","Metallicize","Disarm","Carnage","Whirlwind+1"],"special_seed":0,"relics":["Burning Blood","Anchor","Vajra","Champion Belt","Lantern","Snecko Eye","Bag of Preparation","Nloth\u0027s Gift"],"potions_floor_usage":[],"damage_taken":[{"damage":4.0,"enemies":"2 Louse","floor":1.0,"turns":3.0},{"damage":1.0,"enemies":"Cultist","floor":4.0,"turns":3.0},{"damage":6.0,"enemies":"Jaw Worm","floor":5.0,"turns":4.0},{"damage":31.0,"enemies":"Lagavulin","floor":6.0,"turns":6.0},{"damage":0.0,"enemies":"Gremlin Nob","floor":8.0,"turns":2.0},{"damage":15.0,"enemies":"Gremlin Nob","floor":11.0,"turns":3.0},{"damage":0.0,"enemies":"3 Louse","floor":12.0,"turns":2.0},{"damage":1.0,"enemies":"Gremlin Gang","floor":13.0,"turns":4.0},{"damage":22.0,"enemies":"Lagavulin","floor":14.0,"turns":5.0},{"damage":56.0,"enemies":"The Guardian","floor":16.0,"turns":9.0},{"damage":10.0,"enemies":"Shell Parasite","floor":18.0,"turns":4.0},{"damage":12.0,"enemies":"2 Thieves","floor":20.0,"turns":4.0},{"damage":0,"enemies":"Centurion and Healer","floor":22,"turns":1}],"seed_played":"-8082171255205859878","potions_obtained":[{"floor":4.0,"key":"FairyPotion"},{"floor":5.0,"key":"FearPotion"},{"floor":6.0,"key":"Swift Potion"},{"floor":12.0,"key":"Fire Potion"},{"floor":16.0,"key":"Poison Potion"}],"is_trial":false,"path_per_floor":["M","?","?","M","M","E","R","?","T","R","E","M","M","E","R","B",null,"M","$","M","?","M"],"character_chosen":"IRONCLAD","items_purchased":["Bag of Preparation","Disarm","Carnage"],"campfire_rested":0,"item_purchase_floors":[19,19,19],"current_hp_per_floor":[74,74,74,79,79,54,54,60,60,60,51,57,62,46,46,8,62,58,58,52,52,52],"gold":114,"neow_bonus":"THREE_CARDS","is_prod":false,"is_daily":false,"chose_seed":false,"campfire_upgraded":3,"win_rate":0,"timestamp":1551606439,"path_taken":["M","?","?","?","?","E","R","?","T","R","E","M","M","E","R","BOSS","M","$","M","?","?"],"build_version":"2019-01-23","purchased_purges":1,"victory":false,"max_hp_per_floor":[80,80,80,80,80,80,80,80,80,80,80,80,80,80,80,80,80,80,80,80,80,80],"card_choices":[{"not_picked":["Warcry","Second Wind"],"picked":"Cleave","floor":0.0},{"not_picked":["Clothesline","Flex"],"picked":"Anger","floor":1.0},{"not_picked":["Flex","Twin Strike"],"picked":"Rage","floor":4.0},{"not_picked":["Bloodletting","Iron Wave"],"picked":"Armaments","floor":5.0},{"not_picked":["Anger","Armaments"],"picked":"Bludgeon","floor":6.0},{"not_picked":["Thunderclap","Anger"],"picked":"Combust","floor":8.0},{"not_picked":["Searing Blow","Havoc"],"picked":"Demon Form","floor":11.0},{"not_picked":["Clothesline","Wild Strike"],"picked":"Headbutt","floor":12.0},{"not_picked":["Cleave","Flex","Twin Strike"],"picked":"SKIP","floor":13.0},{"not_picked":["Wild Strike","Intimidate"],"picked":"True Grit","floor":14.0},{"not_picked":["Limit Break","Feed"],"picked":"Reaper","floor":16.0},{"not_picked":["Flex","Iron Wave"],"picked":"Metallicize","floor":18.0},{"not_picked":["Body Slam","Flex"],"picked":"Whirlwind+1","floor":20.0}],"player_experience":312845,"relics_obtained":[{"floor":6.0,"key":"Anchor"},{"floor":8.0,"key":"Vajra"},{"floor":9.0,"key":"Boot"},{"floor":11.0,"key":"Champion Belt"},{"floor":14.0,"key":"Lantern"}],"event_choices":[{"damage_healed":0.0,"max_hp_gain":0.0,"max_hp_loss":0.0,"gold_gain":0.0,"event_name":"Liars Game","player_choice":"Ignored","floor":2.0,"gold_loss":0.0,"damage_taken":0.0},{"cards_removed":["Strike_R"],"damage_healed":0.0,"max_hp_gain":0.0,"max_hp_loss":0.0,"gold_gain":0.0,"event_name":"Bonfire Elementals","player_choice":"Offered Basic","floor":3.0,"gold_loss":0.0,"damage_taken":0.0},{"damage_healed":0.0,"max_hp_gain":0.0,"max_hp_loss":0.0,"gold_gain":0.0,"event_name":"Dead Adventurer","player_choice":"Searched \u00271\u0027 times","floor":8.0,"gold_loss":0.0,"damage_taken":0.0},{"damage_healed":0.0,"max_hp_gain":0.0,"max_hp_loss":0.0,"gold_gain":0.0,"event_name":"N\u0027loth","player_choice":"Traded Relic","floor":21.0,"relics_lost":["Boot"],"gold_loss":0.0,"damage_taken":0.0,"relics_obtained":["Nloth\u0027s Gift"]}],"is_beta":false,"boss_relics":[{"not_picked":["Calling Bell","Tiny House"],"picked":"Snecko Eye"}],"items_purged_floors":[19],"is_endless":false,"potions_floor_spawned":[4,5,6,12,16],"killed_by":"Centurion and Healer","ascension_level":6}