{"path_per_floor":["M","?","M","M","$","R","E","R","T","R","M","M","?","?","R"],"character_chosen":"DEFECT","items_purchased":["Capacitor","Thunder Strike"],"gold_per_floor":[118,193,211,227,26,26,56,56,82,82,93,107,128,128,128,128],"floor_reached":16,"campfire_rested":4,"playtime":719,"current_hp_per_floor":[75,64,64,58,58,75,25,47,47,69,57,38,14,14,36,0],"items_purged":[],"gold":128,"score":100,"play_id":"cb5e0125-21d6-4ae7-a92f-f9c2eddc6a73","local_time":"20180502001321","is_prod":false,"is_daily":false,"chose_seed":false,"is_ascension_mode":false,"campfire_upgraded":0,"timestamp":1525241601,"path_taken":["M","?","M","M","$","R","E","R","T","R","?","M","?","?","R","BOSS"],"build_version":"2018-05-01","seed_source_timestamp":1760588511766596,"purchased_purges":0,"victory":false,"master_deck":["Strike_B","Strike_B","Strike_B","Defend_B","Defend_B","Defend_B","Defend_B","Zap","Dualcast","Impulse","Streamline","Consume","Capacitor","Thunder Strike","Defragment","Machine Learning","Genetic Algorithm","Capacitor"],"max_hp_per_floor":[75,75,75,75,75,75,75,75,75,75,75,75,75,75,75,75],"relics":["Cracked Core","Oddly Smooth Stone","Bag of Marbles","Odd Mushroom"],"card_choices":[{"not_picked":["Buffer","Stack"],"picked":"Impulse","floor":1},{"not_picked":["Rebound","Leap"],"picked":"Streamline","floor":3},{"not_picked":["Auto Shields","Leap"],"picked":"Consume","floor":4},{"not_picked":["Axe Kick","Sweeping Beam"],"picked":"Defragment","floor":7},{"not_picked":["Heatsinks","Force Field"],"picked":"Machine Learning","floor":11},{"not_picked":["Beam Cell","Impulse"],"picked":"Genetic Algorithm","floor":12},{"not_picked":["Chaos","Axe Kick"],"picked":"Capacitor","floor":13}],"player_experience":329722,"potions_floor_usage":[13,13],"damage_taken":[{"damage":0,"enemies":"Small Slimes","floor":1,"turns":3},{"damage":0,"enemies":"2 Louse","floor":3,"turns":2},{"damage":6,"enemies":"Cultist","floor":4,"turns":3},{"damage":50,"enemies":"Lagavulin","floor":7,"turns":7},{"damage":12,"enemies":"Large Slime","floor":11,"turns":6},{"damage":19,"enemies":"Blue Slaver","floor":12,"turns":3},{"damage":24,"enemies":"The Mushroom Lair","floor":13,"turns":4},{"damage":37,"enemies":"Hexaghost","floor":16,"turns":9}],"event_choices":[{"event_name":"World of Goop","player_choice":"Gather Gold","floor":2,"damage_taken":0},{"event_name":"Mushrooms","player_choice":"Fought Mushrooms","floor":13,"damage_taken":0},{"event_name":"Bonfire Elementals","player_choice":"BASIC","floor":14,"damage_taken":0}],"boss_relics":[],"potions_floor_spawned":[4,7,13],"seed_played":"8843591084610506219","killed_by":"Hexaghost","ascension_level":0,"is_trial":false}