{"gold_per_floor":[116,116,391,409,131,157,157,190,190,190,190,43,63,83,83,185,185,185,185,185,185,26,26,26,26,26,26,26,26,26,26,26,26,26,26,26,26,26,26,26,26,26,26,0,0,0,0,0,0,0],"floor_reached":51,"playtime":1885,"items_purged":["Regret","Strike_B"],"score":986,"play_id":"ae66eb30-1e30-45fd-aebc-25962afecd73","local_time":"20190302120449","is_ascension_mode":true,"campfire_choices":[{"data":"Sunder","floor":7.0,"key":"SMITH"},{"data":"Zap","floor":11.0,"key":"SMITH"},{"data":"Dualcast","floor":15.0,"key":"SMITH"},{"data":"Electrodynamics","floor":23,"key":"SMITH"},{"floor":25,"key":"REST"},{"data":"Hologram","floor":30,"key":"SMITH"},{"data":"White Noise","floor":32,"key":"SMITH"},{"data":"Biased Cognition","floor":40,"key":"SMITH"},{"floor":49,"key":"REST"}],"neow_cost":"NONE","seed_source_timestamp":306226685920909,"circlet_count":0,"master_deck":["Strike_B+1","Defend_B+1","Defend_B+1","Defend_B+1","Defend_B+1","Zap+1","Dualcast+1","Rebound+1","Consume+1","Sunder+1","Chill+1","Loop+1","Conserve Battery+1","Beam Cell+1","Leap+1","Electrodynamics+1","Hologram+1","Ball Lightning+1","Thunder Strike+1","White Noise+1","Glacier+1","Tempest+1","Skim+1","Biased Cognition+1","Zap+1","Cold Snap+1","Echo Form+1","Static Discharge+1"],"special_seed":0,"relics":["Cracked Core","NeowsBlessing","Blue Candle","Ancient Tea Set","Regal Pillow","Ectoplasm","FossilizedHelix","Darkstone Periapt","Pear","Anchor","Nloth\u0027s Gift","Busted Crown","Art of War","Red Mask","Frozen Egg 2","Mark of the Bloom"],"potions_floor_usage":[19,19,31,31,46,47,47],"damage_taken":[{"damage":0.0,"enemies":"Small Slimes","floor":1.0,"turns":1.0},{"damage":0.0,"enemies":"2 Louse","floor":4.0,"turns":1.0},{"damage":0.0,"enemies":"Lagavulin","floor":6.0,"turns":2.0},{"damage":6.0,"enemies":"Gremlin Nob","floor":8.0,"turns":3.0},{"damage":0.0,"enemies":"Cultist","floor":13.0,"turns":2.0},{"damage":8.0,"enemies":"Blue Slaver","floor":14.0,"turns":2.0},{"damage":50.0,"enemies":"Hexaghost","floor":16.0,"turns":11.0},{"damage":0.0,"enemies":"Chosen","floor":18.0,"turns":3.0},{"damage":23,"enemies":"Colosseum Slavers","floor":19,"turns":5},{"damage":20,"enemies":"Colosseum Nobs","floor":19,"turns":4},{"damage":0,"enemies":"3 Byrds","floor":21,"turns":4},{"damage":24,"enemies":"Slavers","floor":24,"turns":4},{"damage":0,"enemies":"Cultist and Chosen","floor":28,"turns":4},{"damage":0,"enemies":"Centurion and Healer","floor":29,"turns":5},{"damage":0,"enemies":"Shelled Parasite and Fungi","floor":31,"turns":3},{"damage":53,"enemies":"Automaton","floor":33,"turns":8},{"damage":0,"enemies":"3 Shapes","floor":35,"turns":2},{"damage":0,"enemies":"3 Darklings","floor":39,"turns":3},{"damage":0,"enemies":"Jaw Worm Horde","floor":42,"turns":4},{"damage":0,"enemies":"4 Shapes","floor":46,"turns":3},{"damage":12,"enemies":"Reptomancer","floor":47,"turns":4},{"damage":31,"enemies":"Time Eater","floor":50,"turns":9}],"seed_played":"-4043776543663265012","potions_obtained":[{"floor":4.0,"key":"Weak Potion"},{"floor":8.0,"key":"GamblersBrew"},{"floor":14.0,"key":"AttackPotion"},{"floor":16.0,"key":"FocusPotion"},{"floor":24,"key":"Swift Potion"},{"floor":28,"key":"SkillPotion"},{"floor":31,"key":"Weak Potion"},{"floor":33,"key":"PowerPotion"},{"floor":35,"key":"Regen Potion"}],"is_trial":false,"path_per_floor":["M","?","?","M","$","E","R","E","T","?","R","$","M","M","R","B",null,"M","?","?","M","$","R","E","R","T","?","M","M","R","M","R","B",null,"M","?","?","?","M","R","?","M","T","?","T","M","E","?","R","B",null],"character_chosen":"DEFECT","items_purchased":["Sunder","Chill","Block Potion","Conserve Battery","Thunder Strike"],"campfire_rested":2,"item_purchase_floors":[5,5,5,12,22],"current_hp_per_floor":[75,68,68,68,68,68,68,62,62,62,62,62,62,54,54,4,75,75,32,32,32,32,32,18,58,58,58,58,58,58,58,58,5,85,85,85,75,75,75,75,75,75,75,75,75,75,72,72,72,41],"gold":0,"neow_bonus":"THREE_ENEMY_KILL","is_prod":false,"is_daily":false,"chose_seed":false,"campfire_upgraded":7,"win_rate":0,"timestamp":1551524689,"path_taken":["M","?","?","?","$","E","R","E","T","?","R","$","M","M","R","BOSS","M","?","?","?","?","R","E","R","T","?","M","?","R","M","R","BOSS","M","?","?","?","?","R","?","?","T","?","?","M","E","?","R","BOSS"],"build_version":"2019-01-23","purchased_purges":2,"victory":true,"max_hp_per_floor":[75,75,75,75,75,75,75,75,75,75,75,75,75,75,75,75,75,75,75,75,75,75,75,85,85,85,85,85,85,85,85,85,85,85,85,85,85,85,85,85,85,85,85,85,85,85,85,85,85,85],"card_choices":[{"not_picked":["Compile Driver","Rip and Tear"],"picked":"Rebound","floor":1.0},{"not_picked":["Leap","Recycle"],"picked":"Consume","floor":4.0},{"not_picked":["Melter","Stack","Barrage"],"picked":"SKIP","floor":6.0},{"not_picked":["Compile Driver","Scrape"],"picked":"Loop","floor":8.0},{"not_picked":["Streamline","Heatsinks"],"picked":"Beam Cell","floor":13.0},{"not_picked":["Hologram","Tempest"],"picked":"Leap","floor":14.0},{"not_picked":["Rainbow","Hyperbeam"],"picked":"Electrodynamics","floor":16.0},{"not_picked":["Steam","Gash+1"],"picked":"Hologram","floor":18.0},{"not_picked":["Hologram","Recycle"],"picked":"Ball Lightning","floor":21},{"not_picked":["Consume","Barrage"],"picked":"White Noise","floor":24},{"not_picked":["Recycle","Sunder"],"picked":"Glacier","floor":28},{"not_picked":["Streamline+1","Go for the Eyes"],"picked":"Tempest","floor":29},{"not_picked":["Reprogram","Redo"],"picked":"Skim+1","floor":31},{"not_picked":["Fission","Rainbow"],"picked":"Biased Cognition","floor":33},{"not_picked":["Go for the Eyes+1"],"picked":"SKIP","floor":35},{"not_picked":["Ball Lightning"],"picked":"SKIP","floor":39},{"not_picked":["Barrage+1"],"picked":"SKIP","floor":42},{"not_picked":[],"picked":"Echo Form+1","floor":46},{"not_picked":[],"picked":"Static Discharge+1","floor":47}],"player_experience":298424,"relics_obtained":[{"floor":6.0,"key":"Blue Candle"},{"floor":8.0,"key":"Ancient Tea Set"},{"floor":9.0,"key":"Sundial"},{"floor":19,"key":"FossilizedHelix"},{"floor":19,"key":"Darkstone Periapt"},{"floor":24,"key":"Pear"},{"floor":26,"key":"Anchor"},{"floor":43,"key":"Art of War"},{"floor":45,"key":"Frozen Egg 2"}],"event_choices":[{"cards_removed":["Strike_B"],"damage_healed":0.0,"max_hp_gain":0.0,"max_hp_loss":0.0,"gold_gain":0.0,"event_name":"Golden Wing","player_choice":"Card Removal","floor":2.0,"gold_loss":0.0,"damage_taken":7.0},{"damage_healed":0.0,"max_hp_gain":0.0,"max_hp_loss":0.0,"gold_gain":275.0,"event_name":"Golden Shrine","player_choice":"Desecrate","floor":3.0,"gold_loss":0.0,"damage_taken":0.0,"cards_obtained":["Regret"]},{"damage_healed":0.0,"max_hp_gain":0.0,"max_hp_loss":0.0,"gold_gain":0.0,"event_name":"WeMeetAgain","player_choice":"Gave Potion","floor":10.0,"gold_loss":0.0,"damage_taken":0.0,"relics_obtained":["Regal Pillow"]},{"damage_healed":0,"gold_gain":0,"player_choice":"Fight","damage_taken":0,"max_hp_gain":0,"max_hp_loss":0,"event_name":"Colosseum","floor":19,"gold_loss":0},{"damage_healed":0,"gold_gain":0,"player_choice":"Fought Nobs","damage_taken":0,"max_hp_gain":0,"max_hp_loss":0,"event_name":"Colosseum","floor":19,"gold_loss":0},{"damage_healed":0,"gold_gain":99,"player_choice":"Stole From Cult","damage_taken":0,"max_hp_gain":0,"max_hp_loss":0,"event_name":"Nest","floor":20,"gold_loss":0},{"damage_healed":0,"gold_gain":0,"player_choice":"Traded Relic","damage_taken":0,"relics_obtained":["Nloth\u0027s Gift"],"max_hp_gain":0,"max_hp_loss":0,"event_name":"N\u0027loth","floor":27,"relics_lost":["Sundial"],"gold_loss":0},{"cards_removed":["Strike_B"],"damage_healed":0,"gold_gain":0,"player_choice":"Removed Attack","damage_taken":0,"max_hp_gain":0,"max_hp_loss":0,"event_name":"Falling","floor":36,"gold_loss":0},{"damage_healed":0,"gold_gain":0,"player_choice":"Memory 3","damage_taken":10,"max_hp_gain":0,"max_hp_loss":0,"event_name":"SensoryStone","floor":37,"gold_loss":0},{"damage_healed":0,"gold_gain":0,"player_choice":"Forge","damage_taken":0,"max_hp_gain":0,"max_hp_loss":0,"event_name":"Accursed Blacksmith","floor":38,"gold_loss":0,"cards_upgraded":["Thunder Strike"]},{"damage_healed":0,"gold_gain":0,"player_choice":"2 cards matched","damage_taken":0,"max_hp_gain":0,"max_hp_loss":0,"event_name":"Match and Keep!","floor":41,"gold_loss":0,"cards_obtained":["Zap","Cold Snap"]},{"damage_healed":0,"gold_gain":0,"player_choice":"Paid","damage_taken":0,"relics_obtained":["Red Mask"],"max_hp_gain":0,"max_hp_loss":0,"event_name":"Tomb of Lord Red Mask","floor":44,"gold_loss":26},{"damage_healed":0,"gold_gain":0,"player_choice":"Upgrade","damage_taken":0,"relics_obtained":["Mark of the Bloom"],"max_hp_gain":0,"max_hp_loss":0,"event_name":"MindBloom","floor":48,"gold_loss":0,"cards_upgraded":["Strike_B","Defend_B","Defend_B","Defend_B","Defend_B","Rebound","Consume","Chill","Loop","Conserve Battery","Beam Cell","Leap","Ball Lightning","Glacier","Tempest","Zap","Cold Snap"]}],"is_beta":false,"boss_relics":[{"not_picked":["Nuclear Battery","Runic Pyramid"],"picked":"Ectoplasm"},{"not_picked":["Coffee Dripper","Eternal Feather"],"picked":"Busted Crown"}],"items_purged_floors":[5,12],"is_endless":false,"potions_floor_spawned":[4,8,14,16,24,28,31,33,35],"ascension_level":4}