{"gold_per_floor":[109,121,140,155,230,230,263,280,307,307,307,339,339,358,358,432,432,445,457,382,382,402,402,431,431,431,431],"floor_reached":27,"playtime":1331,"items_purged":[],"score":486,"play_id":"929be097-c9b4-4e72-abf2-3cdfcab3626d","local_time":"20190304100219","is_ascension_mode":true,"campfire_choices":[{"data":"Zap","floor":6,"key":"SMITH"},{"floor":11,"key":"REST"},{"data":"Barrage","floor":15,"key":"SMITH"},{"data":"Electrodynamics","floor":23,"key":"SMITH"},{"floor":25,"key":"REST"}],"neow_cost":"NONE","seed_source_timestamp":258891353055321,"circlet_count":0,"master_deck":["AscendersBane","Strike_B","Strike_B","Strike_B","Defend_B","Defend_B","Defend_B","Defend_B","Zap+1","Dualcast","Chill","Barrage+1","Ball Lightning","Coolheaded+1","Hologram","Doom and Gloom","Electrodynamics+1","FTL","Ball Lightning","Undo","Cold Snap+1"],"relics":["Cracked Core","Kunai","Juzu Bracelet","PreservedInsect","Inserter","Oddly Smooth Stone","Ice Cream"],"potions_floor_usage":[7,12,16,18,27],"damage_taken":[{"damage":4,"enemies":"Small Slimes","floor":1,"turns":3},{"damage":2,"enemies":"Jaw Worm","floor":2,"turns":3},{"damage":0,"enemies":"Cultist","floor":3,"turns":4},{"damage":0,"enemies":"3 Louse","floor":4,"turns":4},{"damage":27,"enemies":"Lagavulin","floor":7,"turns":10},{"damage":10,"enemies":"Large Slime","floor":8,"turns":6},{"damage":9,"enemies":"3 Sentries","floor":12,"turns":7},{"damage":0,"enemies":"2 Fungi Beasts","floor":14,"turns":2},{"damage":15,"enemies":"Slime Boss","floor":16,"turns":6},{"damage":19,"enemies":"2 Thieves","floor":18,"turns":4},{"damage":0,"enemies":"Spheric Guardian","floor":19,"turns":1},{"damage":33,"enemies":"Shelled Parasite and Fungi","floor":22,"turns":6},{"damage":36,"enemies":"Gremlin Leader","floor":24,"turns":4},{"damage":35,"enemies":"Book of Stabbing","floor":27,"turns":5}],"seed_played":"-6834405220618413249","potions_obtained":[{"floor":3,"key":"GamblersBrew"},{"floor":4,"key":"SkillPotion"},{"floor":7,"key":"Block Potion"},{"floor":8,"key":"PowerPotion"},{"floor":12,"key":"AttackPotion"},{"floor":18,"key":"Ancient Potion"},{"floor":24,"key":"EssenceOfSteel"}],"is_trial":false,"path_per_floor":["M","M","M","M","?","R","E","M","T","?","R","E","?","M","R","B",null,"M","M","?","?","M","R","E","R","T","E"],"character_chosen":"DEFECT","items_purchased":[],"campfire_rested":2,"item_purchase_floors":[],"current_hp_per_floor":[67,65,65,65,54,54,27,17,17,6,29,20,20,20,20,5,60,41,41,41,78,45,45,9,32,32,0],"gold":431,"neow_bonus":"TEN_PERCENT_HP_BONUS","is_prod":false,"is_daily":false,"chose_seed":false,"campfire_upgraded":3,"win_rate":0,"timestamp":1551711739,"path_taken":["M","M","M","M","?","R","E","M","T","?","R","E","?","M","R","BOSS","M","M","?","?","M","R","E","R","T","E"],"build_version":"2019-01-23","purchased_purges":0,"victory":false,"max_hp_per_floor":[78,78,78,78,78,78,78,78,78,78,78,78,78,78,78,78,78,78,78,78,78,78,78,78,78,78,78],"card_choices":[{"not_picked":["Leap","Beam Cell"],"picked":"Chill","floor":1},{"not_picked":["Melter","BootSequence"],"picked":"Barrage","floor":2},{"not_picked":["Beam Cell","Aggregate","Scrape"],"picked":"SKIP","floor":3},{"not_picked":["Redo","Reprogram"],"picked":"Melter","floor":4},{"not_picked":["Amplify","Chill"],"picked":"Ball Lightning","floor":7},{"not_picked":["Capacitor","Recycle"],"picked":"Coolheaded","floor":8},{"not_picked":["Aggregate","Hello World"],"picked":"Hologram","floor":12},{"not_picked":["Aggregate","Compile Driver"],"picked":"Doom and Gloom","floor":14},{"not_picked":["Core Surge","Fission"],"picked":"Electrodynamics","floor":16},{"not_picked":["Tempest","Skim"],"picked":"FTL","floor":18},{"not_picked":["Sweeping Beam","Stack"],"picked":"Ball Lightning","floor":19},{"not_picked":["Sweeping Beam","Stack"],"picked":"Undo","floor":22},{"not_picked":["Hello World","Rebound"],"picked":"Cold Snap+1","floor":24}],"player_experience":738417,"relics_obtained":[{"floor":7,"key":"Kunai"},{"floor":9,"key":"Juzu Bracelet"},{"floor":12,"key":"PreservedInsect"},{"floor":24,"key":"Oddly Smooth Stone"},{"floor":26,"key":"Ice Cream"}],"event_choices":[{"damage_healed":0,"gold_gain":75,"player_choice":"Gather Gold","damage_taken":11,"max_hp_gain":0,"max_hp_loss":0,"event_name":"World of Goop","floor":5,"gold_loss":0},{"damage_healed":0,"gold_gain":0,"player_choice":"Fled","damage_taken":11,"max_hp_gain":0,"max_hp_loss":0,"event_name":"Scrap Ooze","floor":10,"gold_loss":0},{"damage_healed":0,"gold_gain":0,"player_choice":"Grow","damage_taken":0,"max_hp_gain":0,"max_hp_loss":0,"event_name":"Living Wall","floor":13,"gold_loss":0,"cards_upgraded":["Coolheaded"]},{"cards_removed":["Strike_B"],"damage_healed":0,"gold_gain":0,"player_choice":"Gave Gold","damage_taken":0,"max_hp_gain":0,"max_hp_loss":0,"event_name":"Beggar","floor":20,"gold_loss":75},{"cards_removed":["Melter"],"damage_healed":37,"gold_gain":0,"player_choice":"Offered Uncommon","damage_taken":0,"max_hp_gain":0,"max_hp_loss":0,"event_name":"Bonfire Elementals","floor":21,"gold_loss":0}],"is_beta":false,"boss_relics":[{"not_picked":["Eternal Feather","Philosopher\u0027s Stone"],"picked":"Inserter"}],"items_purged_floors":[],"is_endless":false,"potions_floor_spawned":[3,4,7,8,12,18,24],"killed_by":"Book of Stabbing","ascension_level":20}