{"gold_per_floor":[119,119,132,132,24,62,81,152,224,267,342,140,160,181,181,306,306,330,10,10,10,85,85,109,109,188,202,38,79,79,103,103,231,231,254,254,254,269,289,329,345,381,381,381,395,23,72,85,85,85],"floor_reached":51,"playtime":5187,"items_purged":["Defend_B","Injury","Strike_B","Strike_B"],"score":796,"play_id":"f92606dd-6435-4eae-827f-0d1bf1333ca8","local_time":"20190226204356","is_ascension_mode":true,"campfire_choices":[{"data":"Defragment","floor":15.0,"key":"SMITH"},{"data":"Echo Form","floor":23.0,"key":"SMITH"},{"data":"Hologram","floor":25.0,"key":"SMITH"},{"floor":30.0,"key":"REST"},{"data":"Defragment","floor":32.0,"key":"SMITH"},{"floor":49,"key":"REST"}],"neow_cost":"NONE","seed_source_timestamp":0,"circlet_count":0,"master_deck":["Strike_B","Strike_B","Defend_B","Defend_B","Defend_B","Zap","Dualcast","Streamline+1","Gash+1","Sunder","Glacier","Defragment+1","Consume","Hologram+1","Self Repair","Cold Snap","Biased Cognition","Echo Form+1","Melter","Go for the Eyes","Defragment+1","Gash+1","Undo+1","Self Repair+1","Machine Learning","Electrodynamics","Hologram+1","Loop+1","Gash+1","Leap+1","Defragment"],"special_seed":0,"relics":["Cracked Core","NeowsBlessing","Golden Idol","Lantern","Pear","Singing Bowl","Ornamental Fan","White Beast Statue","Membership Card","Matryoshka","Potion Belt","Toxic Egg 2","StoneCalendar","Inserter","The Courier","Gremlin Horn","Whetstone","Frozen Egg 2","Shuriken","Meat on the Bone","Oddly Smooth Stone"],"potions_floor_usage":[45,48,50,50,50],"damage_taken":[{"damage":0.0,"enemies":"Jaw Worm","floor":1.0,"turns":1.0},{"damage":0.0,"enemies":"Cultist","floor":3.0,"turns":1.0},{"damage":0.0,"enemies":"Lagavulin","floor":6.0,"turns":1.0},{"damage":0.0,"enemies":"2 Louse","floor":7.0,"turns":2.0},{"damage":25.0,"enemies":"Gremlin Nob","floor":8.0,"turns":6.0},{"damage":7.0,"enemies":"3 Sentries","floor":10.0,"turns":6.0},{"damage":8.0,"enemies":"Looter","floor":13.0,"turns":2.0},{"damage":0.0,"enemies":"Large Slime","floor":14.0,"turns":5.0},{"damage":9.0,"enemies":"Hexaghost","floor":16.0,"turns":16.0},{"damage":12.0,"enemies":"Chosen","floor":18.0,"turns":6.0},{"damage":1.0,"enemies":"2 Thieves","floor":24.0,"turns":2.0},{"damage":23.0,"enemies":"3 Cultists","floor":27.0,"turns":6.0},{"damage":44.0,"enemies":"Slavers","floor":29.0,"turns":8.0},{"damage":2.0,"enemies":"Centurion and Healer","floor":31.0,"turns":9.0},{"damage":17.0,"enemies":"Champ","floor":33.0,"turns":15.0},{"damage":29.0,"enemies":"3 Darklings","floor":35.0,"turns":7.0},{"damage":11.0,"enemies":"3 Shapes","floor":38.0,"turns":5.0},{"damage":49.0,"enemies":"Transient","floor":39.0,"turns":5.0},{"damage":17.0,"enemies":"Giant Head","floor":40.0,"turns":12.0},{"damage":6,"enemies":"Jaw Worm Horde","floor":41,"turns":5},{"damage":51,"enemies":"Reptomancer","floor":42,"turns":7},{"damage":18,"enemies":"Sphere and 2 Shapes","floor":45,"turns":4},{"damage":2,"enemies":"3 Darklings","floor":48,"turns":6},{"damage":72,"enemies":"Time Eater","floor":50,"turns":13}],"seed_played":"-9127702399987582951","potions_obtained":[{"floor":3.0,"key":"Explosive Potion"},{"floor":7.0,"key":"Strength Potion"},{"floor":10.0,"key":"LiquidBronze"},{"floor":13.0,"key":"EssenceOfSteel"},{"floor":18.0,"key":"Fire Potion"},{"floor":24.0,"key":"Energy Potion"},{"floor":27.0,"key":"SkillPotion"},{"floor":29.0,"key":"Weak Potion"},{"floor":31.0,"key":"Strength Potion"},{"floor":33.0,"key":"LiquidBronze"},{"floor":35.0,"key":"SkillPotion"},{"floor":38.0,"key":"Poison Potion"},{"floor":39.0,"key":"FearPotion"},{"floor":40,"key":"FearPotion"},{"floor":41,"key":"Ancient Potion"},{"floor":42,"key":"Block Potion"},{"floor":45,"key":"FocusPotion"},{"floor":48,"key":"Swift Potion"}],"is_trial":false,"path_per_floor":["M","?","M","?","$","E","M","?","T","E","?","$","M","M","R","B",null,"M","$","?","T","?","R","M","R","T","M","$","E","R","M","R","B",null,"M","?","?","M","M","E","M","E","T","?","M","$","T","M","R","B",null],"character_chosen":"DEFECT","items_purchased":["Sunder","Glacier","FocusPotion","Cold Snap","Melter","Membership Card","Regen Potion","Defragment","Gash","Undo+1","PowerPotion","Frozen Egg 2","Shuriken","Meat on the Bone"],"campfire_rested":2,"item_purchase_floors":[5,5,12,12,19,19,19,28,28,28,28,46,46,46],"current_hp_per_floor":[75,75,75,75,75,75,75,60,60,53,42,42,41,50,50,41,87,84,84,84,84,76,76,75,75,75,76,76,39,66,81,81,64,91,89,89,89,91,59,61,62,28,28,28,20,20,20,49,77,17],"gold":85,"neow_bonus":"THREE_ENEMY_KILL","is_prod":false,"is_daily":false,"chose_seed":false,"campfire_upgraded":4,"win_rate":0,"timestamp":1551174236,"path_taken":["M","?","?","?","$","E","M","?","T","E","?","$","M","M","R","BOSS","M","$","?","?","?","R","M","R","T","M","$","E","R","?","R","BOSS","M","?","?","M","M","E","M","E","T","?","M","?","?","M","R","BOSS"],"build_version":"2019-01-23","purchased_purges":4,"victory":true,"max_hp_per_floor":[75,75,75,75,75,75,75,85,85,85,85,85,85,87,87,87,87,89,89,89,89,89,89,89,89,89,91,91,91,91,91,91,91,91,91,91,91,91,91,93,93,93,93,93,93,93,93,95,95,95],"card_choices":[{"not_picked":["Stack","Compile Driver"],"picked":"Streamline","floor":1.0},{"not_picked":["Stack","Go for the Eyes"],"picked":"Gash","floor":3.0},{"not_picked":["Fusion","Leap"],"picked":"Defragment","floor":6.0},{"not_picked":["Scrape","Go for the Eyes"],"picked":"Consume","floor":7.0},{"not_picked":["Beam Cell","BootSequence"],"picked":"Hologram","floor":8.0},{"not_picked":["Rebound","Coolheaded"],"picked":"Self Repair","floor":10.0},{"not_picked":["Coolheaded","Barrage"],"picked":"Biased Cognition","floor":13.0},{"not_picked":["Rip and Tear","Stack","Rebound"],"picked":"Singing Bowl","floor":14.0},{"not_picked":["All For One","Multi-Cast"],"picked":"Echo Form","floor":16.0},{"not_picked":["Stack","Fusion","Turbo+1"],"picked":"Singing Bowl","floor":18.0},{"not_picked":["Sunder+1","Turbo+1"],"picked":"Go for the Eyes","floor":24.0},{"not_picked":["Coolheaded+1","Compile Driver+1","Skim+1"],"picked":"Singing Bowl","floor":27.0},{"not_picked":["Chill+1","Gash"],"picked":"Self Repair+1","floor":29.0},{"not_picked":["Self Repair","Coolheaded+1"],"picked":"Machine Learning","floor":31.0},{"not_picked":["Multi-Cast+1","All For One"],"picked":"Electrodynamics","floor":33.0},{"not_picked":["Conserve Battery+1","Self Repair+1"],"picked":"Force Field+1","floor":35.0},{"not_picked":["Sweeping Beam","Stack+1"],"picked":"Hologram+1","floor":38.0},{"not_picked":["Beam Cell","Rebound+1"],"picked":"Loop+1","floor":39.0},{"not_picked":["Stack+1","Compile Driver","Turbo+1"],"picked":"Singing Bowl","floor":40},{"not_picked":["Steam Power+1","Reinforced Body+1"],"picked":"Gash+1","floor":41},{"not_picked":["Aggregate+1","Machine Learning"],"picked":"Leap+1","floor":42},{"not_picked":["Capacitor+1","Turbo+1"],"picked":"Defragment","floor":45},{"not_picked":["Go for the Eyes+1","Recycle+1","Cold Snap"],"picked":"Singing Bowl","floor":48}],"player_experience":177882,"relics_obtained":[{"floor":6.0,"key":"Lantern"},{"floor":8.0,"key":"Pear"},{"floor":9.0,"key":"Singing Bowl"},{"floor":10.0,"key":"Ornamental Fan"},{"floor":21.0,"key":"Matryoshka"},{"floor":26.0,"key":"Potion Belt"},{"floor":26.0,"key":"Toxic Egg 2"},{"floor":29.0,"key":"StoneCalendar"},{"floor":40,"key":"The Courier"},{"floor":42,"key":"Gremlin Horn"},{"floor":43,"key":"Whetstone"},{"floor":47,"key":"Oddly Smooth Stone"}],"event_choices":[{"damage_healed":0.0,"max_hp_gain":0.0,"max_hp_loss":0.0,"gold_gain":0.0,"event_name":"Upgrade Shrine","player_choice":"Upgraded","floor":2.0,"gold_loss":0.0,"damage_taken":0.0,"cards_upgraded":["Streamline"]},{"damage_healed":0.0,"max_hp_gain":0.0,"max_hp_loss":0.0,"gold_gain":0.0,"event_name":"Golden Idol","player_choice":"Take Wound","floor":4.0,"gold_loss":0.0,"damage_taken":0.0,"relics_obtained":["Golden Idol"],"cards_obtained":["Injury"]},{"damage_healed":0.0,"max_hp_gain":0.0,"max_hp_loss":0.0,"gold_gain":30.0,"event_name":"Dead Adventurer","player_choice":"Searched \u00272\u0027 times","floor":8.0,"gold_loss":0.0,"damage_taken":0.0},{"damage_healed":0.0,"max_hp_gain":0.0,"max_hp_loss":0.0,"gold_gain":75.0,"event_name":"World of Goop","player_choice":"Gather Gold","floor":11.0,"gold_loss":0.0,"damage_taken":11.0},{"damage_healed":0.0,"max_hp_gain":0.0,"max_hp_loss":0.0,"gold_gain":0.0,"event_name":"Vampires","player_choice":"Ignored","floor":20.0,"gold_loss":0.0,"damage_taken":0.0},{"damage_healed":0.0,"max_hp_gain":0.0,"max_hp_loss":0.0,"gold_gain":75.0,"event_name":"FaceTrader","player_choice":"Touch","floor":22.0,"gold_loss":0.0,"damage_taken":8.0},{"damage_healed":0.0,"max_hp_gain":0.0,"max_hp_loss":0.0,"gold_gain":0.0,"event_name":"Tomb of Lord Red Mask","player_choice":"Ignored","floor":36.0,"gold_loss":0.0,"damage_taken":0.0},{"damage_healed":0.0,"max_hp_gain":0.0,"max_hp_loss":0.0,"gold_gain":0.0,"event_name":"The Moai Head","player_choice":"Ignored","floor":37.0,"gold_loss":0.0,"damage_taken":0.0},{"cards_removed":["Force Field"],"damage_healed":0,"gold_gain":0,"player_choice":"Removed Skill","damage_taken":0,"max_hp_gain":0,"max_hp_loss":0,"event_name":"Falling","floor":44,"gold_loss":0}],"is_beta":false,"boss_relics":[{"not_picked":["Busted Crown","Runic Dome"],"picked":"White Beast Statue"},{"not_picked":["Coffee Dripper","Orrery"],"picked":"Inserter"}],"items_purged_floors":[12,19,28,46],"is_endless":false,"potions_floor_spawned":[3,7,10,13,14,18,24,27,29,31,33,35,38,39,40,41,42,45,48],"ascension_level":1}