{"gold_per_floor":[114,126,19,19,19,19,32,66,92,92,108,135,135,147,147,147],"floor_reached":16,"playtime":876,"items_purged":[],"score":204,"play_id":"46c995a9-9af9-4fad-8dcb-ff851df080dc","local_time":"20190502223246","is_ascension_mode":true,"campfire_choices":[{"data":"Acrobatics","floor":6.0,"key":"SMITH"},{"floor":10.0,"key":"REST"},{"floor":13.0,"key":"REST"},{"floor":15,"key":"REST"}],"neow_cost":"NONE","seed_source_timestamp":1820093494699932,"circlet_count":0,"master_deck":["AscendersBane","Defend_G","Defend_G","Defend_G","Defend_G","Defend_G","Strike_G","Strike_G","Strike_G","Strike_G","Strike_G","Survivor","Neutralize","Backflip","Acrobatics+1","Backstab","Reflex","Die Die Die","Footwork","Prepared","Calculated Gamble","Well Laid Plans","Escape Plan"],"special_seed":0,"relics":["Ring of the Snake","Dream Catcher","Potion Belt","Pen Nib","The Specimen"],"potions_floor_usage":[],"damage_taken":[{"damage":8.0,"enemies":"Jaw Worm","floor":1.0,"turns":7.0},{"damage":0.0,"enemies":"2 Louse","floor":2.0,"turns":4.0},{"damage":1.0,"enemies":"Cultist","floor":7.0,"turns":4.0},{"damage":25.0,"enemies":"3 Sentries","floor":8.0,"turns":15.0},{"damage":2.0,"enemies":"Exordium Thugs","floor":11.0,"turns":8.0},{"damage":34.0,"enemies":"Gremlin Nob","floor":12.0,"turns":5.0},{"damage":12,"enemies":"Large Slime","floor":14,"turns":10},{"damage":48,"enemies":"Slime Boss","floor":16,"turns":11}],"seed_played":"-4429215498644024729","potions_obtained":[{"floor":7.0,"key":"Swift Potion"},{"floor":11.0,"key":"GamblersBrew"}],"is_trial":false,"path_per_floor":["M","M","$","?","?","R","M","E","T","R","M","E","R","M","R","B"],"character_chosen":"THE_SILENT","items_purchased":["Acrobatics","Backstab"],"campfire_rested":3,"item_purchase_floors":[3,3],"current_hp_per_floor":[51,51,51,56,56,56,55,30,30,51,49,15,36,24,45,0],"gold":147,"neow_bonus":"RANDOM_COMMON_RELIC","is_prod":false,"is_daily":false,"chose_seed":false,"campfire_upgraded":1,"win_rate":0,"timestamp":1556803966,"path_taken":["M","M","$","?","?","R","M","E","T","R","?","E","R","M","R","BOSS"],"build_version":"2019-01-23","purchased_purges":0,"victory":false,"max_hp_per_floor":[66,66,66,71,71,71,71,71,71,71,71,71,71,71,71,71],"card_choices":[{"not_picked":["Bane","Quick Slash","Choke"],"picked":"SKIP","floor":1.0},{"not_picked":["Underhanded Strike","Deflect"],"picked":"Backflip","floor":2.0},{"not_picked":["Acrobatics","Expertise"],"picked":"Reflex","floor":7.0},{"not_picked":["Backflip","Blade Dance"],"picked":"Die Die Die","floor":8.0},{"not_picked":["Slice","Endless Agony"],"picked":"Footwork","floor":10.0},{"not_picked":["Sucker Punch","Bane","Flying Knee"],"picked":"SKIP","floor":11.0},{"not_picked":["Blade Dance","Finisher"],"picked":"Prepared","floor":12.0},{"not_picked":["Bane","Glass Knife"],"picked":"Calculated Gamble","floor":13.0},{"not_picked":["Outmaneuver","Slice"],"picked":"Well Laid Plans","floor":14},{"not_picked":["Backflip","Dagger Spray"],"picked":"Escape Plan","floor":15}],"player_experience":738475,"relics_obtained":[{"floor":8.0,"key":"Potion Belt"},{"floor":9.0,"key":"Pen Nib"},{"floor":12.0,"key":"The Specimen"}],"event_choices":[{"damage_healed":0.0,"max_hp_gain":5.0,"max_hp_loss":0.0,"gold_gain":0.0,"event_name":"Big Fish","player_choice":"Donut","floor":4.0,"gold_loss":0.0,"damage_taken":0.0},{"damage_healed":0.0,"max_hp_gain":0.0,"max_hp_loss":0.0,"gold_gain":0.0,"event_name":"Scrap Ooze","player_choice":"Fled","floor":5.0,"gold_loss":0.0,"damage_taken":0.0}],"is_beta":false,"boss_relics":[],"items_purged_floors":[],"is_endless":false,"potions_floor_spawned":[7,11],"killed_by":"Slime Boss","ascension_level":17}