{"gold_per_floor":[112,112,125,138,151,151,182,182,182,61,80,255,268,279,279,380,380,392,378,378,398,398,398,398],"floor_reached":24,"playtime":1752,"items_purged":["Hello World"],"score":250,"play_id":"ede609cd-06c7-4265-9c68-5ba88710b048","local_time":"20190416210136","daily_mods":["Draft","Specialized","Heirloom","Uncertain Future"],"is_ascension_mode":false,"campfire_choices":[{"data":"Capacitor","floor":6,"key":"SMITH"},{"data":"Defragment","floor":8,"key":"SMITH"},{"floor":15,"key":"REST"},{"floor":23,"key":"REST"}],"neow_cost":"","seed_source_timestamp":1456116991200,"circlet_count":0,"master_deck":["Hello World","Hello World","Hello World","Hello World","Coolheaded","Stack","Defragment+1","Capacitor+1","Force Field","Cold Snap","Compile Driver","Ball Lightning","Ball Lightning","Compile Driver","Conserve Battery","Defragment+1","Conserve Battery","Redo","Loop","Redo","Ball Lightning","Double Energy","Ball Lightning","Cold Snap","Loop","Barrage","Coolheaded","Turbo"],"relics":["Cracked Core","StoneCalendar","Ornamental Fan","Ginger","Busted Crown","Nilry\u0027s Codex"],"potions_floor_usage":[],"damage_taken":[{"damage":2,"enemies":"Jaw Worm","floor":1,"turns":3},{"damage":0,"enemies":"Cultist","floor":3,"turns":2},{"damage":0,"enemies":"Small Slimes","floor":4,"turns":2},{"damage":3,"enemies":"2 Fungi Beasts","floor":5,"turns":3},{"damage":26,"enemies":"3 Sentries","floor":7,"turns":5},{"damage":0,"enemies":"Exordium Wildlife","floor":11,"turns":3},{"damage":14,"enemies":"Exordium Thugs","floor":13,"turns":4},{"damage":2,"enemies":"3 Louse","floor":14,"turns":2},{"damage":26,"enemies":"The Guardian","floor":16,"turns":7},{"damage":10,"enemies":"Chosen","floor":18,"turns":3},{"damage":28,"enemies":"2 Thieves","floor":19,"turns":4},{"damage":17,"enemies":"Snecko","floor":21,"turns":7},{"damage":27,"enemies":"Slavers","floor":24,"turns":3}],"seed_played":"-8682300835881125561","potions_obtained":[{"floor":11,"key":"Explosive Potion"}],"is_trial":true,"path_per_floor":["M","?","M","M","M","R","E","R","T","$","M","?","M","M","R","B",null,"M","M","?","M","?","R","E"],"character_chosen":"DEFECT","items_purchased":["Cold Snap"],"campfire_rested":2,"item_purchase_floors":[10],"current_hp_per_floor":[73,73,73,73,70,70,44,44,44,44,44,44,30,28,50,24,75,65,37,21,4,4,26,0],"gold":398,"neow_bonus":"","is_prod":false,"is_daily":false,"chose_seed":false,"campfire_upgraded":2,"win_rate":0.0,"timestamp":1555405296,"path_taken":["M","?","M","?","M","R","E","R","T","$","M","?","M","M","R","BOSS","M","M","?","M","?","R","E"],"build_version":"2019-01-23","purchased_purges":1,"victory":false,"max_hp_per_floor":[75,75,75,75,75,75,75,75,75,75,75,75,75,75,75,75,75,75,75,75,75,75,75,75],"card_choices":[{"not_picked":["Rebound","Go for the Eyes"],"picked":"Coolheaded","floor":0},{"not_picked":["Sweeping Beam","Streamline"],"picked":"Stack","floor":0},{"not_picked":["Barrage","Skim"],"picked":"Defragment","floor":0},{"not_picked":["Lockon","Stack"],"picked":"Capacitor","floor":0},{"not_picked":["BootSequence","Stack"],"picked":"Force Field","floor":0},{"not_picked":["Rip and Tear","Scrape"],"picked":"Cold Snap","floor":0},{"not_picked":["Rip and Tear","Rebound"],"picked":"Compile Driver","floor":0},{"not_picked":["Barrage","Lockon"],"picked":"Ball Lightning","floor":0},{"not_picked":["Sweeping Beam","Cold Snap"],"picked":"Ball Lightning","floor":0},{"not_picked":["Melter","Sweeping Beam"],"picked":"Compile Driver","floor":0},{"not_picked":["Gash","Streamline"],"picked":"Conserve Battery","floor":0},{"not_picked":["Stack","Go for the Eyes"],"picked":"Defragment","floor":0},{"not_picked":["Scrape","Leap"],"picked":"Conserve Battery","floor":0},{"not_picked":["Force Field","Capacitor"],"picked":"Redo","floor":0},{"not_picked":["Capacitor","Conserve Battery"],"picked":"Loop","floor":0},{"not_picked":["Turbo","Rebound"],"picked":"Redo","floor":1},{"not_picked":["Leap","Stack"],"picked":"Ball Lightning","floor":3},{"not_picked":["Streamline","Self Repair"],"picked":"Double Energy","floor":4},{"not_picked":["Steam","Heatsinks"],"picked":"Ball Lightning","floor":5},{"not_picked":["Scrape","Leap","Force Field"],"picked":"SKIP","floor":7},{"not_picked":["Beam Cell","Steam"],"picked":"Loop","floor":11},{"not_picked":["Conserve Battery","Stack"],"picked":"Barrage","floor":13},{"not_picked":["All For One","Turbo"],"picked":"Coolheaded","floor":14},{"not_picked":["Leap"],"picked":"SKIP","floor":18},{"not_picked":[],"picked":"Turbo","floor":19},{"not_picked":["Streamline"],"picked":"SKIP","floor":21}],"player_experience":12272,"relics_obtained":[{"floor":7,"key":"Ornamental Fan"},{"floor":9,"key":"Ginger"},{"floor":20,"key":"Nilry\u0027s Codex"}],"event_choices":[{"damage_healed":0,"gold_gain":0,"player_choice":"Upgraded","damage_taken":0,"max_hp_gain":0,"max_hp_loss":0,"event_name":"Upgrade Shrine","floor":2,"gold_loss":0,"cards_upgraded":["Defragment"]},{"damage_healed":0,"gold_gain":175,"player_choice":"AGREE","damage_taken":0,"max_hp_gain":0,"max_hp_loss":0,"event_name":"Liars Game","floor":12,"gold_loss":0,"cards_obtained":["Doubt"]},{"damage_healed":0,"gold_gain":0,"player_choice":"Obtained Book","damage_taken":16,"max_hp_gain":0,"max_hp_loss":0,"event_name":"Cursed Tome","floor":20,"gold_loss":0},{"cards_removed":["Doubt"],"damage_healed":0,"gold_gain":0,"player_choice":"Removed Curses","damage_taken":0,"max_hp_gain":0,"max_hp_loss":0,"event_name":"Fountain of Cleansing","floor":22,"gold_loss":0}],"is_beta":false,"boss_relics":[{"not_picked":["Snecko Eye","Black Star"],"picked":"Busted Crown"}],"items_purged_floors":[10],"is_endless":false,"potions_floor_spawned":[11,13,14],"killed_by":"Slavers","ascension_level":0}