{"gold_per_floor":[110,123,4,24,36,36,69,69,69,69,86,144,172,172,172,265,265,278,278,278,292,292,292,342,342,419,159,159,175,190,190],"floor_reached":31,"playtime":1089,"items_purged":["Strike_G","Strike_G"],"score":462,"play_id":"1527fc5e-f9eb-4ba4-94ef-663d118310cd","local_time":"20190507130325","is_ascension_mode":true,"campfire_choices":[{"data":"Crippling Poison","floor":6.0,"key":"SMITH"},{"floor":8.0,"key":"REST"},{"data":"Bouncing Flask","floor":10.0,"key":"SMITH"},{"floor":15,"key":"REST"},{"data":"Tactician","floor":23,"key":"SMITH"},{"data":"Catalyst","floor":25,"key":"SMITH"},{"data":"Night Terror","floor":28,"key":"SMITH"}],"neow_cost":"NONE","seed_source_timestamp":10564159365175,"circlet_count":0,"master_deck":["AscendersBane","Defend_G","Defend_G","Defend_G","Defend_G","Defend_G","Strike_G+1","Strike_G","Strike_G","Survivor","Neutralize+1","Prepared","Endless Agony","Crippling Poison+1","Acrobatics","Bouncing Flask+1","Skewer","Catalyst+1","Backflip","Cloak And Dagger","Night Terror+1","Bane","Tactician+1","Escape Plan"],"special_seed":0,"relics":["Ring of the Snake","NeowsBlessing","Whetstone","Matryoshka","Question Card","Pen Nib","Golden Idol","Eternal Feather","Tiny Chest","Happy Flower","Lantern"],"potions_floor_usage":[13,29,30,30],"damage_taken":[{"damage":0.0,"enemies":"Cultist","floor":1.0,"turns":1.0},{"damage":0.0,"enemies":"Jaw Worm","floor":2.0,"turns":1.0},{"damage":0.0,"enemies":"2 Louse","floor":4.0,"turns":1.0},{"damage":5.0,"enemies":"2 Fungi Beasts","floor":5.0,"turns":4.0},{"damage":35.0,"enemies":"3 Sentries","floor":7.0,"turns":9.0},{"damage":2.0,"enemies":"Blue Slaver","floor":11.0,"turns":3.0},{"damage":20.0,"enemies":"3 Sentries","floor":12.0,"turns":8.0},{"damage":12,"enemies":"Gremlin Nob","floor":13,"turns":3},{"damage":2,"enemies":"The Guardian","floor":16,"turns":8},{"damage":19,"enemies":"Shell Parasite","floor":18,"turns":6},{"damage":12,"enemies":"Chosen","floor":21,"turns":5},{"damage":33,"enemies":"3 Cultists","floor":29,"turns":5},{"damage":14,"enemies":"Shelled Parasite and Fungi","floor":30,"turns":5},{"damage":0,"enemies":"Centurion and Healer","floor":31,"turns":1}],"seed_played":"2905461357401977435","potions_obtained":[{"floor":5.0,"key":"Explosive Potion"},{"floor":12.0,"key":"SteroidPotion"},{"floor":13,"key":"FearPotion"},{"floor":16,"key":"Dexterity Potion"},{"floor":29,"key":"Energy Potion"},{"floor":30,"key":"Fire Potion"}],"is_trial":false,"path_per_floor":["M","M","$","M","M","R","E","R","T","R","M","?","E","?","R","B",null,"M","?","?","M","?","R","?","R","T","$","R","M","M","M"],"character_chosen":"THE_SILENT","items_purchased":["Crippling Poison","Lantern"],"campfire_rested":2,"item_purchase_floors":[3,27],"current_hp_per_floor":[59,59,59,59,54,54,19,38,38,38,36,16,4,4,22,20,50,31,31,31,19,19,31,31,43,43,43,55,22,8,8],"gold":190,"neow_bonus":"THREE_ENEMY_KILL","is_prod":false,"is_daily":false,"chose_seed":false,"campfire_upgraded":5,"win_rate":0,"timestamp":1557201805,"path_taken":["M","?","$","M","M","R","E","R","T","R","M","?","E","?","R","BOSS","M","?","?","M","?","R","?","R","T","$","R","M","?","M"],"build_version":"2019-01-23","purchased_purges":2,"victory":false,"max_hp_per_floor":[66,66,66,66,66,66,66,66,66,66,66,66,66,60,60,60,60,60,60,60,60,60,60,60,60,60,60,60,60,60,60],"card_choices":[{"not_picked":["Bane","Setup"],"picked":"Prepared","floor":1.0},{"not_picked":["Choke","Deflect"],"picked":"Endless Agony","floor":2.0},{"not_picked":["Prepared","Bane"],"picked":"Acrobatics","floor":4.0},{"not_picked":["Backflip","A Thousand Cuts"],"picked":"Bouncing Flask","floor":5.0},{"not_picked":["All Out Attack","Distraction"],"picked":"Skewer","floor":7.0},{"not_picked":["Heel Hook","Expertise"],"picked":"Catalyst","floor":11.0},{"not_picked":["Deadly Poison","Outmaneuver"],"picked":"Backflip","floor":12.0},{"not_picked":["Endless Agony","Deflect","Flying Knee"],"picked":"Cloak And Dagger","floor":13},{"not_picked":["Grand Finale","Bullet Time","After Image"],"picked":"Night Terror","floor":16},{"not_picked":["Prepared","Acrobatics","Deadly Poison"],"picked":"Bane","floor":18},{"not_picked":["Backflip+1","Dagger Throw","Deflect"],"picked":"Tactician","floor":21},{"not_picked":["Distraction","Bouncing Flask","Blade Dance+1"],"picked":"Escape Plan","floor":29},{"not_picked":["Quick Slash+1","Flechettes","Infinite Blades","Escape Plan"],"picked":"SKIP","floor":30}],"player_experience":753430,"relics_obtained":[{"floor":7.0,"key":"Whetstone"},{"floor":9.0,"key":"Matryoshka"},{"floor":12.0,"key":"Question Card"},{"floor":13,"key":"Pen Nib"},{"floor":26,"key":"Tiny Chest"},{"floor":26,"key":"Happy Flower"}],"event_choices":[{"damage_healed":0.0,"max_hp_gain":0.0,"max_hp_loss":0.0,"gold_gain":0.0,"event_name":"Dead Adventurer","player_choice":"Searched \u00272\u0027 times","floor":12.0,"gold_loss":0.0,"damage_taken":0.0},{"damage_healed":0,"gold_gain":0,"player_choice":"Lose Max HP","damage_taken":0,"relics_obtained":["Golden Idol"],"max_hp_gain":0,"max_hp_loss":6,"event_name":"Golden Idol","floor":14,"gold_loss":0},{"damage_healed":0,"gold_gain":0,"player_choice":"Ignored","damage_taken":0,"max_hp_gain":0,"max_hp_loss":0,"event_name":"Vampires","floor":19,"gold_loss":0},{"damage_healed":0,"gold_gain":0,"player_choice":"Ignored","damage_taken":0,"max_hp_gain":0,"max_hp_loss":0,"event_name":"The Mausoleum","floor":20,"gold_loss":0},{"damage_healed":0,"gold_gain":0,"player_choice":"Ignored","damage_taken":0,"max_hp_gain":0,"max_hp_loss":0,"event_name":"Ghosts","floor":22,"gold_loss":0},{"damage_healed":0,"gold_gain":50,"player_choice":"Stole From Cult","damage_taken":0,"max_hp_gain":0,"max_hp_loss":0,"event_name":"Nest","floor":24,"gold_loss":0}],"is_beta":false,"boss_relics":[{"not_picked":["Snecko Eye","Orrery"],"picked":"Eternal Feather"}],"items_purged_floors":[3,27],"is_endless":false,"potions_floor_spawned":[5,12,13,16,29,30],"killed_by":"Centurion and Healer","ascension_level":18}