{"gold_per_floor":[118,70,70,81,98,127,127,127,152,152,172,186,30,46,46,151,151,164,94,105,31,44,44,73,73,73,48,48,48,59,76,76,176,176,193,118,218,218,231,231,257,169,250,250,250,71,90,110,110,110],"floor_reached":50,"playtime":3640,"items_purged":["Berserk","Defend_R","Defend_R"],"score":687,"play_id":"64dbfec8-43fc-487b-a8fb-0afa81d6111b","local_time":"20190323004911","is_ascension_mode":true,"campfire_choices":[{"data":"Inflame","floor":7,"key":"SMITH"},{"data":"Pommel Strike","floor":10,"key":"SMITH"},{"floor":15,"key":"REST"},{"floor":23,"key":"REST"},{"data":"Dual Wield","floor":29,"key":"SMITH"},{"data":"Heavy Blade","floor":32,"key":"SMITH"},{"data":"Heavy Blade","floor":40,"key":"SMITH"},{"data":"Evolve","floor":45,"key":"SMITH"},{"floor":49,"key":"REST"}],"neow_cost":"TEN_PERCENT_HP_LOSS","seed_source_timestamp":779566829283744,"circlet_count":0,"master_deck":["Defend_R+1","Defend_R+1","Bash","Reaper","Spot Weakness","Twin Strike","Inflame+1","Ghostly Armor","Pommel Strike+1","True Grit+1","Armaments+1","Inflame","Clothesline","Evolve+1","Heavy Blade+1","Dual Wield+1","Shrug It Off","Bite","Bite","Bite","Bite","Bite","Heavy Blade+1","Bludgeon","Reaper","Shrug It Off","Parasite","Cleave+1"],"relics":["Black Blood","Juzu Bracelet","Pen Nib","War Paint","Snecko Eye","Mummified Hand","Bottled Flame","Thread and Needle","MawBank","Meat on the Bone"],"potions_floor_usage":[11,16,16,20,20,35,41,48],"damage_taken":[{"damage":14,"enemies":"Jaw Worm","floor":1,"turns":4},{"damage":11,"enemies":"Cultist","floor":4,"turns":4},{"damage":4,"enemies":"Small Slimes","floor":5,"turns":3},{"damage":37,"enemies":"Gremlin Nob","floor":6,"turns":4},{"damage":15,"enemies":"Gremlin Gang","floor":11,"turns":3},{"damage":22,"enemies":"3 Louse","floor":12,"turns":3},{"damage":4,"enemies":"Looter","floor":14,"turns":3},{"damage":60,"enemies":"Hexaghost","floor":16,"turns":8},{"damage":38,"enemies":"Shell Parasite","floor":18,"turns":4},{"damage":28,"enemies":"3 Byrds","floor":20,"turns":5},{"damage":29,"enemies":"Shelled Parasite and Fungi","floor":22,"turns":6},{"damage":30,"enemies":"Gremlin Leader","floor":24,"turns":5},{"damage":15,"enemies":"Cultist and Chosen","floor":30,"turns":4},{"damage":13,"enemies":"Snecko","floor":31,"turns":5},{"damage":84,"enemies":"Automaton","floor":33,"turns":10},{"damage":41,"enemies":"Orb Walker","floor":35,"turns":6},{"damage":14,"enemies":"Mind Bloom Boss Battle","floor":37,"turns":6},{"damage":11,"enemies":"3 Shapes","floor":39,"turns":2},{"damage":46,"enemies":"Nemesis","floor":41,"turns":7},{"damage":12,"enemies":"Writhing Mass","floor":47,"turns":4},{"damage":43,"enemies":"Sphere and 2 Shapes","floor":48,"turns":6},{"damage":97,"enemies":"Time Eater","floor":50,"turns":7}],"seed_played":"-6869787209507120368","potions_obtained":[{"floor":1,"key":"Dexterity Potion"},{"floor":5,"key":"Poison Potion"},{"floor":12,"key":"PowerPotion"},{"floor":14,"key":"LiquidBronze"},{"floor":16,"key":"BloodPotion"},{"floor":18,"key":"Fire Potion"},{"floor":22,"key":"FairyPotion"},{"floor":33,"key":"Regen Potion"},{"floor":35,"key":"FairyPotion"},{"floor":39,"key":"PowerPotion"},{"floor":48,"key":"Dexterity Potion"}],"is_trial":false,"path_per_floor":["M","$","?","M","M","E","R","?","T","R","M","M","$","M","R","B",null,"M","$","M","$","M","R","E","?","T","$","?","R","M","M","R","B",null,"M","$","?","?","M","R","E","$","T","?","R","$","M","M","R","B"],"character_chosen":"IRONCLAD","items_purchased":["Twin Strike","War Paint","Inflame","Evolve","Shrug It Off","Shrug It Off"],"campfire_rested":3,"item_purchase_floors":[2,13,19,21,27,46],"current_hp_per_floor":[64,64,64,63,71,41,41,41,41,41,32,30,30,32,53,9,56,39,39,38,38,15,36,27,27,27,27,27,27,31,32,32,26,44,30,30,49,49,49,49,28,28,28,28,28,28,38,29,44,0],"gold":110,"neow_bonus":"THREE_RARE_CARDS","is_prod":false,"is_daily":false,"chose_seed":false,"campfire_upgraded":6,"win_rate":0,"timestamp":1553320151,"path_taken":["M","$","?","M","M","E","R","?","T","R","M","M","$","M","R","BOSS","M","?","M","$","M","R","E","?","T","$","?","R","M","M","R","BOSS","M","$","?","?","M","R","E","$","T","?","R","?","M","M","R","BOSS"],"build_version":"2019-01-23","purchased_purges":3,"victory":false,"max_hp_per_floor":[72,72,72,72,72,72,72,72,72,72,72,72,72,72,72,72,72,72,72,72,72,72,72,72,72,72,72,50,50,50,50,50,50,50,50,50,50,50,50,50,50,50,50,50,50,50,50,50,50,50],"card_choices":[{"not_picked":["Juggernaut","Offering"],"picked":"Reaper","floor":0},{"not_picked":["Rampage","Body Slam"],"picked":"Spot Weakness","floor":1},{"not_picked":["Armaments","Body Slam"],"picked":"Inflame","floor":4},{"not_picked":["Second Wind","Havoc"],"picked":"Ghostly Armor","floor":5},{"not_picked":["Ghostly Armor","Flex"],"picked":"Pommel Strike","floor":6},{"not_picked":["Bloodletting","Armaments","Warcry"],"picked":"SKIP","floor":11},{"not_picked":["Rampage","Offering"],"picked":"True Grit","floor":12},{"not_picked":["Clash","Clothesline","Warcry"],"picked":"SKIP","floor":14},{"not_picked":["Headbutt","Havoc"],"picked":"Armaments+1","floor":18},{"not_picked":["Disarm+1","Perfected Strike"],"picked":"Clothesline","floor":20},{"not_picked":["Wild Strike+1","Shockwave"],"picked":"Heavy Blade","floor":22},{"not_picked":["Wild Strike","Rage+1"],"picked":"Dual Wield","floor":24},{"not_picked":["Havoc+1","Thunderclap","Disarm"],"picked":"SKIP","floor":30},{"not_picked":["Armaments","Second Wind"],"picked":"Heavy Blade","floor":31},{"not_picked":["Impervious","Brutality"],"picked":"Bludgeon","floor":33},{"not_picked":["Wild Strike+1","Sword Boomerang"],"picked":"Shrug It Off","floor":35},{"not_picked":["Havoc+1","Intimidate","Flex"],"picked":"SKIP","floor":39},{"not_picked":["Pummel+1","Bloodletting+1"],"picked":"Reaper","floor":41},{"not_picked":["Power Through+1","Headbutt","Dropkick+1"],"picked":"SKIP","floor":47},{"not_picked":["Bloodletting","Evolve"],"picked":"Cleave+1","floor":48}],"player_experience":423516,"relics_obtained":[{"floor":6,"key":"Juzu Bracelet"},{"floor":9,"key":"Pen Nib"},{"floor":24,"key":"Mummified Hand"},{"floor":26,"key":"Bottled Flame"},{"floor":37,"key":"Thread and Needle"},{"floor":41,"key":"MawBank"},{"floor":43,"key":"Meat on the Bone"}],"event_choices":[{"damage_healed":0,"gold_gain":0,"player_choice":"Ignored","damage_taken":0,"max_hp_gain":0,"max_hp_loss":0,"event_name":"Liars Game","floor":3,"gold_loss":0},{"damage_healed":0,"gold_gain":0,"cards_transformed":["Strike_R"],"player_choice":"Transformed","damage_taken":0,"max_hp_gain":0,"max_hp_loss":0,"event_name":"Transmorgrifier","floor":8,"gold_loss":0,"cards_obtained":["Berserk"]},{"damage_healed":0,"gold_gain":0,"player_choice":"Upgraded","damage_taken":0,"max_hp_gain":0,"max_hp_loss":0,"event_name":"Upgrade Shrine","floor":25,"gold_loss":0,"cards_upgraded":["True Grit"]},{"damage_healed":0,"gold_gain":0,"player_choice":"Became a vampire","damage_taken":0,"max_hp_gain":0,"max_hp_loss":22,"event_name":"Vampires","floor":28,"gold_loss":0,"cards_obtained":["Bite","Bite","Bite","Bite","Bite"]},{"damage_healed":0,"gold_gain":0,"player_choice":"Fight","damage_taken":0,"max_hp_gain":0,"max_hp_loss":0,"event_name":"MindBloom","floor":37,"gold_loss":0},{"damage_healed":0,"gold_gain":0,"player_choice":"Ignored","damage_taken":0,"max_hp_gain":0,"max_hp_loss":0,"event_name":"Tomb of Lord Red Mask","floor":38,"gold_loss":0},{"cards_removed":["Shrug It Off"],"damage_healed":0,"gold_gain":0,"player_choice":"Removed Skill","damage_taken":0,"max_hp_gain":0,"max_hp_loss":0,"event_name":"Falling","floor":44,"gold_loss":0}],"is_beta":false,"boss_relics":[{"not_picked":["Tiny House","Fusion Hammer"],"picked":"Snecko Eye"},{"not_picked":["Eternal Feather","Runic Cube"],"picked":"Black Blood"}],"items_purged_floors":[36,42,46],"is_endless":false,"potions_floor_spawned":[1,5,12,14,16,18,22,33,35,39,48],"killed_by":"Time Eater","ascension_level":7}