{"gold_per_floor":[212,228,228,228,29,29,29,29,56,88,98,98,115,150,150,150],"floor_reached":16,"playtime":1009,"items_purged":[],"score":113,"play_id":"c296b1d7-d827-4c92-8f38-9edaf9369d2b","local_time":"20190114210131","is_ascension_mode":true,"campfire_choices":[{"data":"Neutralize","floor":6,"key":"SMITH"},{"data":"Dagger Spray","floor":8,"key":"SMITH"},{"floor":15,"key":"REST"}],"neow_cost":"NONE","seed_source_timestamp":399877701798996,"circlet_count":0,"master_deck":["Defend_G","Defend_G","Defend_G","Defend_G","Defend_G","Strike_G","Strike_G","Strike_G","Strike_G","Survivor","Neutralize+1","Skewer","Dagger Spray+1","Leg Sweep","Wraith Form v2","Outmaneuver","Poisoned Stab","Quick Slash"],"relics":["Ring of the Snake","Lantern","Ornamental Fan","Calipers"],"potions_floor_usage":[16],"damage_taken":[{"damage":0,"enemies":"2 Louse","floor":1,"turns":3},{"damage":0,"enemies":"Small Slimes","floor":2,"turns":2},{"damage":21,"enemies":"Gremlin Nob","floor":10,"turns":7},{"damage":5,"enemies":"Jaw Worm","floor":11,"turns":4},{"damage":3,"enemies":"Exordium Thugs","floor":13,"turns":5},{"damage":16,"enemies":"Lagavulin","floor":14,"turns":6},{"damage":48,"enemies":"Slime Boss","floor":16,"turns":9}],"seed_played":"6150890005288459137","potions_obtained":[{"floor":1,"key":"Swift Potion"},{"floor":11,"key":"Weak Potion"},{"floor":12,"key":"FearPotion"}],"is_trial":false,"path_per_floor":["M","M","?","?","$","R","$","R","T","E","M","?","M","E","R","B"],"character_chosen":"THE_SILENT","items_purchased":["Leg Sweep","Wraith Form v2"],"campfire_rested":1,"item_purchase_floors":[5,5],"current_hp_per_floor":[70,70,70,63,63,63,63,63,63,42,37,37,34,18,39,0],"gold":150,"neow_bonus":"HUNDRED_GOLD","is_prod":false,"is_daily":false,"chose_seed":false,"campfire_upgraded":2,"win_rate":0,"timestamp":1547521291,"path_taken":["M","M","?","?","?","R","$","R","T","E","?","?","M","E","R","BOSS"],"build_version":"2019-01-10","purchased_purges":0,"victory":false,"max_hp_per_floor":[70,70,70,70,70,70,70,70,70,70,70,70,70,70,70,70],"card_choices":[{"not_picked":["Backstab","Dodge and Roll"],"picked":"Skewer","floor":1},{"not_picked":["Sucker Punch","Dodge and Roll"],"picked":"Dagger Spray","floor":2},{"not_picked":["Reflex","Underhanded Strike"],"picked":"Outmaneuver","floor":10},{"not_picked":["Cloak And Dagger","Dash","Skewer"],"picked":"SKIP","floor":11},{"not_picked":["PiercingWail","Eviscerate"],"picked":"Poisoned Stab","floor":13},{"not_picked":["Well Laid Plans","Blur"],"picked":"Quick Slash","floor":14}],"player_experience":211701,"relics_obtained":[{"floor":9,"key":"Lantern"},{"floor":10,"key":"Ornamental Fan"},{"floor":14,"key":"Calipers"}],"event_choices":[{"damage_healed":0,"gold_gain":0,"player_choice":"Ignored","damage_taken":0,"max_hp_gain":0,"max_hp_loss":0,"event_name":"Liars Game","floor":3,"gold_loss":0},{"cards_removed":["Strike_G"],"damage_healed":0,"gold_gain":0,"player_choice":"Card Removal","damage_taken":7,"max_hp_gain":0,"max_hp_loss":0,"event_name":"Golden Wing","floor":4,"gold_loss":0},{"damage_healed":0,"gold_gain":0,"player_choice":"Got Potions","damage_taken":0,"max_hp_gain":0,"max_hp_loss":0,"event_name":"Lab","floor":12,"gold_loss":0}],"is_beta":false,"boss_relics":[],"items_purged_floors":[],"is_endless":false,"potions_floor_spawned":[1,11],"killed_by":"Slime Boss","ascension_level":1}