{"gold_per_floor":[113,38,38,63,63,96,96,114,114,137,156,175,175,193,193,317,317,341,365,385,310,310,310,310],"floor_reached":24,"playtime":2693,"items_purged":["Strike_G"],"score":225,"play_id":"4a5e3c92-1978-4452-a677-c771e5da5e99","local_time":"20190110210130","is_ascension_mode":false,"campfire_choices":[{"data":"Backflip","floor":13.0,"key":"SMITH"},{"data":"Terror","floor":15.0,"key":"SMITH"},{"data":"Tactician","floor":23,"key":"SMITH"}],"neow_cost":"NONE","seed_source_timestamp":0,"circlet_count":0,"master_deck":["Defend_G","Defend_G","Defend_G","Defend_G","Defend_G","Strike_G","Strike_G","Strike_G","Survivor","Neutralize","Flying Knee","Tools of the Trade","Backflip+1","Dagger Throw","Well Laid Plans","Terror+1","Tools of the Trade","Tactician+1"],"special_seed":0,"relics":["Ring of the Snake","NeowsBlessing","Golden Idol","Du-Vu Doll","Darkstone Periapt","Velvet Choker","Matryoshka"],"potions_floor_usage":[20,24],"damage_taken":[{"damage":0.0,"enemies":"Jaw Worm","floor":1.0,"turns":1.0},{"damage":0.0,"enemies":"2 Louse","floor":4.0,"turns":1.0},{"damage":0.0,"enemies":"Lagavulin","floor":6.0,"turns":1.0},{"damage":0.0,"enemies":"Cultist","floor":8.0,"turns":4.0},{"damage":0.0,"enemies":"Looter","floor":10.0,"turns":4.0},{"damage":0.0,"enemies":"2 Fungi Beasts","floor":11.0,"turns":5.0},{"damage":0.0,"enemies":"3 Louse","floor":12.0,"turns":4.0},{"damage":6.0,"enemies":"Exordium Wildlife","floor":14.0,"turns":4.0},{"damage":43.0,"enemies":"Hexaghost","floor":16.0,"turns":13.0},{"damage":4.0,"enemies":"3 Byrds","floor":18.0,"turns":8.0},{"damage":4,"enemies":"Chosen","floor":19,"turns":6},{"damage":15,"enemies":"Snake Plant","floor":20,"turns":7},{"damage":33,"enemies":"Gremlin Leader","floor":24,"turns":6}],"seed_played":"-157817653811804961","potions_obtained":[{"floor":4.0,"key":"Strength Potion"},{"floor":7.0,"key":"GhostInAJar"},{"floor":7.0,"key":"Explosive Potion"},{"floor":20,"key":"Dexterity Potion"}],"is_trial":false,"path_per_floor":["M","$","?","M","?","E","?","M","T","M","M","M","R","M","R","B",null,"M","M","M","$","?","R","E"],"character_chosen":"THE_SILENT","items_purchased":["Tools of the Trade"],"campfire_rested":0,"item_purchase_floors":[2],"current_hp_per_floor":[70,70,65,65,58,58,58,58,58,58,58,58,58,52,52,9,65,61,57,42,42,42,42,9],"gold":310,"neow_bonus":"THREE_ENEMY_KILL","is_prod":false,"is_daily":false,"chose_seed":false,"campfire_upgraded":3,"win_rate":0,"timestamp":1547175690,"path_taken":["M","$","?","M","?","E","?","M","T","M","?","M","R","M","R","BOSS","M","M","M","$","?","R","E"],"build_version":"2019-01-10","purchased_purges":1,"victory":false,"max_hp_per_floor":[70,70,65,65,65,65,65,65,65,65,65,65,65,65,65,65,65,65,65,65,65,65,65,65],"card_choices":[{"not_picked":["Prepared","Blade Dance"],"picked":"Flying Knee","floor":1.0},{"not_picked":["PiercingWail","Heel Hook","Deflect"],"picked":"SKIP","floor":4.0},{"not_picked":["Calculated Gamble","Glass Knife"],"picked":"Backflip","floor":6.0},{"not_picked":["Finisher","Bane"],"picked":"Dagger Throw","floor":8.0},{"not_picked":["Acrobatics","Crippling Poison","Heel Hook"],"picked":"SKIP","floor":10.0},{"not_picked":["Flying Knee","PiercingWail"],"picked":"Well Laid Plans","floor":11.0},{"not_picked":["Deflect","Masterful Stab","Bane"],"picked":"SKIP","floor":12.0},{"not_picked":["Backflip","Flying Knee"],"picked":"Terror","floor":14.0},{"not_picked":["Venomology","Envenom"],"picked":"Tools of the Trade","floor":16.0},{"not_picked":["Masterful Stab","Bane","Bouncing Flask"],"picked":"SKIP","floor":18},{"not_picked":["Prepared","All Out Attack+1","Deflect"],"picked":"SKIP","floor":19},{"not_picked":["Blade Dance+1","Caltrops"],"picked":"Tactician","floor":20}],"player_experience":197240,"relics_obtained":[{"floor":6.0,"key":"Du-Vu Doll"},{"floor":9.0,"key":"Darkstone Periapt"}],"event_choices":[{"damage_healed":0.0,"max_hp_gain":0.0,"max_hp_loss":5.0,"gold_gain":0.0,"event_name":"Golden Idol","player_choice":"Lose Max HP","floor":3.0,"gold_loss":0.0,"damage_taken":0.0,"relics_obtained":["Golden Idol"]},{"cards_removed":["Strike_G"],"damage_healed":0.0,"max_hp_gain":0.0,"max_hp_loss":0.0,"gold_gain":0.0,"event_name":"Golden Wing","player_choice":"Card Removal","floor":5.0,"gold_loss":0.0,"damage_taken":7.0},{"damage_healed":0.0,"max_hp_gain":0.0,"max_hp_loss":0.0,"gold_gain":0.0,"event_name":"Lab","player_choice":"Got Potions","floor":7.0,"gold_loss":0.0,"damage_taken":0.0},{"damage_healed":0,"gold_gain":0,"player_choice":"Opened","damage_taken":0,"relics_obtained":["Matryoshka"],"max_hp_gain":0,"max_hp_loss":0,"event_name":"The Mausoleum","floor":22,"gold_loss":0}],"is_beta":false,"boss_relics":[{"not_picked":["HoveringKite","WristBlade"],"picked":"Velvet Choker"}],"items_purged_floors":[21],"is_endless":false,"potions_floor_spawned":[4,8,11,12,18,20],"killed_by":"Gremlin Leader","ascension_level":0}