{"gold_per_floor":[109,119,69,86,105,105,126,53,53,53,68,68,87,116,116,211,211,176,124,142,156,156,156,172,172,172,188,188,240,255,274,274,376,376,391,407,189,189,189,189,200,218,241,255,255,255,273,183,183,183],"floor_reached":51,"playtime":1855,"items_purged":["Strike_B"],"score":703,"play_id":"cc0485c5-a601-47ed-9b5c-9a352cfc210a","local_time":"20190423025959","is_ascension_mode":false,"campfire_choices":[{"data":"Zap","floor":6.0,"key":"SMITH"},{"data":"Defragment","floor":10.0,"key":"SMITH"},{"data":"Defragment","floor":12.0,"key":"SMITH"},{"data":"Hologram","floor":15.0,"key":"SMITH"},{"data":"Hologram","floor":23.0,"key":"SMITH"},{"data":"Dualcast","floor":25.0,"key":"SMITH"},{"data":"Coolheaded","floor":28.0,"key":"SMITH"},{"data":"White Noise","floor":32.0,"key":"SMITH"},{"data":"Coolheaded","floor":40.0,"key":"SMITH"},{"data":"Electrodynamics","floor":45,"key":"SMITH"},{"data":"Glacier","floor":49,"key":"SMITH"}],"neow_cost":"NONE","seed_source_timestamp":18774053900897,"circlet_count":0,"master_deck":["Strike_B","Strike_B","Defend_B","Defend_B","Defend_B","Zap+1","Dualcast+1","Hologram+1","Coolheaded+1","Hologram+1","Coolheaded+1","Defragment+1","Defragment+1","Glacier+1","All For One","Rebound+1","White Noise+1","Redo+1","Ball Lightning+1","Chaos+1","Cold Snap+1","Ball Lightning","Electrodynamics+1","White Noise+1","Leap+1"],"special_seed":0,"relics":["Cracked Core","NeowsBlessing","Odd Mushroom","Bag of Preparation","Sozu","Enchiridion","Centennial Puzzle","Bronze Scales","Velvet Choker","Vajra","Whetstone"],"potions_floor_usage":[50],"damage_taken":[{"damage":0.0,"enemies":"Small Slimes","floor":1.0,"turns":1.0},{"damage":0.0,"enemies":"Jaw Worm","floor":2.0,"turns":1.0},{"damage":0.0,"enemies":"2 Louse","floor":4.0,"turns":1.0},{"damage":1.0,"enemies":"Red Slaver","floor":5.0,"turns":4.0},{"damage":6.0,"enemies":"The Mushroom Lair","floor":7.0,"turns":5.0},{"damage":2.0,"enemies":"2 Fungi Beasts","floor":11.0,"turns":3.0},{"damage":14.0,"enemies":"Gremlin Gang","floor":13.0,"turns":4.0},{"damage":4.0,"enemies":"Gremlin Nob","floor":14.0,"turns":7.0},{"damage":38.0,"enemies":"Hexaghost","floor":16.0,"turns":19.0},{"damage":7.0,"enemies":"2 Thieves","floor":18.0,"turns":5.0},{"damage":4.0,"enemies":"Spheric Guardian","floor":20.0,"turns":3.0},{"damage":0.0,"enemies":"Snake Plant","floor":21.0,"turns":6.0},{"damage":0.0,"enemies":"Shelled Parasite and Fungi","floor":24.0,"turns":4.0},{"damage":2.0,"enemies":"Snecko","floor":27.0,"turns":5.0},{"damage":0.0,"enemies":"Sentry and Sphere","floor":30.0,"turns":4.0},{"damage":6.0,"enemies":"Centurion and Healer","floor":31.0,"turns":3.0},{"damage":0.0,"enemies":"Champ","floor":33.0,"turns":11.0},{"damage":0.0,"enemies":"3 Shapes","floor":35.0,"turns":2.0},{"damage":2.0,"enemies":"Orb Walker","floor":36.0,"turns":3.0},{"damage":1.0,"enemies":"Transient","floor":41.0,"turns":5.0},{"damage":0,"enemies":"Sphere and 2 Shapes","floor":42,"turns":3},{"damage":4,"enemies":"3 Darklings","floor":44,"turns":3},{"damage":0,"enemies":"Spire Growth","floor":47,"turns":3},{"damage":43,"enemies":"Donu and Deca","floor":50,"turns":6}],"seed_played":"5877902549946148544","potions_obtained":[{"floor":1.0,"key":"Poison Potion"},{"floor":4.0,"key":"Strength Potion"},{"floor":7.0,"key":"Poison Potion"},{"floor":14.0,"key":"Swift Potion"},{"floor":16.0,"key":"Explosive Potion"}],"is_trial":false,"path_per_floor":["M","M","?","M","M","R","?","$","T","R","M","R","M","E","R","B",null,"M","$","M","M","?","R","M","R","T","M","R","T","M","M","R","B",null,"M","M","$","?","?","R","M","M","T","M","R","?","M","?","R","B",null],"character_chosen":"DEFECT","items_purchased":["Defragment","Rebound","Vajra"],"campfire_rested":0,"item_purchase_floors":[8,19,37],"current_hp_per_floor":[75,75,75,75,74,74,68,68,68,68,66,66,52,48,48,10,75,68,68,64,64,48,48,48,48,48,46,46,46,46,40,40,40,75,75,73,73,73,73,73,72,72,72,68,68,68,68,68,68,25],"gold":183,"neow_bonus":"THREE_ENEMY_KILL","is_prod":false,"is_daily":false,"chose_seed":false,"campfire_upgraded":11,"win_rate":0,"timestamp":1556009999,"path_taken":["M","M","?","M","M","R","?","$","T","R","M","R","M","E","R","BOSS","M","$","M","M","?","R","M","R","T","M","R","?","M","M","R","BOSS","M","M","$","?","?","R","?","M","T","M","R","?","?","?","R","BOSS"],"build_version":"2019-01-23","purchased_purges":1,"victory":true,"max_hp_per_floor":[75,75,75,75,75,75,75,75,75,75,75,75,75,75,75,75,75,75,75,75,75,75,75,75,75,75,75,75,75,75,75,75,75,75,75,75,75,75,75,75,75,75,75,75,75,75,75,75,75,75],"card_choices":[{"not_picked":["Sweeping Beam","Turbo"],"picked":"Hologram","floor":1.0},{"not_picked":["Steam","BootSequence"],"picked":"Coolheaded","floor":2.0},{"not_picked":["Compile Driver","Hologram","Sweeping Beam"],"picked":"SKIP","floor":4.0},{"not_picked":["Sweeping Beam","Undo"],"picked":"Hologram","floor":5.0},{"not_picked":["Beam Cell","Turbo"],"picked":"Coolheaded","floor":7.0},{"not_picked":["Conserve Battery","Stack"],"picked":"Defragment","floor":11.0},{"not_picked":["Echo Form","Turbo"],"picked":"Glacier","floor":13.0},{"not_picked":["Melter","Redo","Stack"],"picked":"SKIP","floor":14.0},{"not_picked":["Meteor Strike","Buffer"],"picked":"All For One","floor":16.0},{"not_picked":["Streamline","Auto Shields","Gash+1"],"picked":"SKIP","floor":18.0},{"not_picked":["Darkness","Lockon+1"],"picked":"White Noise","floor":20.0},{"not_picked":["Streamline+1","Heatsinks+1"],"picked":"Redo+1","floor":21.0},{"not_picked":["Chaos","Recycle"],"picked":"Ball Lightning","floor":24.0},{"not_picked":["Compile Driver","Barrage+1"],"picked":"Chaos+1","floor":27.0},{"not_picked":["Turbo+1","Genetic Algorithm+1"],"picked":"Cold Snap","floor":30.0},{"not_picked":["Meteor Strike","Rebound"],"picked":"Ball Lightning","floor":31.0},{"not_picked":["Amplify","Hyperbeam"],"picked":"Electrodynamics","floor":33.0},{"not_picked":["Hello World","Cold Snap"],"picked":"White Noise","floor":35.0},{"not_picked":["Turbo+1","Genetic Algorithm","Redo"],"picked":"SKIP","floor":36.0},{"not_picked":["Stack+1","Gash+1","Conserve Battery"],"picked":"SKIP","floor":41.0},{"not_picked":["Leap+1","Aggregate+1","Barrage"],"picked":"SKIP","floor":42},{"not_picked":["Aggregate+1","Barrage"],"picked":"Leap+1","floor":42},{"not_picked":["Cold Snap+1","Leap","Hyperbeam"],"picked":"SKIP","floor":44},{"not_picked":["Storm+1","Chaos","Steam+1"],"picked":"SKIP","floor":47}],"player_experience":1289981,"relics_obtained":[{"floor":7.0,"key":"Odd Mushroom"},{"floor":9.0,"key":"Bag of Preparation"},{"floor":22.0,"key":"Enchiridion"},{"floor":26.0,"key":"Centennial Puzzle"},{"floor":29.0,"key":"Bronze Scales"},{"floor":43,"key":"Whetstone"}],"event_choices":[{"cards_removed":["Defend_B"],"damage_healed":0.0,"max_hp_gain":0.0,"max_hp_loss":0.0,"gold_gain":0.0,"event_name":"The Cleric","player_choice":"Card Removal","floor":3.0,"gold_loss":50.0,"damage_taken":0.0},{"damage_healed":0.0,"max_hp_gain":0.0,"max_hp_loss":0.0,"gold_gain":0.0,"event_name":"Mushrooms","player_choice":"Fought Mushrooms","floor":7.0,"gold_loss":0.0,"damage_taken":0.0},{"damage_healed":0.0,"max_hp_gain":0.0,"max_hp_loss":0.0,"gold_gain":0.0,"event_name":"Cursed Tome","player_choice":"Obtained Book","floor":22.0,"gold_loss":0.0,"damage_taken":16.0},{"damage_healed":0.0,"max_hp_gain":0.0,"max_hp_loss":0.0,"gold_gain":0.0,"event_name":"Tomb of Lord Red Mask","player_choice":"Ignored","floor":38.0,"gold_loss":0.0,"damage_taken":0.0},{"damage_healed":0.0,"max_hp_gain":0.0,"max_hp_loss":0.0,"gold_gain":0.0,"event_name":"Upgrade Shrine","player_choice":"Upgraded","floor":39.0,"gold_loss":0.0,"damage_taken":0.0,"cards_upgraded":["White Noise"]},{"damage_healed":0,"gold_gain":0,"player_choice":"Got Potions","damage_taken":0,"max_hp_gain":0,"max_hp_loss":0,"event_name":"Lab","floor":46,"gold_loss":0},{"cards_removed":["Strike_B"],"damage_healed":0,"gold_gain":0,"player_choice":"Upgrade and Remove","damage_taken":0,"max_hp_gain":0,"max_hp_loss":0,"event_name":"Designer","floor":48,"gold_loss":90,"cards_upgraded":["Ball Lightning"]}],"is_beta":false,"boss_relics":[{"not_picked":["White Beast Statue","Eternal Feather"],"picked":"Sozu"},{"not_picked":["Nuclear Battery","Lizard Tail"],"picked":"Velvet Choker"}],"items_purged_floors":[37],"is_endless":false,"potions_floor_spawned":[1,4,7,14,16,20,31,33,35,36],"ascension_level":0}