{"gold_per_floor":[110,60,75,75,88,88,263,263,315,69,69,85,105,121,121,226,226,239,239,252,266,116,116,116,136,136,155,155],"floor_reached":28,"playtime":856,"items_purged":["Strike_B"],"score":212,"play_id":"147c082a-d261-48a5-a941-13918608074c","local_time":"20190311233042","is_ascension_mode":false,"campfire_choices":[{"data":"Defragment","floor":6,"key":"SMITH"},{"floor":15,"key":"REST"},{"data":"Dualcast","floor":23,"key":"SMITH"}],"neow_cost":"NONE","seed_source_timestamp":4537554619047,"circlet_count":0,"master_deck":["Strike_B","Defend_B","Defend_B","Defend_B","Defend_B","Zap+1","Dualcast+1","Defragment+1","Ball Lightning","Core Surge","Turbo","Hologram+1","Skim+1","Multi-Cast+1","Cold Snap","Double Energy+1","Creative AI","Chaos+1","Double Energy+1","Conserve Battery+1","Cold Snap","Turbo+1","Hologram+1","Hologram+1"],"relics":["Cracked Core","Regal Pillow","DataDisk","Toxic Egg 2","Orrery","Gambling Chip","Matryoshka"],"potions_floor_usage":[21,28,28,28],"damage_taken":[{"damage":1,"enemies":"Cultist","floor":1,"turns":3},{"damage":7,"enemies":"Small Slimes","floor":3,"turns":3},{"damage":0,"enemies":"2 Louse","floor":5,"turns":2},{"damage":2,"enemies":"Large Slime","floor":12,"turns":4},{"damage":2,"enemies":"3 Louse","floor":13,"turns":2},{"damage":7,"enemies":"Blue Slaver","floor":14,"turns":2},{"damage":12,"enemies":"Slime Boss","floor":16,"turns":7},{"damage":19,"enemies":"2 Thieves","floor":18,"turns":4},{"damage":15,"enemies":"Spheric Guardian","floor":20,"turns":4},{"damage":5,"enemies":"Snecko","floor":21,"turns":3},{"damage":5,"enemies":"Centurion and Healer","floor":25,"turns":5},{"damage":10,"enemies":"Shelled Parasite and Fungi","floor":27,"turns":5},{"damage":10,"enemies":"Snake Plant","floor":28,"turns":1}],"seed_played":"8482223451338373125","potions_obtained":[{"floor":3,"key":"LiquidBronze"},{"floor":12,"key":"Swift Potion"},{"floor":20,"key":"Explosive Potion"},{"floor":27,"key":"Poison Potion"}],"is_trial":false,"path_per_floor":["M","?","M","?","M","R","?","?","T","$","?","M","M","M","R","B",null,"M","?","M","M","$","R","?","M","T","M","M"],"character_chosen":"DEFECT","items_purchased":["Toxic Egg 2","Turbo+1","Hologram+1"],"campfire_rested":1,"item_purchase_floors":[10,22,22],"current_hp_per_floor":[74,74,67,67,67,67,67,49,49,49,42,40,38,31,68,56,75,56,42,27,22,22,22,22,17,17,7,0],"gold":155,"neow_bonus":"UPGRADE_CARD","is_prod":false,"is_daily":false,"chose_seed":false,"campfire_upgraded":2,"win_rate":0,"timestamp":1552368642,"path_taken":["M","?","M","?","M","R","?","?","T","$","?","M","M","M","R","BOSS","M","?","M","M","$","R","?","M","T","?","?"],"build_version":"2019-01-23","purchased_purges":1,"victory":false,"max_hp_per_floor":[75,75,75,75,75,75,75,75,75,75,75,75,75,75,75,75,75,75,80,80,80,80,80,80,80,80,80,80],"card_choices":[{"not_picked":["Hologram","Barrage"],"picked":"Defragment","floor":1},{"not_picked":["Go for the Eyes","Beam Cell"],"picked":"Ball Lightning","floor":3},{"not_picked":["Redo","Barrage"],"picked":"Turbo","floor":5},{"not_picked":["Loop","Consume+1","Rip and Tear"],"picked":"SKIP","floor":12},{"not_picked":["Meteor Strike","Loop"],"picked":"Hologram+1","floor":13},{"not_picked":["Stack+1","Hello World"],"picked":"Skim+1","floor":14},{"not_picked":["Meteor Strike","Thunder Strike"],"picked":"Multi-Cast+1","floor":16},{"not_picked":["Sweeping Beam","Doom and Gloom"],"picked":"Cold Snap","floor":17},{"not_picked":["Auto Shields+1","Melter"],"picked":"Double Energy+1","floor":17},{"not_picked":["Cold Snap","Reprogram+1"],"picked":"Creative AI","floor":17},{"not_picked":["Conserve Battery+1","Beam Cell"],"picked":"Chaos+1","floor":17},{"not_picked":["Storm","Darkness+1"],"picked":"Double Energy+1","floor":17},{"not_picked":["Sweeping Beam","Beam Cell"],"picked":"Conserve Battery+1","floor":18},{"not_picked":["Beam Cell","Skim+1"],"picked":"Cold Snap","floor":20},{"not_picked":["Lockon","Aggregate+1","Steam Power+1"],"picked":"SKIP","floor":21},{"not_picked":["Rebound","Chill+1","Turbo+1"],"picked":"SKIP","floor":25},{"not_picked":["Turbo+1","Cold Snap"],"picked":"Hologram+1","floor":27}],"player_experience":1040413,"relics_obtained":[{"floor":9,"key":"DataDisk"},{"floor":26,"key":"Matryoshka"}],"event_choices":[{"cards_removed":["Strike_B"],"damage_healed":0,"gold_gain":0,"player_choice":"Card Removal","damage_taken":0,"max_hp_gain":0,"max_hp_loss":0,"event_name":"The Cleric","floor":2,"gold_loss":50},{"damage_healed":0,"gold_gain":0,"cards_transformed":["Strike_B"],"player_choice":"Change","damage_taken":0,"max_hp_gain":0,"max_hp_loss":0,"event_name":"Living Wall","floor":4,"gold_loss":0,"cards_obtained":["Core Surge"]},{"damage_healed":0,"gold_gain":175,"player_choice":"AGREE","damage_taken":0,"max_hp_gain":0,"max_hp_loss":0,"event_name":"Liars Game","floor":7,"gold_loss":0,"cards_obtained":["Doubt"]},{"damage_healed":0,"gold_gain":0,"player_choice":"Success","damage_taken":18,"relics_obtained":["Regal Pillow"],"max_hp_gain":0,"max_hp_loss":0,"event_name":"Scrap Ooze","floor":8,"gold_loss":0},{"cards_removed":["Doubt"],"damage_healed":0,"gold_gain":0,"player_choice":"Card Removal","damage_taken":7,"max_hp_gain":0,"max_hp_loss":0,"event_name":"Golden Wing","floor":11,"gold_loss":0},{"damage_healed":0,"gold_gain":0,"player_choice":"Shed Blood","damage_taken":19,"max_hp_gain":5,"max_hp_loss":0,"event_name":"Forgotten Altar","floor":19,"gold_loss":0},{"damage_healed":0,"gold_gain":0,"player_choice":"Opened","damage_taken":0,"relics_obtained":["Gambling Chip"],"max_hp_gain":0,"max_hp_loss":0,"event_name":"The Mausoleum","floor":24,"gold_loss":0}],"is_beta":false,"boss_relics":[{"not_picked":["Runic Pyramid","Tiny House"],"picked":"Orrery"}],"items_purged_floors":[22],"is_endless":false,"potions_floor_spawned":[3,12,20,27],"killed_by":"Snake Plant","ascension_level":0}