{"gold_per_floor":[111,70,70,88,88,118,42,42,93,93,104,122,122,134,134,235,235,235,235,235,235],"floor_reached":21,"playtime":1250,"items_purged":[],"score":206,"play_id":"e373b3e6-3337-4edf-84f1-b22a39656b4b","local_time":"20190416002953","is_ascension_mode":true,"campfire_choices":[{"floor":8,"key":"REST"},{"floor":13,"key":"REST"},{"data":"Chaos","floor":15,"key":"SMITH"}],"neow_cost":"NONE","seed_source_timestamp":5305707569990,"circlet_count":0,"master_deck":["Strike_B+1","Strike_B+1","Strike_B+1","Defend_B+1","Defend_B+1","Defend_B+1","Defend_B+1","Zap","Dualcast","Chaos+1","Sweeping Beam","Redo","Self Repair","Redo","Darkness","Capacitor","Amplify","Redo"],"relics":["Cracked Core","StoneCalendar","Blue Candle","DataDisk","Ectoplasm"],"potions_floor_usage":[12,16,16,16],"damage_taken":[{"damage":9,"enemies":"Jaw Worm","floor":1,"turns":3},{"damage":0,"enemies":"Cultist","floor":4,"turns":4},{"damage":43,"enemies":"Lagavulin","floor":6,"turns":6},{"damage":4,"enemies":"Small Slimes","floor":11,"turns":3},{"damage":20,"enemies":"Exordium Wildlife","floor":12,"turns":3},{"damage":19,"enemies":"Large Slime","floor":14,"turns":4},{"damage":16,"enemies":"The Guardian","floor":16,"turns":7},{"damage":22,"enemies":"Spheric Guardian","floor":18,"turns":5},{"damage":21,"enemies":"Chosen","floor":20,"turns":6},{"damage":65,"enemies":"Masked Bandits","floor":21,"turns":3}],"seed_played":"-8466746874535316313","potions_obtained":[{"floor":0,"key":"FairyPotion"},{"floor":0,"key":"SteroidPotion"},{"floor":0,"key":"Ancient Potion"},{"floor":11,"key":"Swift Potion"},{"floor":12,"key":"PowerPotion"}],"is_trial":false,"path_per_floor":["M","$","?","M","?","E","$","R","T","?","M","M","R","M","R","B",null,"M","?","M","?"],"character_chosen":"DEFECT","items_purchased":["Chaos","Self Repair"],"campfire_rested":2,"item_purchase_floors":[2,7],"current_hp_per_floor":[66,66,66,66,33,7,7,29,29,29,32,19,41,29,29,20,75,60,60,46,0],"gold":235,"neow_bonus":"THREE_SMALL_POTIONS","is_prod":false,"is_daily":false,"chose_seed":false,"campfire_upgraded":1,"win_rate":0,"timestamp":1555392593,"path_taken":["M","$","?","?","?","E","?","R","T","?","M","M","R","M","R","BOSS","M","?","M","?"],"build_version":"2019-01-23","purchased_purges":0,"victory":false,"max_hp_per_floor":[75,75,75,75,75,75,75,75,75,75,75,75,75,75,75,75,75,75,75,75,75],"card_choices":[{"not_picked":["Hello World","Beam Cell","Stack"],"picked":"SKIP","floor":1},{"not_picked":["Hologram","Turbo"],"picked":"Sweeping Beam","floor":4},{"not_picked":["Multi-Cast","Static Discharge"],"picked":"Redo","floor":6},{"not_picked":["Storm","Streamline"],"picked":"Redo","floor":11},{"not_picked":["Beam Cell","Capacitor"],"picked":"Darkness","floor":12},{"not_picked":["Barrage","Seek"],"picked":"Capacitor","floor":14},{"not_picked":["Hyperbeam","Seek"],"picked":"Amplify","floor":16},{"not_picked":["Cold Snap","Reprogram"],"picked":"Redo","floor":18},{"not_picked":["Sweeping Beam","Beam Cell","Streamline"],"picked":"SKIP","floor":20}],"player_experience":446952,"relics_obtained":[{"floor":6,"key":"Blue Candle"},{"floor":9,"key":"DataDisk"}],"event_choices":[{"cards_removed":["Strike_B"],"damage_healed":0,"gold_gain":0,"player_choice":"Offered Basic","damage_taken":0,"max_hp_gain":0,"max_hp_loss":0,"event_name":"Bonfire Elementals","floor":3,"gold_loss":0},{"damage_healed":0,"gold_gain":0,"player_choice":"Success","damage_taken":33,"relics_obtained":["StoneCalendar"],"max_hp_gain":0,"max_hp_loss":0,"event_name":"Scrap Ooze","floor":5,"gold_loss":0},{"damage_healed":0,"gold_gain":0,"player_choice":"Ignored","damage_taken":0,"max_hp_gain":0,"max_hp_loss":0,"event_name":"Golden Wing","floor":10,"gold_loss":0},{"damage_healed":0,"gold_gain":0,"player_choice":"Simplicity","damage_taken":0,"max_hp_gain":0,"max_hp_loss":0,"event_name":"Back to Basics","floor":19,"gold_loss":0,"cards_upgraded":["Strike_B","Strike_B","Strike_B","Defend_B","Defend_B","Defend_B","Defend_B"]},{"damage_healed":0,"gold_gain":0,"player_choice":"Fought Bandits","damage_taken":0,"max_hp_gain":0,"max_hp_loss":0,"event_name":"Masked Bandits","floor":21,"gold_loss":0}],"is_beta":false,"boss_relics":[{"not_picked":["Fusion Hammer","FrozenCore"],"picked":"Ectoplasm"}],"items_purged_floors":[],"is_endless":false,"potions_floor_spawned":[11,12,14],"killed_by":"Masked Bandits","ascension_level":3}