{"gold_per_floor":[114,40,58,77,38,38,56,56,56,56,12,62,74,108,108,108],"floor_reached":16,"playtime":506,"items_purged":[],"score":238,"play_id":"dae533e4-bd1a-4787-a9d4-9a4bbdd606f4","local_time":"20190507135840","is_ascension_mode":true,"campfire_choices":[{"data":"Calculated Gamble","floor":6.0,"key":"SMITH"},{"data":"Concentrate","floor":8.0,"key":"SMITH"},{"data":"Poisoned Stab","floor":10.0,"key":"SMITH"},{"data":"Venomology","floor":15,"key":"SMITH"}],"neow_cost":"NONE","seed_source_timestamp":14385558840954,"circlet_count":0,"master_deck":["AscendersBane","Defend_G","Defend_G","Defend_G","Defend_G","Defend_G","Strike_G","Strike_G","Strike_G","Strike_G","Strike_G","Survivor","Neutralize","Flying Knee","Calculated Gamble+1","Poisoned Stab+1","Acrobatics","Concentrate+1","Caltrops","All Out Attack","Venomology+1"],"special_seed":0,"relics":["Runic Pyramid","Ninja Scroll","Gremlin Horn"],"potions_floor_usage":[14,14,16],"damage_taken":[{"damage":0.0,"enemies":"Cultist","floor":1.0,"turns":4.0},{"damage":4.0,"enemies":"2 Louse","floor":3.0,"turns":3.0},{"damage":0.0,"enemies":"Small Slimes","floor":4.0,"turns":3.0},{"damage":8.0,"enemies":"Exordium Thugs","floor":7.0,"turns":5.0},{"damage":4,"enemies":"2 Fungi Beasts","floor":13,"turns":3},{"damage":0,"enemies":"Gremlin Nob","floor":14,"turns":3},{"damage":37,"enemies":"Slime Boss","floor":16,"turns":5}],"seed_played":"3569584953203507631","potions_obtained":[{"floor":1.0,"key":"Dexterity Potion"},{"floor":3.0,"key":"Swift Potion"}],"is_trial":false,"path_per_floor":["M","$","M","M","$","R","M","R","T","R","$","?","M","E","R","B"],"character_chosen":"THE_SILENT","items_purchased":["Calculated Gamble","Concentrate","All Out Attack"],"campfire_rested":0,"item_purchase_floors":[2,5,11],"current_hp_per_floor":[59,59,55,55,55,55,47,47,47,47,47,41,37,37,37,0],"gold":108,"neow_bonus":"BOSS_RELIC","is_prod":false,"is_daily":false,"chose_seed":false,"campfire_upgraded":4,"win_rate":0,"timestamp":1557205120,"path_taken":["M","$","M","M","?","R","M","R","T","R","$","?","?","E","R","BOSS"],"build_version":"2019-01-23","purchased_purges":0,"victory":false,"max_hp_per_floor":[66,66,66,66,66,66,66,66,66,66,66,66,66,66,66,66],"card_choices":[{"not_picked":["Infinite Blades","Blade Dance"],"picked":"Flying Knee","floor":1.0},{"not_picked":["PiercingWail","Outmaneuver"],"picked":"Poisoned Stab","floor":3.0},{"not_picked":["Dodge and Roll","Dagger Spray"],"picked":"Acrobatics","floor":4.0},{"not_picked":["Deflect","Blade Dance"],"picked":"Caltrops","floor":7.0},{"not_picked":["Blade Dance","Cloak And Dagger"],"picked":"Venomology","floor":13},{"not_picked":["Sucker Punch","Bane","Masterful Stab"],"picked":"SKIP","floor":14}],"player_experience":756212,"relics_obtained":[{"floor":9.0,"key":"Ninja Scroll"},{"floor":14,"key":"Gremlin Horn"}],"event_choices":[{"damage_healed":0,"gold_gain":50,"player_choice":"Touch","damage_taken":6,"max_hp_gain":0,"max_hp_loss":0,"event_name":"FaceTrader","floor":12,"gold_loss":0}],"is_beta":false,"boss_relics":[],"items_purged_floors":[],"is_endless":false,"potions_floor_spawned":[1,3,13],"killed_by":"Slime Boss","ascension_level":18}