{"gold_per_floor":[218,218,107,118,118,149,149,181,181,76,86,86,39,39,39,39],"floor_reached":16,"playtime":806,"items_purged":["Strike_R"],"score":148,"play_id":"8a3e6474-466f-46bf-89f8-48ea226ba5bc","local_time":"20190505221245","is_ascension_mode":true,"campfire_choices":[{"floor":7,"key":"REST"},{"floor":12,"key":"REST"},{"data":"Inflame","floor":15,"key":"SMITH"}],"neow_cost":"NONE","seed_source_timestamp":782283336656459,"circlet_count":0,"master_deck":["Strike_R","Strike_R","Strike_R","Defend_R","Defend_R","Defend_R","Defend_R","Bash","Clothesline","Uppercut","Sword Boomerang","Evolve","Juggernaut","Inflame+1","Entrench","Twin Strike","Heavy Blade"],"relics":["Burning Blood","GremlinMask","Unceasing Top","WingedGreaves","Ice Cream","Pen Nib"],"potions_floor_usage":[11,16],"damage_taken":[{"damage":8,"enemies":"Jaw Worm","floor":1,"turns":4},{"damage":4,"enemies":"Small Slimes","floor":4,"turns":3},{"damage":52,"enemies":"3 Sentries","floor":6,"turns":10},{"damage":33,"enemies":"Gremlin Nob","floor":8,"turns":5},{"damage":6,"enemies":"Cultist","floor":11,"turns":3},{"damage":49,"enemies":"Slime Boss","floor":16,"turns":7}],"seed_played":"-9125507948205003019","potions_obtained":[{"floor":1,"key":"Dexterity Potion"},{"floor":8,"key":"Explosive Potion"}],"is_trial":false,"path_per_floor":["M","?","$","M","?","E","R","E","T","$","M","R","$","?","R","B"],"character_chosen":"IRONCLAD","items_purchased":["Uppercut","Inflame","Entrench","Heavy Blade"],"campfire_rested":2,"item_purchase_floors":[3,10,10,13],"current_hp_per_floor":[70,70,70,72,72,26,50,23,23,23,23,47,47,44,44,0],"gold":39,"neow_bonus":"HUNDRED_GOLD","is_prod":false,"is_daily":false,"chose_seed":false,"campfire_upgraded":1,"win_rate":0,"timestamp":1557112365,"path_taken":["M","?","$","M","?","E","R","E","T","$","?","R","$","?","R","BOSS"],"build_version":"2019-01-23","purchased_purges":1,"victory":false,"max_hp_per_floor":[80,80,80,80,80,80,80,80,80,80,80,80,80,80,80,80],"card_choices":[{"not_picked":["Disarm","Blood for Blood","Clash"],"picked":"SKIP","floor":1},{"not_picked":["Havoc","Heavy Blade"],"picked":"Sword Boomerang","floor":4},{"not_picked":["Thunderclap","Whirlwind"],"picked":"Evolve","floor":6},{"not_picked":["Evolve","Perfected Strike"],"picked":"Juggernaut","floor":8},{"not_picked":["Power Through","Intimidate"],"picked":"Twin Strike","floor":11}],"player_experience":598905,"relics_obtained":[{"floor":6,"key":"Unceasing Top"},{"floor":8,"key":"WingedGreaves"},{"floor":9,"key":"Ice Cream"}],"event_choices":[{"damage_healed":0,"gold_gain":0,"cards_transformed":["Strike_R"],"player_choice":"Change","damage_taken":0,"max_hp_gain":0,"max_hp_loss":0,"event_name":"Living Wall","floor":2,"gold_loss":0,"cards_obtained":["Clothesline"]},{"damage_healed":0,"gold_gain":0,"player_choice":"Trade","damage_taken":0,"relics_obtained":["GremlinMask"],"max_hp_gain":0,"max_hp_loss":0,"event_name":"FaceTrader","floor":5,"gold_loss":0},{"damage_healed":0,"gold_gain":0,"player_choice":"Success","damage_taken":3,"relics_obtained":["Pen Nib"],"max_hp_gain":0,"max_hp_loss":0,"event_name":"Scrap Ooze","floor":14,"gold_loss":0}],"is_beta":false,"boss_relics":[],"items_purged_floors":[3],"is_endless":false,"potions_floor_spawned":[1,8],"killed_by":"Slime Boss","ascension_level":8}