{"gold_per_floor":[218,230,241,252,19,19,31,64,64,64,64,14,28,28,28,128,128,116,130,130,130],"floor_reached":21,"playtime":1293,"items_purged":[],"score":253,"play_id":"66363e2a-463c-43dd-a3f0-fa0540ebb105","local_time":"20190507083458","is_ascension_mode":true,"campfire_choices":[{"data":"Blade Dance","floor":6.0,"key":"SMITH"},{"floor":11.0,"key":"REST"},{"floor":15.0,"key":"REST"}],"neow_cost":"NONE","seed_source_timestamp":419674573270564,"circlet_count":0,"master_deck":["Defend_G","Defend_G","Defend_G","Defend_G","Strike_G","Strike_G","Strike_G","Strike_G","Strike_G","Survivor","Neutralize","Blade Dance+1","Footwork","Cloak And Dagger","Accuracy","Backflip","Storm of Steel","Setup+1","Outmaneuver+1"],"special_seed":0,"relics":["Ring of the Snake","Orichalcum","Torii","Happy Flower"],"potions_floor_usage":[21],"damage_taken":[{"damage":4.0,"enemies":"Jaw Worm","floor":1.0,"turns":5.0},{"damage":0.0,"enemies":"Small Slimes","floor":2.0,"turns":5.0},{"damage":2.0,"enemies":"2 Louse","floor":3.0,"turns":4.0},{"damage":6.0,"enemies":"Looter","floor":4.0,"turns":4.0},{"damage":1.0,"enemies":"3 Louse","floor":7.0,"turns":3.0},{"damage":32.0,"enemies":"Lagavulin","floor":8.0,"turns":10.0},{"damage":2.0,"enemies":"Red Slaver","floor":13.0,"turns":4.0},{"damage":40.0,"enemies":"The Guardian","floor":16.0,"turns":13.0},{"damage":20,"enemies":"2 Thieves","floor":18,"turns":4},{"damage":2,"enemies":"Chosen","floor":19,"turns":6},{"damage":25,"enemies":"Colosseum Slavers","floor":21,"turns":2}],"seed_played":"1295108149458968848","potions_obtained":[{"floor":2.0,"key":"GamblersBrew"},{"floor":4.0,"key":"Dexterity Potion"},{"floor":18,"key":"Ancient Potion"}],"is_trial":false,"path_per_floor":["M","M","M","M","$","R","M","E","T","$","R","?","M","?","R","B",null,"M","M","?","?"],"character_chosen":"THE_SILENT","items_purchased":["Accuracy","Orichalcum"],"campfire_rested":2,"item_purchase_floors":[5,5],"current_hp_per_floor":[59,59,57,51,51,51,50,18,18,18,39,39,37,37,58,18,57,37,35,22,0],"gold":130,"neow_bonus":"HUNDRED_GOLD","is_prod":false,"is_daily":false,"chose_seed":false,"campfire_upgraded":1,"win_rate":0,"timestamp":1557210898,"path_taken":["M","M","M","M","$","R","M","E","T","$","R","?","M","?","R","BOSS","M","M","?","?"],"build_version":"2019-01-23","purchased_purges":0,"victory":false,"max_hp_per_floor":[70,70,70,70,70,70,70,70,70,70,70,70,70,70,70,70,70,70,70,75,75],"card_choices":[{"not_picked":["Slice","Flying Knee"],"picked":"Blade Dance","floor":1.0},{"not_picked":["Bane","Cloak And Dagger"],"picked":"Footwork","floor":2.0},{"not_picked":["Acrobatics","Outmaneuver"],"picked":"Cloak And Dagger","floor":3.0},{"not_picked":["Sucker Punch","All Out Attack","Predator"],"picked":"SKIP","floor":4.0},{"not_picked":["Skewer","Flying Knee"],"picked":"Backflip","floor":7.0},{"not_picked":["Grand Finale","Calculated Gamble","Dagger Spray"],"picked":"SKIP","floor":8.0},{"not_picked":["PiercingWail","Well Laid Plans","Acrobatics"],"picked":"SKIP","floor":13.0},{"not_picked":["Grand Finale","Tools of the Trade"],"picked":"Storm of Steel","floor":16.0},{"not_picked":["Catalyst","Blur"],"picked":"Setup+1","floor":18},{"not_picked":["Backstab","Flying Knee+1"],"picked":"Outmaneuver+1","floor":19}],"player_experience":422289,"relics_obtained":[{"floor":8.0,"key":"Torii"},{"floor":9.0,"key":"Happy Flower"}],"event_choices":[{"cards_removed":["Defend_G"],"damage_healed":0.0,"max_hp_gain":0.0,"max_hp_loss":0.0,"gold_gain":0.0,"event_name":"The Cleric","player_choice":"Card Removal","floor":12.0,"gold_loss":50.0,"damage_taken":0.0},{"damage_healed":0.0,"max_hp_gain":0.0,"max_hp_loss":0.0,"gold_gain":0.0,"event_name":"Liars Game","player_choice":"Ignored","floor":14.0,"gold_loss":0.0,"damage_taken":0.0},{"damage_healed":0,"gold_gain":0,"player_choice":"Shed Blood","damage_taken":18,"max_hp_gain":5,"max_hp_loss":0,"event_name":"Forgotten Altar","floor":20,"gold_loss":0},{"damage_healed":0,"gold_gain":0,"player_choice":"Fight","damage_taken":0,"max_hp_gain":0,"max_hp_loss":0,"event_name":"Colosseum","floor":21,"gold_loss":0}],"is_beta":false,"boss_relics":[{"not_picked":["Cursed Key","Ectoplasm","Snecko Eye"]}],"items_purged_floors":[],"is_endless":false,"potions_floor_spawned":[2,4,18],"killed_by":"Colosseum Slavers","ascension_level":8}