{"gold_per_floor":[115,115,133,133,153,153,183,183,207,220,297,328,328,347,347,443,443,456,371,390,405,183,183,215,215,215,140,140,70,86,155,155,258,258,277,277,291,309,4,4,36,36,36,36,36,36,136,185,185,185],"floor_reached":51,"playtime":3737,"items_purged":[],"score":1027,"play_id":"598d58a6-91f9-4391-a5f5-32e5a39becb4","local_time":"20190507000644","is_ascension_mode":true,"campfire_choices":[{"data":"Neutralize","floor":6,"key":"SMITH"},{"floor":8,"key":"REST"},{"floor":13,"key":"REST"},{"floor":15,"key":"REST"},{"data":"Footwork","floor":23,"key":"SMITH"},{"floor":25,"key":"REST"},{"data":"Noxious Fumes","floor":28,"key":"SMITH"},{"floor":32,"key":"REST"},{"floor":40,"key":"REST"},{"floor":42,"key":"REST"},{"floor":46,"key":"REST"},{"floor":49,"key":"REST"}],"neow_cost":"NONE","seed_source_timestamp":798704278249,"circlet_count":0,"master_deck":["Survivor","Neutralize+1","Sucker Punch","Flying Knee","Dagger Spray","Well Laid Plans","Flying Knee+1","All Out Attack+1","Dagger Spray+1","Die Die Die+1","Noxious Fumes+1","Adrenaline","Prepared+1","Die Die Die+1","Terror","Wraith Form v2","Dash+1","Accuracy","Cloak And Dagger+1","Reflex","Accuracy+1","Footwork+1","PiercingWail","Finisher+1","Crippling Poison+1","Tactician","Catalyst+1","Burst","Dodge and Roll","Noxious Fumes","Footwork","Backflip","Dash+1","Backflip+1","Dodge and Roll+1"],"relics":["Ring of the Snake","NeowsBlessing","Juzu Bracelet","Molten Egg 2","Anchor","Blue Candle","Pandora\u0027s Box","Vajra","Singing Bowl","War Paint","Pear","Fusion Hammer","Strawberry","Bag of Marbles","Kunai","StoneCalendar"],"potions_floor_usage":[12,12,12,33,50,50],"damage_taken":[{"damage":0,"enemies":"Cultist","floor":1,"turns":1},{"damage":0,"enemies":"Small Slimes","floor":3,"turns":1},{"damage":0,"enemies":"Jaw Worm","floor":5,"turns":1},{"damage":29,"enemies":"Gremlin Nob","floor":7,"turns":5},{"damage":17,"enemies":"Large Slime","floor":10,"turns":10},{"damage":17,"enemies":"Lagavulin","floor":12,"turns":7},{"damage":1,"enemies":"Blue Slaver","floor":14,"turns":4},{"damage":30,"enemies":"The Guardian","floor":16,"turns":15},{"damage":0,"enemies":"Shell Parasite","floor":18,"turns":3},{"damage":0,"enemies":"Chosen","floor":20,"turns":3},{"damage":22,"enemies":"Snecko","floor":21,"turns":5},{"damage":22,"enemies":"Book of Stabbing","floor":24,"turns":6},{"damage":9,"enemies":"Cultist and Chosen","floor":30,"turns":4},{"damage":29,"enemies":"Collector","floor":33,"turns":7},{"damage":2,"enemies":"3 Shapes","floor":35,"turns":4},{"damage":7,"enemies":"3 Darklings","floor":37,"turns":4},{"damage":25,"enemies":"Transient","floor":38,"turns":5},{"damage":24,"enemies":"Giant Head","floor":41,"turns":7},{"damage":10,"enemies":"2 Orb Walkers","floor":48,"turns":3},{"damage":90,"enemies":"Awakened One","floor":50,"turns":13}],"seed_played":"1994370134229742121","potions_obtained":[{"floor":1,"key":"GhostInAJar"},{"floor":7,"key":"GhostInAJar"},{"floor":10,"key":"SteroidPotion"},{"floor":14,"key":"SkillPotion"},{"floor":24,"key":"SteroidPotion"},{"floor":30,"key":"Block Potion"},{"floor":41,"key":"EssenceOfSteel"},{"floor":48,"key":"SpeedPotion"}],"is_trial":false,"path_per_floor":["M","?","M","?","M","R","E","R","T","M","?","E","R","M","R","B",null,"M","?","M","M","$","R","E","R","T","?","R","$","M","T","R","B",null,"M","?","M","M","$","R","E","R","T","?","?","R","?","?","R","B",null],"character_chosen":"THE_SILENT","items_purchased":["Footwork","PiercingWail","PowerPotion","Finisher+1","Tactician","Footwork","Backflip","Dash+1","Strawberry"],"campfire_rested":9,"item_purchase_floors":[22,22,22,22,29,39,39,39,39],"current_hp_per_floor":[63,63,63,45,45,45,16,37,37,20,20,3,24,23,44,14,56,56,56,56,34,34,34,12,33,33,33,33,33,24,34,58,29,67,65,65,60,35,42,68,44,70,70,72,72,91,91,81,91,1],"gold":185,"neow_bonus":"THREE_ENEMY_KILL","is_prod":false,"is_daily":false,"chose_seed":false,"campfire_upgraded":3,"win_rate":0,"timestamp":1557205604,"path_taken":["M","?","?","?","M","R","E","R","T","M","?","E","R","M","R","BOSS","M","?","M","M","$","R","E","R","T","?","R","$","M","?","R","BOSS","M","?","M","M","$","R","E","R","T","?","?","R","?","?","R","BOSS"],"build_version":"2019-01-23","purchased_purges":0,"victory":true,"max_hp_per_floor":[70,70,70,70,70,70,70,70,70,70,70,70,70,70,70,70,70,70,70,70,70,70,70,70,70,70,70,70,70,70,80,80,80,80,80,80,82,82,89,89,89,89,89,91,91,91,91,91,91,91],"card_choices":[{"not_picked":["Outmaneuver","Slice"],"picked":"Sucker Punch","floor":1},{"not_picked":["Slice","Cloak And Dagger"],"picked":"Dagger Spray","floor":3},{"not_picked":["Escape Plan","Deflect","Slice"],"picked":"SKIP","floor":5},{"not_picked":["Infinite Blades","Setup"],"picked":"Well Laid Plans","floor":7},{"not_picked":["Masterful Stab+1","Well Laid Plans"],"picked":"Flying Knee+1","floor":10},{"not_picked":["Doppelganger","Escape Plan"],"picked":"All Out Attack+1","floor":12},{"not_picked":["Flying Knee+1","Leg Sweep"],"picked":"Dagger Spray+1","floor":14},{"not_picked":["Malaise","Envenom"],"picked":"Die Die Die+1","floor":16},{"not_picked":["Sucker Punch+1","Prepared+1"],"picked":"Cloak And Dagger+1","floor":18},{"not_picked":["Dodge and Roll","Underhanded Strike+1"],"picked":"Reflex","floor":20},{"not_picked":["Outmaneuver","Backstab+1"],"picked":"Accuracy+1","floor":21},{"not_picked":["Outmaneuver+1","Quick Slash+1"],"picked":"Crippling Poison","floor":24},{"not_picked":["Predator+1","Dodge and Roll"],"picked":"Catalyst+1","floor":30},{"not_picked":["Grand Finale+1","Malaise"],"picked":"Burst","floor":33},{"not_picked":["Well Laid Plans","Dagger Spray+1"],"picked":"Dodge and Roll","floor":35},{"not_picked":["Finisher+1","Flying Knee+1","Sucker Punch+1"],"picked":"Singing Bowl","floor":37},{"not_picked":["Flechettes+1","Bane+1"],"picked":"Noxious Fumes","floor":38},{"not_picked":["Corpse Explosion","Dagger Spray+1"],"picked":"Backflip+1","floor":41},{"not_picked":["Blind","Magnetism","Flash of Steel+1"],"picked":"Singing Bowl","floor":44},{"not_picked":["Leg Sweep","Heel Hook+1"],"picked":"Dodge and Roll+1","floor":48}],"player_experience":605884,"relics_obtained":[{"floor":7,"key":"Molten Egg 2"},{"floor":9,"key":"Anchor"},{"floor":12,"key":"Blue Candle"},{"floor":24,"key":"Singing Bowl"},{"floor":26,"key":"War Paint"},{"floor":31,"key":"Pear"},{"floor":41,"key":"Bag of Marbles"},{"floor":43,"key":"Kunai"},{"floor":48,"key":"StoneCalendar"}],"event_choices":[{"damage_healed":0,"gold_gain":0,"cards_transformed":["Strike_G"],"player_choice":"Transformed","damage_taken":0,"max_hp_gain":0,"max_hp_loss":0,"event_name":"Transmorgrifier","floor":2,"gold_loss":0,"cards_obtained":["Flying Knee"]},{"damage_healed":0,"gold_gain":0,"player_choice":"Success","damage_taken":18,"relics_obtained":["Juzu Bracelet"],"max_hp_gain":0,"max_hp_loss":0,"event_name":"Scrap Ooze","floor":4,"gold_loss":0},{"damage_healed":0,"gold_gain":77,"player_choice":"Gained Gold","damage_taken":0,"max_hp_gain":0,"max_hp_loss":0,"event_name":"Golden Wing","floor":11,"gold_loss":0},{"damage_healed":0,"gold_gain":0,"player_choice":"Obtained Relic","damage_taken":0,"relics_obtained":["Vajra"],"max_hp_gain":0,"max_hp_loss":0,"event_name":"Addict","floor":19,"gold_loss":85},{"cards_removed":["Night Terror"],"damage_healed":0,"gold_gain":0,"player_choice":"Gave Gold","damage_taken":0,"max_hp_gain":0,"max_hp_loss":0,"event_name":"Beggar","floor":27,"gold_loss":75},{"damage_healed":0,"gold_gain":0,"player_choice":"Ignored","damage_taken":0,"max_hp_gain":0,"max_hp_loss":0,"event_name":"Tomb of Lord Red Mask","floor":36,"gold_loss":0},{"damage_healed":0,"gold_gain":0,"player_choice":"Memory 1","damage_taken":0,"max_hp_gain":0,"max_hp_loss":0,"event_name":"SensoryStone","floor":44,"gold_loss":0},{"damage_healed":0,"gold_gain":0,"player_choice":"Leave","damage_taken":0,"max_hp_gain":0,"max_hp_loss":0,"event_name":"FaceTrader","floor":45,"gold_loss":0},{"damage_healed":0,"gold_gain":100,"player_choice":"Pray","damage_taken":0,"max_hp_gain":0,"max_hp_loss":0,"event_name":"Golden Shrine","floor":47,"gold_loss":0},{"damage_healed":0,"gold_gain":0,"player_choice":"Fight","damage_taken":0,"max_hp_gain":0,"max_hp_loss":0,"event_name":"Mysterious Sphere","floor":48,"gold_loss":0}],"is_beta":false,"boss_relics":[{"not_picked":["Black Star","Astrolabe"],"picked":"Pandora\u0027s Box"},{"not_picked":["Runic Pyramid","Coffee Dripper"],"picked":"Fusion Hammer"}],"items_purged_floors":[],"is_endless":false,"potions_floor_spawned":[1,7,10,14,24,30,41,48],"ascension_level":9}