{"gold_per_floor":[110,2,2,18,18,18,93,103,127,147,2,2,15,83,83,186,186,186,186,186,186,186,186,186,186,186,186,186,186,186,186,186,186,186,186,96,96,96,73,73,73,73,73,73,73,73,73,73,73,73],"floor_reached":50,"playtime":4909,"items_purged":["Strike_G"],"score":534,"play_id":"d81355dd-99b8-4ed3-b18b-d802da07df9e","local_time":"20190216000416","is_ascension_mode":true,"campfire_choices":[{"data":"Neutralize","floor":6,"key":"SMITH"},{"floor":12,"key":"REST"},{"data":"Footwork","floor":15,"key":"SMITH"},{"floor":27,"key":"REST"},{"data":"Noxious Fumes","floor":30,"key":"SMITH"},{"floor":32,"key":"REST"},{"data":"Catalyst","floor":40,"key":"SMITH"},{"floor":42,"key":"RECALL"},{"floor":49,"key":"REST"}],"neow_cost":"NONE","seed_source_timestamp":1444079323566440,"circlet_count":0,"master_deck":["Defend_G","Defend_G","Defend_G","Defend_G","Survivor+1","Neutralize+1","Sucker Punch+1","Caltrops","Quick Slash","Noxious Fumes+1","Footwork+1","Tools of the Trade","Escape Plan","Dodge and Roll","Deadly Poison","Burst+1","Phantasmal Killer+1","Deflect+1","Dodge and Roll+1","Catalyst+1","Terror+1","Backflip","Acrobatics+1","Deflect+1"],"relics":["Ring of the Snake","Anchor","Snake Skull","Bottled Tornado","Ectoplasm","Art of War","Astrolabe","The Specimen","Mummified Hand"],"potions_floor_usage":[25,33,33,50],"damage_taken":[{"damage":0,"enemies":"Small Slimes","floor":1,"turns":4},{"damage":1,"enemies":"Jaw Worm","floor":4,"turns":4},{"damage":0,"enemies":"2 Louse","floor":8,"turns":3},{"damage":10,"enemies":"Gremlin Gang","floor":10,"turns":5},{"damage":12,"enemies":"Exordium Wildlife","floor":13,"turns":5},{"damage":24,"enemies":"Slime Boss","floor":16,"turns":11},{"damage":3,"enemies":"Shell Parasite","floor":18,"turns":7},{"damage":8,"enemies":"Spheric Guardian","floor":19,"turns":6},{"damage":11,"enemies":"Snecko","floor":21,"turns":7},{"damage":8,"enemies":"Centurion and Healer","floor":22,"turns":9},{"damage":18,"enemies":"Sentry and Sphere","floor":23,"turns":8},{"damage":0,"enemies":"Cultist and Chosen","floor":25,"turns":4},{"damage":0,"enemies":"Shelled Parasite and Fungi","floor":28,"turns":5},{"damage":0,"enemies":"Centurion and Healer","floor":31,"turns":6},{"damage":39,"enemies":"Collector","floor":33,"turns":13},{"damage":7,"enemies":"3 Darklings","floor":35,"turns":9},{"damage":5,"enemies":"Orb Walker","floor":37,"turns":5},{"damage":11,"enemies":"Transient","floor":44,"turns":5},{"damage":7,"enemies":"Sphere and 2 Shapes","floor":45,"turns":5},{"damage":1,"enemies":"Jaw Worm Horde","floor":47,"turns":5},{"damage":4,"enemies":"Maw","floor":48,"turns":6},{"damage":64,"enemies":"Donu and Deca","floor":50,"turns":10}],"seed_played":"8621262701519415465","potions_obtained":[{"floor":4,"key":"SmokeBomb"},{"floor":8,"key":"SpeedPotion"},{"floor":22,"key":"Poison Potion"},{"floor":31,"key":"SpeedPotion"},{"floor":33,"key":"Energy Potion"},{"floor":37,"key":"Poison Potion"}],"is_trial":false,"path_per_floor":["M","$","?","M","?","R","?","M","T","M","$","R","M","T","R","B",null,"M","M","?","M","M","M","?","M","T","R","M","$","R","M","R","B",null,"M","?","M","?","$","R","T","R","T","M","M","?","M","M","R","B"],"character_chosen":"THE_SILENT","items_purchased":["Caltrops","Snake Skull","Backflip"],"campfire_rested":4,"item_purchase_floors":[2,11,39],"current_hp_per_floor":[70,70,70,69,55,55,44,44,44,34,34,55,43,43,43,19,70,67,59,59,48,40,22,22,22,22,43,43,43,43,43,64,25,70,63,63,58,58,58,58,58,58,58,47,40,40,39,35,56,0],"gold":73,"neow_bonus":"REMOVE_CARD","is_prod":false,"is_daily":false,"chose_seed":false,"campfire_upgraded":4,"win_rate":0,"timestamp":1550297056,"path_taken":["M","$","?","M","?","R","?","M","T","M","$","R","M","?","R","BOSS","M","?","?","?","M","M","?","M","T","R","?","$","R","M","R","BOSS","M","?","?","?","?","R","?","R","T","?","M","?","?","M","R","BOSS"],"build_version":"2019-01-23","purchased_purges":1,"victory":false,"max_hp_per_floor":[70,70,70,70,70,70,70,70,70,70,70,70,70,70,70,70,70,70,70,70,70,70,70,70,70,70,70,70,70,70,70,70,70,70,70,70,70,70,70,70,70,70,70,70,70,70,70,70,70,70],"card_choices":[{"not_picked":["Underhanded Strike","Acrobatics"],"picked":"Sucker Punch","floor":1},{"not_picked":["Outmaneuver","Deflect"],"picked":"Quick Slash","floor":4},{"not_picked":["Blur","Escape Plan"],"picked":"Noxious Fumes","floor":8},{"not_picked":["Underhanded Strike","Unload","Sucker Punch"],"picked":"SKIP","floor":10},{"not_picked":["Bane","Dagger Throw"],"picked":"Footwork","floor":13},{"not_picked":["Corpse Explosion","Venomology"],"picked":"Tools of the Trade","floor":16},{"not_picked":["Crippling Poison+1","Deflect","Slice"],"picked":"SKIP","floor":18},{"not_picked":["Choke","Riddle With Holes"],"picked":"Escape Plan","floor":19},{"not_picked":["Quick Slash","Prepared"],"picked":"Dodge and Roll","floor":21},{"not_picked":["Infinite Blades","Poisoned Stab","Quick Slash"],"picked":"SKIP","floor":22},{"not_picked":["Dagger Spray+1","Slice"],"picked":"Deadly Poison","floor":23},{"not_picked":["All Out Attack+1","Infinite Blades","Storm of Steel"],"picked":"SKIP","floor":28},{"not_picked":["Poisoned Stab","Infinite Blades","PiercingWail+1"],"picked":"SKIP","floor":31},{"not_picked":["Grand Finale","Phantasmal Killer"],"picked":"Burst","floor":33},{"not_picked":["Prepared","Dagger Spray+1"],"picked":"Catalyst","floor":35},{"not_picked":["Deflect+1","Wraith Form v2"],"picked":"Terror+1","floor":37},{"not_picked":["Outmaneuver","Distraction+1"],"picked":"Acrobatics+1","floor":44},{"not_picked":["Blade Dance","Calculated Gamble+1","Concentrate"],"picked":"SKIP","floor":45},{"not_picked":["Sucker Punch+1","Blade Dance+1"],"picked":"Deflect+1","floor":47},{"not_picked":["Expertise","Cloak And Dagger+1","Calculated Gamble"],"picked":"SKIP","floor":48}],"player_experience":367457,"relics_obtained":[{"floor":9,"key":"Anchor"},{"floor":14,"key":"Bottled Tornado"},{"floor":26,"key":"Art of War"},{"floor":43,"key":"The Specimen"}],"event_choices":[{"damage_healed":0,"gold_gain":0,"player_choice":"Leave","damage_taken":0,"max_hp_gain":0,"max_hp_loss":0,"event_name":"The Cleric","floor":3,"gold_loss":0},{"damage_healed":0,"gold_gain":0,"player_choice":"Entered Light","damage_taken":14,"max_hp_gain":0,"max_hp_loss":0,"event_name":"Shining Light","floor":5,"gold_loss":0,"cards_upgraded":["Sucker Punch","Survivor"]},{"damage_healed":0,"gold_gain":75,"player_choice":"Gather Gold","damage_taken":11,"max_hp_gain":0,"max_hp_loss":0,"event_name":"World of Goop","floor":7,"gold_loss":0},{"damage_healed":0,"gold_gain":0,"player_choice":"2 cards matched","damage_taken":0,"max_hp_gain":0,"max_hp_loss":0,"event_name":"Match and Keep!","floor":20,"gold_loss":0,"cards_obtained":["Neutralize","Shame"]},{"damage_healed":0,"gold_gain":0,"player_choice":"2 cards matched","damage_taken":0,"max_hp_gain":0,"max_hp_loss":0,"event_name":"Match and Keep!","floor":20,"gold_loss":0,"cards_obtained":["Neutralize","Shame"]},{"cards_removed":["Shame"],"damage_healed":0,"gold_gain":0,"player_choice":"Removed Curses","damage_taken":0,"max_hp_gain":0,"max_hp_loss":0,"event_name":"Fountain of Cleansing","floor":24,"gold_loss":0},{"cards_removed":["Defend_G"],"damage_healed":0,"gold_gain":0,"player_choice":"Upgrade and Remove","damage_taken":0,"max_hp_gain":0,"max_hp_loss":0,"event_name":"Designer","floor":36,"gold_loss":90,"cards_upgraded":["Burst"]},{"cards_removed":["Neutralize"],"damage_healed":0,"gold_gain":0,"player_choice":"Removed Attack","damage_taken":0,"max_hp_gain":0,"max_hp_loss":0,"event_name":"Falling","floor":38,"gold_loss":0},{"damage_healed":0,"gold_gain":0,"player_choice":"Gave Potion","damage_taken":0,"relics_obtained":["Mummified Hand"],"max_hp_gain":0,"max_hp_loss":0,"event_name":"WeMeetAgain","floor":46,"gold_loss":0}],"is_beta":false,"boss_relics":[{"not_picked":["White Beast Statue","Black Star"],"picked":"Ectoplasm"},{"not_picked":["Empty Cage","WristBlade"],"picked":"Astrolabe"}],"items_purged_floors":[2],"is_endless":false,"potions_floor_spawned":[4,8,22,25,31,33,37,44],"killed_by":"Donu and Deca","ascension_level":2}