{"gold_per_floor":[210,210,210,224,93,122,122,150,162,193,205,69,69,96,96,194,194,206,54,54,68,85,85,110,110,110,25,25,35,35,55,55,152,152,162,86,186,202,202,202,231,231,313,313,333,333,344,360,360,360],"floor_reached":51,"playtime":2957,"items_purged":["Strike_R","Strike_R"],"score":1010,"play_id":"8d598cfd-8858-4dbb-8eb9-a8bd6cab5bd9","local_time":"20190505235059","is_ascension_mode":true,"campfire_choices":[{"floor":7,"key":"REST"},{"data":"1","floor":11,"key":"LIFT"},{"data":"2","floor":13,"key":"LIFT"},{"floor":15,"key":"REST"},{"data":"Limit Break","floor":23,"key":"SMITH"},{"data":"3","floor":25,"key":"LIFT"},{"data":"Shrug It Off","floor":30,"key":"SMITH"},{"floor":32,"key":"REST"},{"data":"Shockwave","floor":40,"key":"SMITH"},{"data":"Heavy Blade","floor":42,"key":"SMITH"},{"data":"Double Tap","floor":44,"key":"SMITH"},{"data":"Shrug It Off","floor":46,"key":"SMITH"},{"floor":49,"key":"REST"}],"neow_cost":"NONE","seed_source_timestamp":785844267356919,"circlet_count":0,"master_deck":["Strike_R","Strike_R","Strike_R+1","Defend_R+1","Defend_R","Defend_R","Defend_R","Bash","Shrug It Off+1","Cleave","Inflame","Clothesline","Whirlwind","Limit Break+1","Double Tap+1","Feed","Spot Weakness","Shrug It Off+1","Armaments","Heavy Blade+1","Limit Break+1","Sword Boomerang","Shockwave+1","Heavy Blade+1","Disarm+1","Headbutt","Warcry+1","Warcry+1"],"relics":["Black Blood","Girya","MawBank","Charon\u0027s Ashes","Kunai","Question Card","Blue Candle","Gremlin Horn","Paper Frog","Velvet Choker","Turnip","Letter Opener"],"potions_floor_usage":[8,21,22,24,29,33,47,50,50],"damage_taken":[{"damage":0,"enemies":"Small Slimes","floor":1,"turns":4},{"damage":4,"enemies":"Jaw Worm","floor":4,"turns":3},{"damage":35,"enemies":"Lagavulin","floor":6,"turns":7},{"damage":19,"enemies":"3 Sentries","floor":8,"turns":6},{"damage":3,"enemies":"2 Louse","floor":10,"turns":3},{"damage":34,"enemies":"Gremlin Nob","floor":14,"turns":4},{"damage":16,"enemies":"The Guardian","floor":16,"turns":11},{"damage":6,"enemies":"3 Byrds","floor":18,"turns":4},{"damage":20,"enemies":"2 Thieves","floor":21,"turns":4},{"damage":22,"enemies":"Centurion and Healer","floor":22,"turns":6},{"damage":38,"enemies":"Gremlin Leader","floor":24,"turns":7},{"damage":13,"enemies":"Sentry and Sphere","floor":29,"turns":4},{"damage":10,"enemies":"3 Cultists","floor":31,"turns":3},{"damage":65,"enemies":"Collector","floor":33,"turns":8},{"damage":20,"enemies":"3 Shapes","floor":35,"turns":4},{"damage":5,"enemies":"Orb Walker","floor":38,"turns":3},{"damage":17,"enemies":"Nemesis","floor":41,"turns":3},{"damage":5,"enemies":"Sphere and 2 Shapes","floor":45,"turns":5},{"damage":21,"enemies":"Transient","floor":47,"turns":5},{"damage":10,"enemies":"Jaw Worm Horde","floor":48,"turns":3},{"damage":89,"enemies":"Awakened One","floor":50,"turns":6}],"seed_played":"-6431692581841348975","potions_obtained":[{"floor":4,"key":"Energy Potion"},{"floor":8,"key":"Regen Potion"},{"floor":10,"key":"Block Potion"},{"floor":16,"key":"Regen Potion"},{"floor":18,"key":"LiquidBronze"},{"floor":21,"key":"Fire Potion"},{"floor":22,"key":"Dexterity Potion"},{"floor":31,"key":"Block Potion"},{"floor":41,"key":"SkillPotion"},{"floor":47,"key":"Poison Potion"}],"is_trial":false,"path_per_floor":["M","?","?","M","$","E","R","E","T","M","R","$","R","E","R","B",null,"M","$","?","M","M","R","E","R","T","?","T","M","R","M","R","B",null,"M","$","?","M","?","R","E","R","T","R","M","R","M","M","R","B",null],"character_chosen":"IRONCLAD","items_purchased":["Inflame","Clothesline","Limit Break","Shrug It Off","Shockwave"],"campfire_rested":4,"item_purchase_floors":[5,5,12,19,36],"current_hp_per_floor":[78,83,66,68,68,39,64,51,51,54,54,54,54,26,51,41,74,81,81,81,71,74,74,46,46,46,46,46,46,46,46,74,19,75,68,68,68,77,77,77,70,70,70,70,78,78,67,70,102,23],"gold":360,"neow_bonus":"HUNDRED_GOLD","is_prod":false,"is_daily":false,"chose_seed":false,"campfire_upgraded":6,"win_rate":0,"timestamp":1557118259,"path_taken":["M","?","?","M","$","E","R","E","T","M","R","?","R","E","R","BOSS","M","$","?","M","M","R","E","R","T","?","?","M","R","M","R","BOSS","M","$","?","?","?","R","E","R","T","R","M","R","M","?","R","BOSS"],"build_version":"2019-01-23","purchased_purges":2,"victory":true,"max_hp_per_floor":[80,85,85,85,85,85,85,85,85,85,85,85,85,85,85,85,85,88,88,88,88,91,91,91,91,91,91,91,94,94,94,94,94,94,97,97,97,101,101,101,101,101,101,101,104,104,104,107,107,107],"card_choices":[{"not_picked":["Thunderclap","Dropkick"],"picked":"Shrug It Off","floor":1},{"not_picked":["Shrug It Off","Anger"],"picked":"Cleave","floor":4},{"not_picked":["Infernal Blade","Second Wind","Thunderclap"],"picked":"SKIP","floor":6},{"not_picked":["Brutality","Perfected Strike","Disarm"],"picked":"SKIP","floor":8},{"not_picked":["Searing Blow","Warcry"],"picked":"Whirlwind","floor":10},{"not_picked":["Cleave","Burning Pact"],"picked":"Double Tap","floor":14},{"not_picked":["Berserk","Impervious"],"picked":"Feed","floor":16},{"not_picked":["True Grit","Combust"],"picked":"Spot Weakness","floor":18},{"not_picked":["Rampage+1","Anger","Metallicize+1"],"picked":"SKIP","floor":21},{"not_picked":["Sentinel","Perfected Strike","Blood for Blood+1"],"picked":"SKIP","floor":22},{"not_picked":["Cleave","Sentinel","Havoc"],"picked":"SKIP","floor":24},{"not_picked":["Warcry","Anger","Clothesline+1","Havoc"],"picked":"SKIP","floor":29},{"not_picked":["Burning Pact","Perfected Strike","Cleave+1"],"picked":"Heavy Blade","floor":31},{"not_picked":["Brutality","Demon Form","Offering"],"picked":"Limit Break","floor":33},{"not_picked":["Havoc+1","Metallicize+1","Sever Soul"],"picked":"Sword Boomerang","floor":35},{"not_picked":["Thunderclap","Entrench+1","Armaments"],"picked":"Heavy Blade+1","floor":38},{"not_picked":["Armaments+1","Cleave+1","Combust"],"picked":"Disarm+1","floor":41},{"not_picked":["Inflame","Ghostly Armor","True Grit"],"picked":"Headbutt","floor":45},{"not_picked":["Carnage","Cleave","Thunderclap"],"picked":"Warcry+1","floor":47},{"not_picked":["Heavy Blade","Perfected Strike+1","True Grit"],"picked":"Warcry+1","floor":48}],"player_experience":602135,"relics_obtained":[{"floor":6,"key":"Girya"},{"floor":8,"key":"MawBank"},{"floor":9,"key":"Charon\u0027s Ashes"},{"floor":14,"key":"Kunai"},{"floor":24,"key":"Question Card"},{"floor":26,"key":"Blue Candle"},{"floor":28,"key":"Paper Frog"},{"floor":41,"key":"Turnip"},{"floor":43,"key":"Letter Opener"}],"event_choices":[{"damage_healed":0,"gold_gain":0,"player_choice":"Donut","damage_taken":0,"max_hp_gain":5,"max_hp_loss":0,"event_name":"Big Fish","floor":2,"gold_loss":0},{"damage_healed":0,"gold_gain":0,"player_choice":"Entered Light","damage_taken":17,"max_hp_gain":0,"max_hp_loss":0,"event_name":"Shining Light","floor":3,"gold_loss":0,"cards_upgraded":["Defend_R","Strike_R"]},{"damage_healed":0,"gold_gain":0,"player_choice":"Read","damage_taken":0,"max_hp_gain":0,"max_hp_loss":0,"event_name":"The Library","floor":20,"gold_loss":0,"cards_obtained":["Armaments"]},{"damage_healed":0,"gold_gain":0,"player_choice":"Obtained Relic","damage_taken":0,"relics_obtained":["Gremlin Horn"],"max_hp_gain":0,"max_hp_loss":0,"event_name":"Addict","floor":27,"gold_loss":85},{"damage_healed":0,"gold_gain":100,"player_choice":"Pray","damage_taken":0,"max_hp_gain":0,"max_hp_loss":0,"event_name":"Golden Shrine","floor":37,"gold_loss":0},{"damage_healed":0,"gold_gain":0,"player_choice":"Forge","damage_taken":0,"max_hp_gain":0,"max_hp_loss":0,"event_name":"Accursed Blacksmith","floor":39,"gold_loss":0,"cards_upgraded":["Limit Break"]}],"is_beta":false,"boss_relics":[{"not_picked":["Lizard Tail","Pandora\u0027s Box"],"picked":"Black Blood"},{"not_picked":["Busted Crown","Tiny House"],"picked":"Velvet Choker"}],"items_purged_floors":[12,19],"is_endless":false,"potions_floor_spawned":[4,8,10,16,18,21,22,31,41,47],"ascension_level":8}