{"gold_per_floor":[118,17,17,17,17,45,45,63,63,83,158,158,220,236,236,338,338,351,351,276,276,295,295,495,508,534,549,41,56,56,76,76,178,178,195,195,70,70,85,119,119,119,143,154,171,171,171,182,182,182],"floor_reached":51,"playtime":7225,"items_purged":["Defend_B","Strike_B","Defend_B"],"score":675,"play_id":"7d3c0123-95a5-4e40-8810-759250133338","local_time":"20190502104332","is_ascension_mode":false,"campfire_choices":[{"data":"Dualcast","floor":7,"key":"SMITH"},{"data":"Seek","floor":12,"key":"SMITH"},{"data":"Leap","floor":15,"key":"SMITH"},{"data":"Multi-Cast","floor":23,"key":"SMITH"},{"floor":32,"key":"REST"},{"data":"Fission","floor":42,"key":"SMITH"},{"data":"Panacea","floor":47,"key":"SMITH"},{"floor":49,"key":"REST"}],"neow_cost":"NONE","seed_source_timestamp":8418874609493,"circlet_count":0,"master_deck":["Strike_B+1","Zap+1","Dualcast+1","Conserve Battery","Seek+1","Ball Lightning","Leap+1","Cold Snap","Multi-Cast+1","Leap+1","Ball Lightning","Conserve Battery+1","Biased Cognition","Consume","White Noise+1","Fission+1","Tempest+1","Panacea+1","Coolheaded+1","Ball Lightning","Chill"],"relics":["Empty Cage","Dodecahedron","Pantograph","Happy Flower","Inserter","Lantern","Nilry\u0027s Codex","Centennial Puzzle","Singing Bowl","Sozu","Strawberry","Shuriken","Juzu Bracelet"],"potions_floor_usage":[13,18,27,29,33,33,33,50],"damage_taken":[{"damage":1,"enemies":"Cultist","floor":1,"turns":4},{"damage":12,"enemies":"Lagavulin","floor":6,"turns":6},{"damage":0,"enemies":"2 Louse","floor":8,"turns":2},{"damage":3,"enemies":"Small Slimes","floor":10,"turns":2},{"damage":1,"enemies":"Gremlin Nob","floor":13,"turns":3},{"damage":0,"enemies":"2 Fungi Beasts","floor":14,"turns":3},{"damage":32,"enemies":"The Guardian","floor":16,"turns":12},{"damage":0,"enemies":"Spheric Guardian","floor":18,"turns":3},{"damage":0,"enemies":"Shell Parasite","floor":22,"turns":6},{"damage":44,"enemies":"3 Cultists","floor":25,"turns":7},{"damage":10,"enemies":"Shelled Parasite and Fungi","floor":27,"turns":9},{"damage":0,"enemies":"Snake Plant","floor":29,"turns":2},{"damage":1,"enemies":"Centurion and Healer","floor":31,"turns":3},{"damage":24,"enemies":"Collector","floor":33,"turns":8},{"damage":4,"enemies":"Orb Walker","floor":35,"turns":2},{"damage":7,"enemies":"3 Shapes","floor":39,"turns":5},{"damage":13,"enemies":"Giant Head","floor":40,"turns":8},{"damage":11,"enemies":"Maw","floor":44,"turns":6},{"damage":9,"enemies":"3 Darklings","floor":45,"turns":4},{"damage":2,"enemies":"Transient","floor":48,"turns":5},{"damage":31,"enemies":"Awakened One","floor":50,"turns":10}],"seed_played":"4654914581128309215","potions_obtained":[{"floor":1,"key":"SteroidPotion"},{"floor":8,"key":"Regen Potion"},{"floor":14,"key":"Explosive Potion"},{"floor":16,"key":"Ancient Potion"},{"floor":27,"key":"Fire Potion"},{"floor":31,"key":"SkillPotion"},{"floor":33,"key":"FearPotion"}],"is_trial":false,"path_per_floor":["M","$","?","?","?","E","R","M","T","M","?","R","?","M","R","B",null,"M","?","?","?","M","R","?","M","T","M","$","M","?","M","R","B",null,"M","?","$","?","M","E","T","R","T","M","M","?","R","M","R","B",null],"character_chosen":"DEFECT","items_purchased":["Conserve Battery","Consume","Singing Bowl","FocusPotion"],"campfire_rested":2,"item_purchase_floors":[2,28,28,28],"current_hp_per_floor":[74,74,74,79,63,51,51,51,51,48,37,37,36,36,36,29,80,80,80,80,64,64,64,64,20,20,25,25,27,27,26,50,51,82,78,72,72,72,67,63,63,63,63,52,43,43,43,43,71,64],"gold":182,"neow_bonus":"BOSS_RELIC","is_prod":false,"is_daily":false,"chose_seed":false,"campfire_upgraded":6,"win_rate":0,"timestamp":1556815412,"path_taken":["M","$","?","?","?","E","R","M","T","M","?","R","?","M","R","BOSS","M","?","?","?","M","R","?","?","T","M","$","M","?","M","R","BOSS","M","?","$","?","M","E","?","R","T","M","M","?","R","M","R","BOSS"],"build_version":"2019-01-23","purchased_purges":3,"victory":true,"max_hp_per_floor":[75,75,75,80,80,80,80,80,80,80,80,80,80,80,80,80,80,80,80,80,80,80,80,80,80,80,80,80,82,82,82,82,82,82,82,86,86,82,84,93,93,93,93,93,93,93,93,95,95,95],"card_choices":[{"not_picked":["Sunder","Compile Driver","Sweeping Beam"],"picked":"SKIP","floor":1},{"not_picked":["Sweeping Beam","Stack"],"picked":"Seek","floor":6},{"not_picked":["Barrage","Sweeping Beam"],"picked":"Ball Lightning","floor":8},{"not_picked":["Hello World","Streamline"],"picked":"Leap","floor":10},{"not_picked":["Stack","Streamline"],"picked":"Cold Snap","floor":14},{"not_picked":["Hyperbeam","Biased Cognition"],"picked":"Multi-Cast","floor":16},{"not_picked":["Cold Snap","Stack"],"picked":"Leap+1","floor":18},{"not_picked":["Lockon+1","Compile Driver"],"picked":"Ball Lightning","floor":22},{"not_picked":["Stack","Compile Driver+1"],"picked":"Conserve Battery+1","floor":25},{"not_picked":["Compile Driver","BootSequence"],"picked":"Biased Cognition","floor":27},{"not_picked":["Melter","Streamline","Hello World"],"picked":"Singing Bowl","floor":29},{"not_picked":["Rebound","Reprogram"],"picked":"White Noise+1","floor":31},{"not_picked":["All For One","Core Surge"],"picked":"Fission","floor":33},{"not_picked":["Static Discharge+1","Turbo"],"picked":"Tempest+1","floor":35},{"not_picked":["Enlightenment","Blind"],"picked":"Panacea","floor":36},{"not_picked":["Apotheosis","Impatience","Thinking Ahead"],"picked":"Singing Bowl","floor":36},{"not_picked":["Forethought","Mind Blast","Dark Shackles"],"picked":"Singing Bowl","floor":36},{"not_picked":["Static Discharge+1","FTL","Beam Cell"],"picked":"Singing Bowl","floor":39},{"not_picked":["Redo","Barrage+1","Rip and Tear+1"],"picked":"Singing Bowl","floor":40},{"not_picked":["Chill","Redo+1"],"picked":"Coolheaded+1","floor":44},{"not_picked":["Redo","Barrage+1"],"picked":"Ball Lightning","floor":45},{"not_picked":["Go for the Eyes+1","Scrape","Coolheaded"],"picked":"Singing Bowl","floor":48}],"player_experience":1354667,"relics_obtained":[{"floor":6,"key":"Dodecahedron"},{"floor":9,"key":"Pantograph"},{"floor":13,"key":"Happy Flower"},{"floor":21,"key":"Nilry\u0027s Codex"},{"floor":26,"key":"Centennial Puzzle"},{"floor":40,"key":"Strawberry"},{"floor":41,"key":"Shuriken"},{"floor":43,"key":"Juzu Bracelet"}],"event_choices":[{"damage_healed":0,"gold_gain":0,"player_choice":"Leave","damage_taken":0,"max_hp_gain":0,"max_hp_loss":0,"event_name":"The Cleric","floor":3,"gold_loss":0},{"damage_healed":0,"gold_gain":0,"player_choice":"Donut","damage_taken":0,"max_hp_gain":5,"max_hp_loss":0,"event_name":"Big Fish","floor":4,"gold_loss":0},{"damage_healed":0,"gold_gain":0,"player_choice":"Entered Light","damage_taken":16,"max_hp_gain":0,"max_hp_loss":0,"event_name":"Shining Light","floor":5,"gold_loss":0,"cards_upgraded":["Strike_B","Zap"]},{"damage_healed":0,"gold_gain":75,"player_choice":"Gather Gold","damage_taken":11,"max_hp_gain":0,"max_hp_loss":0,"event_name":"World of Goop","floor":11,"gold_loss":0},{"damage_healed":0,"gold_gain":0,"player_choice":"Searched \u00272\u0027 times","damage_taken":0,"max_hp_gain":0,"max_hp_loss":0,"event_name":"Dead Adventurer","floor":13,"gold_loss":0},{"damage_healed":0,"gold_gain":0,"player_choice":"Opened","damage_taken":0,"relics_obtained":["Lantern"],"max_hp_gain":0,"max_hp_loss":0,"event_name":"The Mausoleum","floor":19,"gold_loss":0,"cards_obtained":["Writhe"]},{"cards_removed":["Writhe"],"damage_healed":0,"gold_gain":0,"player_choice":"Gave Gold","damage_taken":0,"max_hp_gain":0,"max_hp_loss":0,"event_name":"Beggar","floor":20,"gold_loss":75},{"damage_healed":0,"gold_gain":0,"player_choice":"Obtained Book","damage_taken":16,"max_hp_gain":0,"max_hp_loss":0,"event_name":"Cursed Tome","floor":21,"gold_loss":0},{"damage_healed":0,"gold_gain":200,"player_choice":"Gold","damage_taken":0,"max_hp_gain":0,"max_hp_loss":0,"event_name":"Wheel of Change","floor":24,"gold_loss":0},{"cards_removed":["Strike_B"],"damage_healed":0,"gold_gain":0,"player_choice":"Elegance","damage_taken":0,"max_hp_gain":0,"max_hp_loss":0,"event_name":"Back to Basics","floor":30,"gold_loss":0},{"damage_healed":0,"gold_gain":0,"player_choice":"Memory 3","damage_taken":10,"max_hp_gain":0,"max_hp_loss":0,"event_name":"SensoryStone","floor":36,"gold_loss":0},{"damage_healed":0,"gold_gain":0,"player_choice":"Max HP","damage_taken":0,"max_hp_gain":0,"max_hp_loss":4,"event_name":"Winding Halls","floor":38,"gold_loss":0},{"damage_healed":0,"gold_gain":0,"cards_transformed":["Defend_B"],"player_choice":"Transformed","damage_taken":0,"max_hp_gain":0,"max_hp_loss":0,"event_name":"Transmorgrifier","floor":46,"gold_loss":0,"cards_obtained":["Chill"]}],"is_beta":false,"boss_relics":[{"not_picked":["Pandora\u0027s Box","Tiny House"],"picked":"Inserter"},{"not_picked":["Lizard Tail","Orrery"],"picked":"Sozu"}],"items_purged_floors":[2,28,37],"is_endless":false,"potions_floor_spawned":[1,8,14,16,27,31,33,40,44],"ascension_level":0}