{"gold_per_floor":[111,36,36,62,76,104,104,104,150,223,288,288,288,288,288,419,419,437,437,437,461,376,376,409,309,309,234,166,166,209,232,232,232],"floor_reached":33,"playtime":1965,"items_purged":["Strike_R","Strike_R"],"score":314,"play_id":"3df97732-7663-42c4-a062-e6fd9f3fc12e","local_time":"20190118225832","is_ascension_mode":true,"campfire_choices":[{"data":"Cleave","floor":7,"key":"SMITH"},{"data":"Evolve","floor":13,"key":"SMITH"},{"floor":15,"key":"REST"},{"data":"Double Tap","floor":23,"key":"SMITH"},{"data":"True Grit","floor":29,"key":"SMITH"},{"data":"Shrug It Off","floor":32,"key":"SMITH"}],"neow_cost":"NONE","seed_source_timestamp":10381776137905,"circlet_count":0,"master_deck":["Strike_R","Defend_R","Defend_R","Defend_R","Defend_R","Bash+1","Cleave+1","Uppercut+1","Evolve+1","Double Tap+1","Shrug It Off+1","Necronomicurse","True Grit+1","Ghostly Armor","Entrench+1"],"relics":["Burning Blood","Bag of Marbles","Happy Flower","Paper Frog","Golden Idol","Juzu Bracelet","Bottled Flame","Tiny Chest","Velvet Choker","Necronomicon","Magic Flower","Red Skull","Matryoshka","Champion Belt"],"potions_floor_usage":[16,33,33,33],"damage_taken":[{"damage":7,"enemies":"Jaw Worm","floor":1,"turns":3},{"damage":1,"enemies":"Cultist","floor":5,"turns":3},{"damage":45,"enemies":"Lagavulin","floor":6,"turns":7},{"damage":11,"enemies":"Gremlin Nob","floor":10,"turns":3},{"damage":3,"enemies":"Gremlin Nob","floor":11,"turns":3},{"damage":33,"enemies":"Slime Boss","floor":16,"turns":10},{"damage":20,"enemies":"Spheric Guardian","floor":18,"turns":4},{"damage":7,"enemies":"3 Byrds","floor":21,"turns":4},{"damage":16,"enemies":"Book of Stabbing","floor":24,"turns":4},{"damage":11,"enemies":"Slavers","floor":30,"turns":3},{"damage":0,"enemies":"3 Cultists","floor":31,"turns":4},{"damage":66,"enemies":"Collector","floor":33,"turns":7}],"seed_played":"3581802393307659507","potions_obtained":[{"floor":6,"key":"EntropicBrew"},{"floor":10,"key":"SmokeBomb"},{"floor":12,"key":"Fruit Juice"},{"floor":16,"key":"Regen Potion"}],"is_trial":false,"path_per_floor":["M","$","?","T","M","E","R","?","T","?","E","?","R","?","R","B",null,"M","?","?","M","?","R","E","$","T","?","$","R","E","M","R","B"],"character_chosen":"IRONCLAD","items_purchased":["Ghostly Armor"],"campfire_rested":1,"item_purchase_floors":[28],"current_hp_per_floor":[79,79,84,84,85,46,46,46,46,41,44,44,44,28,51,29,84,70,70,54,53,53,53,46,46,46,46,46,46,44,53,53,0],"gold":232,"neow_bonus":"RANDOM_COMMON_RELIC","is_prod":false,"is_daily":false,"chose_seed":false,"campfire_upgraded":5,"win_rate":0,"timestamp":1547873912,"path_taken":["M","$","?","?","?","E","R","?","T","?","E","?","R","?","R","BOSS","M","?","?","M","?","R","E","$","T","?","$","R","E","M","R","BOSS"],"build_version":"2019-01-17v2","purchased_purges":2,"victory":false,"max_hp_per_floor":[80,80,85,85,85,85,85,79,79,79,79,79,79,79,79,84,84,84,84,84,84,84,84,84,84,84,84,84,84,84,84,84,84],"card_choices":[{"not_picked":["Wild Strike","Sword Boomerang","Searing Blow"],"picked":"SKIP","floor":1},{"not_picked":["Warcry","Armaments"],"picked":"Cleave","floor":5},{"not_picked":["Intimidate","Infernal Blade","Perfected Strike"],"picked":"SKIP","floor":6},{"not_picked":["Flex","Ghostly Armor"],"picked":"Uppercut","floor":10},{"not_picked":["Exhume","Sword Boomerang"],"picked":"Evolve","floor":11},{"not_picked":["Fiend Fire","Juggernaut"],"picked":"Double Tap","floor":16},{"not_picked":["Evolve+1","Iron Wave"],"picked":"Shrug It Off","floor":18},{"not_picked":["Sword Boomerang","Seeing Red","Armaments+1"],"picked":"SKIP","floor":21},{"not_picked":["Carnage","Thunderclap"],"picked":"True Grit","floor":24},{"not_picked":["Combust","Wild Strike","Dual Wield+1"],"picked":"SKIP","floor":30},{"not_picked":["Blood for Blood","Carnage"],"picked":"Entrench+1","floor":31}],"player_experience":226732,"relics_obtained":[{"floor":4,"key":"Happy Flower"},{"floor":6,"key":"Paper Frog"},{"floor":9,"key":"Juzu Bracelet"},{"floor":10,"key":"Bottled Flame"},{"floor":11,"key":"Tiny Chest"},{"floor":20,"key":"Necronomicon"},{"floor":24,"key":"Red Skull"},{"floor":26,"key":"Matryoshka"},{"floor":30,"key":"Champion Belt"}],"event_choices":[{"damage_healed":0,"gold_gain":0,"player_choice":"Donut","damage_taken":0,"max_hp_gain":5,"max_hp_loss":0,"event_name":"Big Fish","floor":3,"gold_loss":0},{"damage_healed":0,"gold_gain":0,"player_choice":"Lose Max HP","damage_taken":0,"relics_obtained":["Golden Idol"],"max_hp_gain":0,"max_hp_loss":6,"event_name":"Golden Idol","floor":8,"gold_loss":0},{"damage_healed":0,"gold_gain":0,"player_choice":"Searched \u00272\u0027 times","damage_taken":0,"max_hp_gain":0,"max_hp_loss":0,"event_name":"Dead Adventurer","floor":10,"gold_loss":0},{"damage_healed":0,"gold_gain":0,"player_choice":"Got Potions","damage_taken":0,"max_hp_gain":0,"max_hp_loss":0,"event_name":"Lab","floor":12,"gold_loss":0},{"damage_healed":0,"gold_gain":0,"player_choice":"Entered Light","damage_taken":16,"max_hp_gain":0,"max_hp_loss":0,"event_name":"Shining Light","floor":14,"gold_loss":0,"cards_upgraded":["Uppercut","Bash"]},{"cards_removed":["Strike_R"],"damage_healed":0,"gold_gain":0,"player_choice":"Card Removal","damage_taken":0,"max_hp_gain":0,"max_hp_loss":0,"event_name":"Wheel of Change","floor":19,"gold_loss":0},{"damage_healed":0,"gold_gain":0,"player_choice":"Obtained Book","damage_taken":16,"max_hp_gain":0,"max_hp_loss":0,"event_name":"Cursed Tome","floor":20,"gold_loss":0},{"damage_healed":0,"gold_gain":0,"player_choice":"Obtained Relic","damage_taken":0,"relics_obtained":["Magic Flower"],"max_hp_gain":0,"max_hp_loss":0,"event_name":"Addict","floor":22,"gold_loss":85},{"cards_removed":["Strike_R"],"damage_healed":0,"gold_gain":0,"player_choice":"Gave Gold","damage_taken":0,"max_hp_gain":0,"max_hp_loss":0,"event_name":"Beggar","floor":27,"gold_loss":75}],"is_beta":false,"boss_relics":[{"not_picked":["Snecko Eye","Calling Bell"],"picked":"Velvet Choker"}],"items_purged_floors":[2,25],"is_endless":false,"potions_floor_spawned":[6,10,16,18,24],"killed_by":"Collector","ascension_level":2}