{"gold_per_floor":[115,75,85,104,116,116,116,130,130,55,55,7,7,34,34,139,139,151,151,12,12,26,26,125,91,139,14,14],"floor_reached":28,"playtime":1635,"items_purged":["Defend_B","Defend_B","Defend_B"],"score":214,"play_id":"c0f57e39-df64-458e-ba8d-15c651fa4237","local_time":"20190416203018","is_ascension_mode":false,"campfire_choices":[{"floor":6,"key":"REST"},{"data":"Zap","floor":11,"key":"SMITH"},{"floor":13,"key":"REST"},{"data":"Storm","floor":15,"key":"SMITH"}],"neow_cost":"NONE","seed_source_timestamp":1456116991200,"circlet_count":0,"master_deck":["Strike_B","Strike_B","Strike_B","Strike_B","Defend_B","Zap+1","Dualcast","Barrage","Reprogram","Static Discharge","Storm+1","Ball Lightning","Compile Driver","Sweeping Beam","Rainbow","Compile Driver","Cold Snap","Capacitor","Shame","Barrage","Loop"],"relics":["Cracked Core","Bag of Marbles","Centennial Puzzle","Philosopher\u0027s Stone","Darkstone Periapt","Bag of Preparation"],"potions_floor_usage":[16,16],"damage_taken":[{"damage":17,"enemies":"Small Slimes","floor":1,"turns":3},{"damage":1,"enemies":"Cultist","floor":3,"turns":3},{"damage":11,"enemies":"Jaw Worm","floor":4,"turns":3},{"damage":21,"enemies":"Large Slime","floor":5,"turns":5},{"damage":12,"enemies":"2 Fungi Beasts","floor":8,"turns":2},{"damage":16,"enemies":"Gremlin Nob","floor":14,"turns":3},{"damage":17,"enemies":"Slime Boss","floor":16,"turns":8},{"damage":11,"enemies":"Spheric Guardian","floor":18,"turns":3},{"damage":42,"enemies":"2 Thieves","floor":22,"turns":3},{"damage":27,"enemies":"Colosseum Slavers","floor":23,"turns":3},{"damage":13,"enemies":"Centurion and Healer","floor":28,"turns":2}],"seed_played":"740200013954090858","potions_obtained":[{"floor":2,"key":"Swift Potion"},{"floor":2,"key":"AttackPotion"},{"floor":2,"key":"EssenceOfSteel"},{"floor":3,"key":"FearPotion"},{"floor":16,"key":"Block Potion"}],"is_trial":false,"path_per_floor":["M","?","M","M","M","R","?","M","T","$","R","$","R","E","R","B",null,"M","?","$","?","M","?","?","$","T","$","M"],"character_chosen":"DEFECT","items_purchased":["Compile Driver","Capacitor","Loop"],"campfire_rested":2,"item_purchase_floors":[12,20,25],"current_hp_per_floor":[65,65,64,53,32,56,56,44,44,44,44,44,68,52,52,35,82,71,71,71,77,35,8,8,8,8,8,0],"gold":14,"neow_bonus":"TEN_PERCENT_HP_BONUS","is_prod":false,"is_daily":false,"chose_seed":false,"campfire_upgraded":2,"win_rate":0.0,"timestamp":1555403418,"path_taken":["M","?","M","M","?","R","?","M","T","?","R","$","R","E","R","BOSS","M","?","$","?","M","?","?","?","T","$","M"],"build_version":"2019-01-23","purchased_purges":3,"victory":false,"max_hp_per_floor":[82,82,82,82,82,82,82,82,82,82,82,82,82,82,82,82,82,82,82,82,88,88,88,88,88,88,88,88],"card_choices":[{"not_picked":["Beam Cell","Redo"],"picked":"Barrage","floor":1},{"not_picked":["Leap","Self Repair"],"picked":"Reprogram","floor":3},{"not_picked":["Gash","Skim"],"picked":"Static Discharge","floor":4},{"not_picked":["Redo","Streamline"],"picked":"Storm","floor":5},{"not_picked":["Leap","Fusion"],"picked":"Ball Lightning","floor":8},{"not_picked":["Heatsinks","Gash"],"picked":"Sweeping Beam","floor":14},{"not_picked":["Biased Cognition","Buffer"],"picked":"Rainbow","floor":16},{"not_picked":["Gash","Hologram"],"picked":"Compile Driver","floor":18},{"not_picked":["Conserve Battery","Auto Shields"],"picked":"Barrage","floor":22}],"player_experience":10637,"relics_obtained":[{"floor":9,"key":"Bag of Marbles"},{"floor":14,"key":"Centennial Puzzle"},{"floor":26,"key":"Bag of Preparation"}],"event_choices":[{"damage_healed":0,"gold_gain":0,"player_choice":"Bought 3 Potions","damage_taken":0,"max_hp_gain":0,"max_hp_loss":0,"event_name":"The Woman in Blue","floor":2,"gold_loss":0},{"damage_healed":0,"gold_gain":0,"player_choice":"Got Potions","damage_taken":0,"max_hp_gain":0,"max_hp_loss":0,"event_name":"Lab","floor":7,"gold_loss":0},{"damage_healed":0,"gold_gain":0,"player_choice":"Read","damage_taken":0,"max_hp_gain":0,"max_hp_loss":0,"event_name":"The Library","floor":19,"gold_loss":0,"cards_obtained":["Cold Snap"]},{"damage_healed":0,"gold_gain":0,"player_choice":"Stole Relic","damage_taken":0,"relics_obtained":["Darkstone Periapt"],"max_hp_gain":0,"max_hp_loss":0,"event_name":"Addict","floor":21,"gold_loss":0,"cards_obtained":["Shame"]},{"damage_healed":0,"gold_gain":0,"player_choice":"Fight","damage_taken":0,"max_hp_gain":0,"max_hp_loss":0,"event_name":"Colosseum","floor":23,"gold_loss":0},{"damage_healed":0,"gold_gain":0,"player_choice":"Fled From Nobs","damage_taken":0,"max_hp_gain":0,"max_hp_loss":0,"event_name":"Colosseum","floor":23,"gold_loss":0},{"damage_healed":0,"gold_gain":99,"player_choice":"Stole From Cult","damage_taken":0,"max_hp_gain":0,"max_hp_loss":0,"event_name":"Nest","floor":24,"gold_loss":0}],"is_beta":false,"boss_relics":[{"not_picked":["Calling Bell","FrozenCore"],"picked":"Philosopher\u0027s Stone"}],"items_purged_floors":[10,20,27],"is_endless":false,"potions_floor_spawned":[3,4,14,16,22,23],"killed_by":"Centurion and Healer","ascension_level":0}