{"gold_per_floor":[19,19,19,32,207,207,207,228,228,303,303,303,303,93,93,216,216,232,275,175,199,214,214,214,89,89,89,105,105,30,45,45,174,174,190,215,215,233,83,83,103,103,103,103,325,325],"floor_reached":46,"playtime":778,"items_purged":["Doubt","Strike_B","Strike_B","Pain"],"score":454,"play_id":"db8c3d33-03fe-492f-8808-6bded9d62181","local_time":"20190429210203","is_ascension_mode":false,"campfire_choices":[{"data":"Zap","floor":6.0,"key":"SMITH"},{"data":"Dualcast","floor":7.0,"key":"SMITH"},{"data":"Ball Lightning","floor":12.0,"key":"SMITH"},{"data":"Defragment","floor":15.0,"key":"SMITH"},{"data":"Beam Cell","floor":23.0,"key":"SMITH"},{"data":"Strike_B","floor":29.0,"key":"PURGE"},{"floor":32.0,"key":"REST"},{"floor":40,"key":"REST"},{"data":"Defend_B","floor":42,"key":"PURGE"}],"neow_cost":"NO_GOLD","seed_source_timestamp":10634721331031,"circlet_count":0,"master_deck":["Defend_B","Defend_B","Defend_B","Zap+1","Dualcast+1","Ball Lightning+1","Ball Lightning","Defragment+1","Biased Cognition","Ball Lightning","Beam Cell+1","Beam Cell+1","Glacier","Consume+1","Coolheaded","Hologram+1","Skim"],"special_seed":0,"relics":["Cracked Core","WingedGreaves","Golden Idol","Pen Nib","Pear","Vajra","Sozu","Red Mask","Peace Pipe","Fusion Hammer","WarpedTongs","Question Card"],"potions_floor_usage":[],"damage_taken":[{"damage":6.0,"enemies":"Jaw Worm","floor":1.0,"turns":3.0},{"damage":0.0,"enemies":"Small Slimes","floor":4.0,"turns":2.0},{"damage":4.0,"enemies":"2 Louse","floor":8.0,"turns":2.0},{"damage":36.0,"enemies":"Hexaghost","floor":16.0,"turns":7.0},{"damage":11.0,"enemies":"2 Thieves","floor":18.0,"turns":3.0},{"damage":11.0,"enemies":"Masked Bandits","floor":19.0,"turns":3.0},{"damage":0.0,"enemies":"Shell Parasite","floor":21.0,"turns":3.0},{"damage":9.0,"enemies":"Centurion and Healer","floor":22.0,"turns":4.0},{"damage":18.0,"enemies":"Snake Plant","floor":28.0,"turns":3.0},{"damage":0.0,"enemies":"Cultist and Chosen","floor":31.0,"turns":4.0},{"damage":37,"enemies":"Champ","floor":33,"turns":10},{"damage":7,"enemies":"Orb Walker","floor":35,"turns":2},{"damage":39,"enemies":"3 Darklings","floor":36,"turns":5},{"damage":30,"enemies":"Maw","floor":38,"turns":6},{"damage":1,"enemies":"Jaw Worm Horde","floor":41,"turns":3},{"damage":26,"enemies":"3 Darklings","floor":46,"turns":2}],"seed_played":"-7144424203655158561","potions_obtained":[{"floor":1.0,"key":"Energy Potion"},{"floor":4.0,"key":"Block Potion"},{"floor":16.0,"key":"SkillPotion"}],"is_trial":false,"path_per_floor":["M","?","?","M","?","R","R","M","T","?","T","R","?","$","R","B",null,"M","?","$","M","M","R","?","$","T","?","M","R","?","M","R","B",null,"M","M","?","M","$","R","M","R","T","?","?","M"],"character_chosen":"DEFECT","items_purchased":["Ball Lightning","Defragment"],"campfire_rested":2,"item_purchase_floors":[14,14],"current_hp_per_floor":[69,69,69,69,69,69,69,65,65,54,64,64,61,61,61,25,79,68,57,57,57,48,48,48,48,48,48,30,30,30,30,53,16,79,72,33,33,3,3,26,25,25,25,25,25,0],"gold":325,"neow_bonus":"ONE_RARE_RELIC","is_prod":false,"is_daily":false,"chose_seed":false,"campfire_upgraded":5,"win_rate":0,"timestamp":1556593323,"path_taken":["M","?","?","?","?","R","R","M","T","?","?","R","?","$","R","BOSS","M","?","$","M","M","R","?","$","T","?","?","R","?","M","R","BOSS","M","M","?","?","$","R","?","R","T","?","?","M"],"build_version":"2019-01-23","purchased_purges":4,"victory":false,"max_hp_per_floor":[75,69,69,69,69,69,69,69,69,69,79,79,79,79,79,79,79,79,79,79,79,79,79,79,79,79,79,79,79,79,79,79,79,79,79,79,79,79,79,79,79,79,79,79,79,79],"card_choices":[{"not_picked":["Redo","Barrage"],"picked":"Ball Lightning","floor":1.0},{"not_picked":["Undo","Steam","Redo"],"picked":"SKIP","floor":4.0},{"not_picked":["Gash","Loop","Steam"],"picked":"SKIP","floor":8.0},{"not_picked":["Core Surge","Rainbow"],"picked":"Biased Cognition","floor":16.0},{"not_picked":["Self Repair","Turbo"],"picked":"Ball Lightning","floor":18.0},{"not_picked":["Compile Driver","Chaos"],"picked":"Beam Cell+1","floor":19.0},{"not_picked":["Cold Snap","Chill"],"picked":"Beam Cell","floor":21.0},{"not_picked":["Lockon","Hologram","Loop"],"picked":"SKIP","floor":22.0},{"not_picked":["Gash","Rainbow","Heatsinks"],"picked":"SKIP","floor":28.0},{"not_picked":["Stack","Compile Driver+1"],"picked":"Glacier","floor":31.0},{"not_picked":["Steam","Redo+1"],"picked":"Consume+1","floor":35},{"not_picked":["Cold Snap","Streamline"],"picked":"Coolheaded","floor":36},{"not_picked":["Stack","Sweeping Beam+1"],"picked":"Hologram+1","floor":38},{"not_picked":["Chill","Compile Driver"],"picked":"Skim","floor":41}],"player_experience":1327496,"relics_obtained":[{"floor":9.0,"key":"Pen Nib"},{"floor":11.0,"key":"Pear"},{"floor":19.0,"key":"Red Mask"},{"floor":26.0,"key":"Peace Pipe"},{"floor":43,"key":"Question Card"}],"event_choices":[{"damage_healed":0.0,"max_hp_gain":0.0,"max_hp_loss":6.0,"gold_gain":0.0,"event_name":"Golden Idol","player_choice":"Lose Max HP","floor":2.0,"gold_loss":0.0,"damage_taken":0.0,"relics_obtained":["Golden Idol"]},{"damage_healed":0.0,"max_hp_gain":0.0,"max_hp_loss":0.0,"gold_gain":0.0,"event_name":"The Cleric","player_choice":"Leave","floor":3.0,"gold_loss":0.0,"damage_taken":0.0},{"damage_healed":0.0,"max_hp_gain":0.0,"max_hp_loss":0.0,"gold_gain":175.0,"event_name":"Liars Game","player_choice":"AGREE","floor":5.0,"gold_loss":0.0,"damage_taken":0.0,"cards_obtained":["Doubt"]},{"damage_healed":0.0,"max_hp_gain":0.0,"max_hp_loss":0.0,"gold_gain":75.0,"event_name":"World of Goop","player_choice":"Gather Gold","floor":10.0,"gold_loss":0.0,"damage_taken":11.0},{"damage_healed":0.0,"max_hp_gain":0.0,"max_hp_loss":0.0,"gold_gain":0.0,"event_name":"Scrap Ooze","player_choice":"Success","floor":13.0,"gold_loss":0.0,"damage_taken":3.0,"relics_obtained":["Vajra"]},{"damage_healed":0.0,"max_hp_gain":0.0,"max_hp_loss":0.0,"gold_gain":0.0,"event_name":"Masked Bandits","player_choice":"Fought Bandits","floor":19.0,"gold_loss":0.0,"damage_taken":0.0},{"damage_healed":0.0,"max_hp_gain":0.0,"max_hp_loss":0.0,"gold_gain":0.0,"event_name":"Ghosts","player_choice":"Ignored","floor":24.0,"gold_loss":0.0,"damage_taken":0.0},{"damage_healed":0.0,"max_hp_gain":0.0,"max_hp_loss":0.0,"gold_gain":0.0,"event_name":"Match and Keep!","player_choice":"0 cards matched","floor":27.0,"gold_loss":0.0,"damage_taken":0.0,"cards_obtained":[]},{"cards_removed":["Strike_B"],"damage_healed":0.0,"max_hp_gain":0.0,"max_hp_loss":0.0,"gold_gain":0.0,"event_name":"Beggar","player_choice":"Gave Gold","floor":30.0,"gold_loss":75.0,"damage_taken":0.0},{"damage_healed":0,"gold_gain":0,"player_choice":"Rummage","damage_taken":0,"relics_obtained":["WarpedTongs"],"max_hp_gain":0,"max_hp_loss":0,"event_name":"Accursed Blacksmith","floor":37,"gold_loss":0,"cards_obtained":["Pain"]},{"damage_healed":0,"gold_gain":0,"player_choice":"Ignored","damage_taken":0,"max_hp_gain":0,"max_hp_loss":0,"event_name":"Mysterious Sphere","floor":44,"gold_loss":0},{"damage_healed":0,"gold_gain":222,"player_choice":"Wore Mask","damage_taken":0,"max_hp_gain":0,"max_hp_loss":0,"event_name":"Tomb of Lord Red Mask","floor":45,"gold_loss":0}],"is_beta":false,"boss_relics":[{"not_picked":["Eternal Feather","Orrery"],"picked":"Sozu"},{"not_picked":["Tiny House","Cursed Key"],"picked":"Fusion Hammer"}],"items_purged_floors":[14,20,25,39],"is_endless":false,"potions_floor_spawned":[1,4,16,18,19,33,36,38,41],"killed_by":"3 Darklings","ascension_level":0}