{"gold_per_floor":[116,216,234,89,101,136,149,149,149,181,181,181,197,197,197,321,321,261,261,261,261],"floor_reached":21,"playtime":1329,"items_purged":["Strike_B"],"score":204,"play_id":"cd90425a-eb27-4d25-bd42-7813515efe6c","local_time":"20190110010241","is_ascension_mode":true,"campfire_choices":[{"data":"Scrape","floor":8,"key":"SMITH"},{"floor":12,"key":"REST"},{"floor":15,"key":"REST"}],"neow_cost":"NONE","seed_source_timestamp":1118513655497974,"circlet_count":0,"master_deck":["Strike_B","Strike_B","Defend_B","Defend_B","Defend_B","Defend_B","Zap","Dualcast","Scrape+1","Capacitor","Gash","Machine Learning+1","Beam Cell","Leap","Streamline","Rainbow","Self Repair+1","Fission","Normality","Scrape"],"relics":["Cracked Core","NeowsBlessing","Frozen Egg 2","Question Card","Gremlin Horn","Golden Idol","Inserter"],"potions_floor_usage":[16,16,21],"damage_taken":[{"damage":0,"enemies":"Small Slimes","floor":1,"turns":1},{"damage":0,"enemies":"Cultist","floor":3,"turns":1},{"damage":0,"enemies":"Jaw Worm","floor":5,"turns":1},{"damage":33,"enemies":"3 Sentries","floor":6,"turns":8},{"damage":19,"enemies":"3 Louse","floor":7,"turns":4},{"damage":15,"enemies":"Gremlin Nob","floor":10,"turns":4},{"damage":10,"enemies":"Exordium Thugs","floor":13,"turns":4},{"damage":26,"enemies":"The Guardian","floor":16,"turns":10},{"damage":24,"enemies":"2 Thieves","floor":18,"turns":4},{"damage":54,"enemies":"Spheric Guardian","floor":21,"turns":5}],"seed_played":"7981112656088440960","potions_obtained":[{"floor":1,"key":"PowerPotion"},{"floor":5,"key":"SteroidPotion"},{"floor":10,"key":"Fire Potion"},{"floor":16,"key":"FocusPotion"}],"is_trial":false,"path_per_floor":["M","?","M","$","M","E","M","R","T","E","?","R","M","?","R","B",null,"M","?","?","M"],"character_chosen":"DEFECT","items_purchased":["Capacitor"],"campfire_rested":2,"item_purchase_floors":[4],"current_hp_per_floor":[75,75,75,75,75,42,23,23,23,8,8,28,18,18,38,12,69,45,45,45,0],"gold":261,"neow_bonus":"THREE_ENEMY_KILL","is_prod":false,"is_daily":false,"chose_seed":false,"campfire_upgraded":1,"win_rate":0,"timestamp":1547103761,"path_taken":["M","?","M","$","M","E","?","R","T","E","?","R","M","?","R","BOSS","M","?","?","M"],"build_version":"2019-01-03v4","purchased_purges":1,"victory":false,"max_hp_per_floor":[75,75,75,75,75,75,75,75,75,75,69,69,69,69,69,69,69,69,69,69,69],"card_choices":[{"not_picked":["Rebound","Beam Cell"],"picked":"Scrape","floor":1},{"not_picked":["Consume","Rip and Tear","Ball Lightning"],"picked":"SKIP","floor":3},{"not_picked":["Hologram","Auto Shields"],"picked":"Gash","floor":5},{"not_picked":["Chaos","Barrage"],"picked":"Machine Learning","floor":6},{"not_picked":["Consume","Redo"],"picked":"Beam Cell","floor":7},{"not_picked":["Barrage","Doom and Gloom","Stack"],"picked":"Leap","floor":10},{"not_picked":["Chaos","Ball Lightning","White Noise"],"picked":"Streamline","floor":13},{"not_picked":["Amplify","Thunder Strike","Seek"],"picked":"Rainbow","floor":16},{"not_picked":["Sweeping Beam","Aggregate","Stack","Blizzard"],"picked":"SKIP","floor":18}],"player_experience":195911,"relics_obtained":[{"floor":6,"key":"Frozen Egg 2"},{"floor":9,"key":"Question Card"},{"floor":10,"key":"Gremlin Horn"}],"event_choices":[{"damage_healed":0,"gold_gain":100,"player_choice":"Pray","damage_taken":0,"max_hp_gain":0,"max_hp_loss":0,"event_name":"Golden Shrine","floor":2,"gold_loss":0},{"damage_healed":0,"gold_gain":0,"player_choice":"Lose Max HP","damage_taken":0,"relics_obtained":["Golden Idol"],"max_hp_gain":0,"max_hp_loss":6,"event_name":"Golden Idol","floor":11,"gold_loss":0},{"cards_removed":["Strike_B"],"damage_healed":0,"gold_gain":0,"player_choice":"Purged","damage_taken":0,"max_hp_gain":0,"max_hp_loss":0,"event_name":"Purifier","floor":14,"gold_loss":0},{"damage_healed":0,"gold_gain":0,"player_choice":"Read","damage_taken":0,"max_hp_gain":0,"max_hp_loss":0,"event_name":"The Library","floor":19,"gold_loss":0,"cards_obtained":["Self Repair"]},{"damage_healed":0,"gold_gain":0,"player_choice":"3 cards matched","damage_taken":0,"max_hp_gain":0,"max_hp_loss":0,"event_name":"Match and Keep!","floor":20,"gold_loss":0,"cards_obtained":["Fission","Normality","Scrape"]}],"is_beta":false,"boss_relics":[{"not_picked":["Nuclear Battery","Runic Pyramid"],"picked":"Inserter"}],"items_purged_floors":[4],"is_endless":false,"potions_floor_spawned":[1,5,10,16],"killed_by":"Spheric Guardian","ascension_level":2}