{"gold_per_floor":[115,115,126,51,51,51,61,81,81,109,109,9,9,25,25,151,151,164,254,81,72,93,93,109,109,109,109,109,125,40,56,56,180,180,194,44,44,377,392,422,422,440,487,533,567,567,89,109,109,109],"floor_reached":51,"playtime":6655,"items_purged":["Strike_G","Strike_G","Strike_G","Strike_G","Normality"],"score":705,"play_id":"cc6e7ef9-3ee1-455d-a424-6e4a3e783b32","local_time":"20181230233912","is_ascension_mode":false,"campfire_choices":[{"data":"Acrobatics","floor":6,"key":"SMITH"},{"data":"Noxious Fumes","floor":13,"key":"SMITH"},{"floor":15,"key":"REST"},{"floor":23,"key":"REST"},{"data":"Footwork","floor":25,"key":"SMITH"},{"data":"Reflex","floor":27,"key":"SMITH"},{"data":"Prepared","floor":32,"key":"SMITH"},{"data":"Outmaneuver","floor":41,"key":"SMITH"},{"floor":49,"key":"REST"}],"neow_cost":"NONE","seed_source_timestamp":244155649986300,"circlet_count":0,"master_deck":["Defend_G","Defend_G","Defend_G","Defend_G","Defend_G","Survivor","Neutralize","Acrobatics+1","Noxious Fumes+1","Acrobatics","After Image","Dodge and Roll","Blade Dance","Prepared+1","Malaise","Reflex+1","Deadly Poison","Deadly Poison","Footwork+1","Bane+1","Tools of the Trade+1","Outmaneuver+1","Deflect+1","Injury","Calculated Gamble"],"relics":["Ring of the Snake","Pear","The Specimen","Potion Belt","Bag of Marbles","Orrery","Mummified Hand","Frozen Egg 2","Cursed Key","Tough Bandages","Centennial Puzzle","Blood Vial","Nunchaku","Bird Faced Urn"],"potions_floor_usage":[40],"damage_taken":[{"damage":4,"enemies":"Small Slimes","floor":1,"turns":4},{"damage":1,"enemies":"2 Louse","floor":3,"turns":3},{"damage":1,"enemies":"Cultist","floor":7,"turns":5},{"damage":0,"enemies":"Blue Slaver","floor":8,"turns":6},{"damage":17,"enemies":"3 Sentries","floor":10,"turns":9},{"damage":16,"enemies":"Exordium Wildlife","floor":14,"turns":6},{"damage":50,"enemies":"Hexaghost","floor":16,"turns":14},{"damage":12,"enemies":"Spheric Guardian","floor":18,"turns":6},{"damage":20,"enemies":"2 Thieves","floor":21,"turns":5},{"damage":8,"enemies":"Snake Plant","floor":22,"turns":6},{"damage":1,"enemies":"Snecko","floor":24,"turns":8},{"damage":10,"enemies":"Centurion and Healer","floor":29,"turns":7},{"damage":28,"enemies":"3 Cultists","floor":31,"turns":7},{"damage":33,"enemies":"Automaton","floor":33,"turns":11},{"damage":0,"enemies":"Orb Walker","floor":35,"turns":5},{"damage":3,"enemies":"3 Darklings","floor":39,"turns":6},{"damage":20,"enemies":"Nemesis","floor":40,"turns":9},{"damage":10,"enemies":"Jaw Worm Horde","floor":42,"turns":5},{"damage":2,"enemies":"Giant Head","floor":45,"turns":11},{"damage":12,"enemies":"Transient","floor":48,"turns":5},{"damage":22,"enemies":"Time Eater","floor":50,"turns":17}],"seed_played":"-6991145234374848160","potions_obtained":[{"floor":3,"key":"Fire Potion"},{"floor":7,"key":"SpeedPotion"},{"floor":10,"key":"Strength Potion"},{"floor":16,"key":"Strength Potion"},{"floor":18,"key":"Block Potion"},{"floor":29,"key":"Fire Potion"},{"floor":40,"key":"Block Potion"},{"floor":45,"key":"Dexterity Potion"}],"is_trial":false,"path_per_floor":["M","?","M","$","?","R","M","M","T","E","?","$","R","M","R","B",null,"M","?","$","M","M","R","M","R","T","R","?","M","?","M","R","B",null,"M","$","?","?","M","E","R","M","T","T","E","?","$","M","R","B",null],"character_chosen":"THE_SILENT","items_purchased":["Deadly Poison","Bird Faced Urn"],"campfire_rested":3,"item_purchase_floors":[20,47],"current_hp_per_floor":[73,65,64,64,64,64,63,63,63,46,46,46,46,30,54,4,81,69,53,53,33,25,49,48,48,48,48,75,65,65,37,37,4,81,81,81,77,77,74,54,54,44,44,44,44,44,44,42,65,53],"gold":109,"neow_bonus":"TEN_PERCENT_HP_BONUS","is_prod":false,"is_daily":false,"chose_seed":false,"campfire_upgraded":6,"win_rate":0.0,"timestamp":1546234752,"path_taken":["M","?","M","$","?","R","?","M","T","E","?","$","R","M","R","BOSS","M","?","$","M","?","R","M","R","T","R","?","M","?","?","R","BOSS","M","$","?","?","?","E","R","M","T","?","E","?","?","M","R","BOSS"],"build_version":"2018-12-20","purchased_purges":5,"victory":true,"max_hp_per_floor":[77,87,87,87,87,87,87,87,87,87,81,81,81,81,81,81,81,81,81,81,81,81,81,81,81,81,81,81,81,81,81,81,81,81,81,81,77,77,77,77,77,77,77,77,77,77,77,77,77,77],"card_choices":[{"not_picked":["Distraction","Bane"],"picked":"Acrobatics","floor":1},{"not_picked":["Sucker Punch","Dagger Spray","PiercingWail"],"picked":"SKIP","floor":3},{"not_picked":["Caltrops","Quick Slash"],"picked":"Noxious Fumes","floor":7},{"not_picked":["Blade Dance","PiercingWail","Slice"],"picked":"SKIP","floor":8},{"not_picked":["Endless Agony","Dagger Spray"],"picked":"Acrobatics","floor":10},{"not_picked":["Quick Slash","Poisoned Stab","Distraction"],"picked":"SKIP","floor":14},{"not_picked":["Die Die Die","Bullet Time"],"picked":"After Image","floor":16},{"not_picked":["Sucker Punch","Flying Knee"],"picked":"Dodge and Roll","floor":17},{"not_picked":["Eviscerate","Dagger Spray"],"picked":"Blade Dance","floor":17},{"not_picked":["Underhanded Strike","Dagger Spray"],"picked":"Prepared","floor":17},{"not_picked":["Endless Agony","Dash"],"picked":"Malaise","floor":17},{"not_picked":["Dagger Throw","Leg Sweep"],"picked":"Reflex","floor":17},{"not_picked":["Quick Slash","Outmaneuver"],"picked":"Deadly Poison","floor":18},{"not_picked":["Quick Slash+1","Dagger Throw","Poisoned Stab+1"],"picked":"SKIP","floor":21},{"not_picked":["Terror","Dagger Spray+1"],"picked":"Footwork","floor":22},{"not_picked":["Envenom","Choke"],"picked":"Bane+1","floor":24},{"not_picked":["Dash","Dagger Throw+1","Dodge and Roll"],"picked":"SKIP","floor":29},{"not_picked":["Finisher+1","Infinite Blades+1","Underhanded Strike"],"picked":"SKIP","floor":31},{"not_picked":["Bullet Time","A Thousand Cuts+1"],"picked":"Tools of the Trade+1","floor":33},{"not_picked":["Dagger Spray","Underhanded Strike"],"picked":"Outmaneuver","floor":35},{"not_picked":["Underhanded Strike","Caltrops+1","Deadly Poison"],"picked":"SKIP","floor":39},{"not_picked":["Distraction","Riddle With Holes"],"picked":"Deflect+1","floor":40},{"not_picked":["Masterful Stab+1","Flechettes","Quick Slash"],"picked":"SKIP","floor":42},{"not_picked":["Acrobatics","Well Laid Plans+1"],"picked":"Calculated Gamble","floor":45},{"not_picked":["Poisoned Stab","All Out Attack","Finisher"],"picked":"SKIP","floor":48}],"player_experience":127374,"relics_obtained":[{"floor":9,"key":"Potion Belt"},{"floor":10,"key":"Bag of Marbles"},{"floor":26,"key":"Mummified Hand"},{"floor":40,"key":"Tough Bandages"},{"floor":43,"key":"Centennial Puzzle"},{"floor":44,"key":"Blood Vial"},{"floor":45,"key":"Nunchaku"}],"event_choices":[{"damage_healed":0,"gold_gain":0,"player_choice":"Success","damage_taken":18,"relics_obtained":["Pear"],"max_hp_gain":0,"max_hp_loss":0,"event_name":"Scrap Ooze","floor":2,"gold_loss":0},{"damage_healed":0,"gold_gain":0,"player_choice":"Gave Potion","damage_taken":0,"relics_obtained":["The Specimen"],"max_hp_gain":0,"max_hp_loss":0,"event_name":"WeMeetAgain","floor":5,"gold_loss":0},{"damage_healed":0,"gold_gain":0,"player_choice":"Lose Max HP","damage_taken":0,"relics_obtained":["Golden Idol"],"max_hp_gain":0,"max_hp_loss":6,"event_name":"Golden Idol","floor":11,"gold_loss":0},{"damage_healed":0,"gold_gain":90,"player_choice":"GOLD ","damage_taken":16,"max_hp_gain":0,"max_hp_loss":0,"event_name":"Knowing Skull","floor":19,"potions_obtained":[],"gold_loss":0,"cards_obtained":[]},{"damage_healed":27,"gold_gain":0,"player_choice":"Heal","damage_taken":0,"max_hp_gain":0,"max_hp_loss":0,"event_name":"The Library","floor":28,"gold_loss":0},{"damage_healed":0,"gold_gain":0,"player_choice":"Obtained Relic","damage_taken":0,"relics_obtained":["Frozen Egg 2"],"max_hp_gain":0,"max_hp_loss":0,"event_name":"Addict","floor":30,"gold_loss":85},{"damage_healed":0,"gold_gain":0,"player_choice":"Max HP","damage_taken":0,"max_hp_gain":0,"max_hp_loss":4,"event_name":"Winding Halls","floor":37,"gold_loss":0},{"damage_healed":0,"gold_gain":333,"player_choice":"Gave Idol","damage_taken":0,"max_hp_gain":0,"max_hp_loss":0,"event_name":"The Moai Head","floor":38,"relics_lost":["Golden Idol"],"gold_loss":0},{"cards_removed":["Strike_G"],"damage_healed":0,"gold_gain":0,"player_choice":"Removed Attack","damage_taken":0,"max_hp_gain":0,"max_hp_loss":0,"event_name":"Falling","floor":46,"gold_loss":0}],"is_beta":false,"boss_relics":[{"not_picked":["Calling Bell","Black Star"],"picked":"Orrery"},{"not_picked":["White Beast Statue","Snecko Eye"],"picked":"Cursed Key"}],"items_purged_floors":[4,12,20,36,47],"is_endless":false,"potions_floor_spawned":[3,7,10,16,18,29,35,39,40,45],"ascension_level":0}