{"gold_per_floor":[110,125,140,157,174,174,209,209,209,224,237,237,257,357,357,462,462,481,481,496,508,159,159,170,170,194,225,225,237,255,272,272,372,422,437,19,19,35,50,50,63,63,87,104,115,127,127,127,127,127,127,127,27,62,62],"floor_reached":56,"playtime":2930,"items_purged":["Strike_G","Defend_G"],"score":1204,"play_id":"3eba95e4-06c8-402b-a878-0c972a58a5d4","local_time":"20190507152904","is_ascension_mode":false,"campfire_choices":[{"data":"Footwork","floor":6,"key":"SMITH"},{"floor":12,"key":"REST"},{"floor":15,"key":"REST"},{"data":"Corpse Explosion","floor":23,"key":"SMITH"},{"data":"Leg Sweep","floor":28,"key":"SMITH"},{"data":"Crippling Poison","floor":32,"key":"SMITH"},{"floor":40,"key":"RECALL"},{"data":"Catalyst","floor":42,"key":"SMITH"},{"data":"Predator","floor":47,"key":"SMITH"},{"data":"Neutralize","floor":49,"key":"SMITH"},{"data":"After Image","floor":52,"key":"SMITH"}],"neow_cost":"NONE","seed_source_timestamp":901862794202508,"circlet_count":0,"master_deck":["Defend_G","Defend_G","Defend_G","Strike_G","Strike_G","Strike_G","Survivor+1","Neutralize+1","Dodge and Roll+1","Cloak And Dagger","Footwork+1","Leg Sweep+1","Corpse Explosion+1","Deadly Poison","Crippling Poison+1","PiercingWail","After Image+1","Catalyst+1","RitualDagger","Footwork+1","Backstab+1","Catalyst+1","Predator+1","Catalyst+1","Envenom+1","Poisoned Stab+1","Leg Sweep+1"],"relics":["Ring of the Snake","Pocketwatch","Bag of Preparation","Velvet Choker","Lantern","TwistedFunnel","Bronze Scales","Tiny House","War Paint","OrangePellets","Regal Pillow"],"potions_floor_usage":[7,33,35,55,55],"damage_taken":[{"damage":13,"enemies":"Cultist","floor":1,"turns":5},{"damage":2,"enemies":"Small Slimes","floor":2,"turns":4},{"damage":2,"enemies":"2 Louse","floor":3,"turns":3},{"damage":0,"enemies":"Red Slaver","floor":4,"turns":6},{"damage":25,"enemies":"Exordium Wildlife","floor":5,"turns":11},{"damage":33,"enemies":"Lagavulin","floor":7,"turns":12},{"damage":0,"enemies":"Large Slime","floor":10,"turns":4},{"damage":0,"enemies":"3 Louse","floor":11,"turns":4},{"damage":1,"enemies":"Red Slaver","floor":13,"turns":5},{"damage":10,"enemies":"The Guardian","floor":16,"turns":11},{"damage":0,"enemies":"3 Byrds","floor":18,"turns":3},{"damage":0,"enemies":"Shell Parasite","floor":20,"turns":9},{"damage":0,"enemies":"Centurion and Healer","floor":21,"turns":5},{"damage":0,"enemies":"3 Cultists","floor":24,"turns":1},{"damage":18,"enemies":"Slavers","floor":27,"turns":2},{"damage":0,"enemies":"Shelled Parasite and Fungi","floor":29,"turns":7},{"damage":4,"enemies":"Snecko","floor":30,"turns":4},{"damage":6,"enemies":"3 Cultists","floor":31,"turns":4},{"damage":31,"enemies":"Automaton","floor":33,"turns":8},{"damage":0,"enemies":"3 Darklings","floor":35,"turns":4},{"damage":0,"enemies":"Orb Walker","floor":38,"turns":3},{"damage":4,"enemies":"Sphere and 2 Shapes","floor":39,"turns":5},{"damage":0,"enemies":"4 Shapes","floor":41,"turns":2},{"damage":0,"enemies":"Maw","floor":44,"turns":2},{"damage":4,"enemies":"Jaw Worm Horde","floor":45,"turns":4},{"damage":0,"enemies":"Transient","floor":46,"turns":5},{"damage":7,"enemies":"Time Eater","floor":50,"turns":8},{"damage":0,"enemies":"Shield and Spear","floor":54,"turns":5},{"damage":11,"enemies":"The Heart","floor":55,"turns":5}],"seed_played":"-7357682875686904160","potions_obtained":[{"floor":1,"key":"SteroidPotion"},{"floor":3,"key":"Swift Potion"},{"floor":4,"key":"FairyPotion"},{"floor":5,"key":"Dexterity Potion"},{"floor":16,"key":"Weak Potion"},{"floor":21,"key":"PowerPotion"},{"floor":34,"key":"LiquidBronze"},{"floor":35,"key":"Fruit Juice"},{"floor":38,"key":"SteroidPotion"},{"floor":39,"key":"GhostInAJar"}],"is_trial":false,"path_per_floor":["M","M","M","M","M","R","E","?","T","M","M","R","M","?","R","B",null,"M","?","M","M","$","R","M","?","T","E","R","M","M","M","R","B",null,"M","$","?","M","M","R","M","R","T","M","M","M","R","?","R","B",null,"R","$","E","B",null],"character_chosen":"THE_SILENT","items_purchased":["Lantern","TwistedFunnel","War Paint","OrangePellets"],"campfire_rested":2,"item_purchase_floors":[22,22,36,36],"current_hp_per_floor":[64,62,60,60,35,35,2,2,2,2,2,25,24,24,47,37,77,77,71,71,71,71,71,71,71,71,53,53,53,49,43,43,12,82,87,87,87,87,83,83,83,83,83,83,79,79,79,79,79,72,87,87,87,87,76],"gold":62,"neow_bonus":"TEN_PERCENT_HP_BONUS","is_prod":false,"is_daily":false,"chose_seed":false,"campfire_upgraded":8,"win_rate":0,"timestamp":1557214144,"path_taken":["M","M","?","M","M","R","E","?","T","M","M","R","M","?","R","BOSS","M","?","M","M","$","R","M","?","T","E","R","M","M","M","R","BOSS","M","$","?","M","M","R","M","R","T","M","M","M","R","?","R","BOSS","R","$","E","BOSS"],"build_version":"2019-01-23","purchased_purges":2,"victory":true,"max_hp_per_floor":[77,77,77,77,77,77,77,77,77,77,77,77,77,77,77,77,77,77,77,77,77,77,77,77,77,77,77,77,77,77,77,77,77,82,87,87,87,87,87,87,87,87,87,87,87,87,87,87,87,87,87,87,87,87,87],"card_choices":[{"not_picked":["Masterful Stab","Sucker Punch"],"picked":"Dodge and Roll","floor":1},{"not_picked":["Eviscerate","Poisoned Stab"],"picked":"Cloak And Dagger","floor":2},{"not_picked":["Underhanded Strike","Heel Hook"],"picked":"Footwork","floor":3},{"not_picked":["Calculated Gamble","Predator"],"picked":"Leg Sweep","floor":4},{"not_picked":["Backstab","All Out Attack"],"picked":"Corpse Explosion","floor":5},{"not_picked":["Heel Hook","Bane"],"picked":"Deadly Poison","floor":7},{"not_picked":["Bane","Setup"],"picked":"Crippling Poison","floor":10},{"not_picked":["Dodge and Roll","Quick Slash"],"picked":"PiercingWail","floor":11},{"not_picked":["Quick Slash","Bane","Distraction"],"picked":"SKIP","floor":13},{"not_picked":["Unload","Glass Knife"],"picked":"After Image","floor":16},{"not_picked":["Deadly Poison","Prepared"],"picked":"Catalyst+1","floor":18},{"not_picked":["Underhanded Strike+1","Slice","Cloak And Dagger"],"picked":"SKIP","floor":20},{"not_picked":["Tools of the Trade","Bouncing Flask"],"picked":"Footwork+1","floor":21},{"not_picked":["Eviscerate+1","Skewer+1"],"picked":"Backstab+1","floor":24},{"not_picked":["Accuracy+1","Tactician","Dagger Spray"],"picked":"SKIP","floor":27},{"not_picked":["Prepared","Blur"],"picked":"Catalyst+1","floor":29},{"not_picked":["Outmaneuver+1","Endless Agony"],"picked":"Predator","floor":30},{"not_picked":["Bane+1","Infinite Blades+1"],"picked":"Catalyst","floor":31},{"not_picked":["Night Terror","Wraith Form v2"],"picked":"Envenom","floor":33},{"not_picked":["Prepared+1","Slice+1","Quick Slash+1"],"picked":"SKIP","floor":35},{"not_picked":["Cloak And Dagger","Backstab"],"picked":"Poisoned Stab+1","floor":38},{"not_picked":["Deflect+1","Backflip","Infinite Blades"],"picked":"SKIP","floor":39},{"not_picked":["Prepared","Slice"],"picked":"Leg Sweep+1","floor":41},{"not_picked":["Calculated Gamble+1","Well Laid Plans","Setup+1"],"picked":"SKIP","floor":44},{"not_picked":["Flying Knee+1","Heel Hook","Bullet Time"],"picked":"SKIP","floor":45},{"not_picked":["Flechettes+1","Cloak And Dagger","Blade Dance+1"],"picked":"SKIP","floor":46},{"not_picked":["Dodge and Roll+1","Doppelganger","Blade Dance+1"],"picked":"SKIP","floor":54}],"player_experience":484527,"relics_obtained":[{"floor":7,"key":"Pocketwatch"},{"floor":9,"key":"Bag of Preparation"},{"floor":27,"key":"Bronze Scales"},{"floor":43,"key":"Regal Pillow"}],"event_choices":[{"cards_removed":["Defend_G"],"damage_healed":0,"gold_gain":0,"player_choice":"Forget","damage_taken":0,"max_hp_gain":0,"max_hp_loss":0,"event_name":"Living Wall","floor":8,"gold_loss":0},{"damage_healed":0,"gold_gain":100,"player_choice":"Pray","damage_taken":0,"max_hp_gain":0,"max_hp_loss":0,"event_name":"Golden Shrine","floor":14,"gold_loss":0},{"damage_healed":0,"gold_gain":0,"player_choice":"Joined the Cult","damage_taken":6,"max_hp_gain":0,"max_hp_loss":0,"event_name":"Nest","floor":19,"gold_loss":0,"cards_obtained":["RitualDagger"]},{"damage_healed":0,"gold_gain":0,"player_choice":"Ignored","damage_taken":0,"max_hp_gain":0,"max_hp_loss":0,"event_name":"The Mausoleum","floor":25,"gold_loss":0},{"cards_removed":["Strike_G"],"damage_healed":0,"gold_gain":0,"player_choice":"Removed Attack","damage_taken":0,"max_hp_gain":0,"max_hp_loss":0,"event_name":"Falling","floor":37,"gold_loss":0},{"damage_healed":0,"gold_gain":0,"player_choice":"Ignored","damage_taken":0,"max_hp_gain":0,"max_hp_loss":0,"event_name":"SecretPortal","floor":48,"gold_loss":0}],"is_beta":false,"boss_relics":[{"not_picked":["Busted Crown","Runic Dome"],"picked":"Velvet Choker"},{"not_picked":["Orrery","Ring of the Serpent"],"picked":"Tiny House"}],"items_purged_floors":[36,53],"is_endless":false,"potions_floor_spawned":[1,3,4,5,16,21,24,30,31,35,38,39,45,46],"ascension_level":0}