{"gold_per_floor":[13,113,129,14,30,63,63,97,97,23,35,48,48,59,59,156,156,174,74,74,173,173,173,192,192,241,241,241],"floor_reached":28,"playtime":1716,"items_purged":["Strike_B","Strike_B"],"score":237,"play_id":"1a063145-941d-4aea-9d49-b50620ec424a","local_time":"20190425191612","is_ascension_mode":true,"campfire_choices":[{"floor":7,"key":"REST"},{"floor":13,"key":"REST"},{"floor":15,"key":"REST"},{"floor":23,"key":"REST"},{"floor":25,"key":"REST"},{"data":"Machine Learning","floor":27,"key":"SMITH"}],"neow_cost":"NO_GOLD","seed_source_timestamp":30896646652800,"circlet_count":0,"master_deck":["Strike_B","Defend_B","Defend_B","Defend_B","Defend_B","Zap","Dualcast","Machine Learning+1","Ball Lightning","Capacitor","Storm","Genetic Algorithm","Heatsinks","Ball Lightning","Ball Lightning","Barrage","Electrodynamics","Redo","Loop+1"],"relics":["Cracked Core","Regal Pillow","Mercury Hourglass","Dream Catcher","Inserter","Omamori"],"potions_floor_usage":[1,6,12,16,28],"damage_taken":[{"damage":2,"enemies":"2 Louse","floor":1,"turns":3},{"damage":0,"enemies":"Cultist","floor":3,"turns":3},{"damage":11,"enemies":"Jaw Worm","floor":5,"turns":3},{"damage":33,"enemies":"3 Sentries","floor":6,"turns":7},{"damage":39,"enemies":"Gremlin Nob","floor":8,"turns":5},{"damage":14,"enemies":"Looter","floor":11,"turns":3},{"damage":0,"enemies":"2 Fungi Beasts","floor":12,"turns":3},{"damage":16,"enemies":"Red Slaver","floor":14,"turns":3},{"damage":60,"enemies":"Hexaghost","floor":16,"turns":9},{"damage":19,"enemies":"3 Byrds","floor":18,"turns":3},{"damage":40,"enemies":"Colosseum Slavers","floor":20,"turns":3},{"damage":11,"enemies":"Chosen","floor":24,"turns":5},{"damage":89,"enemies":"Book of Stabbing","floor":28,"turns":6}],"seed_played":"2869563283872912096","potions_obtained":[{"floor":1,"key":"Fruit Juice"},{"floor":5,"key":"PowerPotion"},{"floor":11,"key":"FearPotion"},{"floor":14,"key":"PowerPotion"},{"floor":18,"key":"Ancient Potion"}],"is_trial":false,"path_per_floor":["M","?","M","$","M","E","R","E","T","$","M","M","R","M","R","B",null,"M","$","?","?","?","R","M","R","T","R","E"],"character_chosen":"DEFECT","items_purchased":["Storm","Heatsinks"],"campfire_rested":5,"item_purchase_floors":[4,10],"current_hp_per_floor":[78,78,78,78,67,34,73,34,34,34,20,20,59,43,80,20,80,61,61,21,21,21,60,49,80,80,80,0],"gold":241,"neow_bonus":"THREE_RARE_CARDS","is_prod":false,"is_daily":false,"chose_seed":false,"campfire_upgraded":1,"win_rate":0,"timestamp":1556176572,"path_taken":["M","?","M","$","M","E","R","E","T","$","?","M","R","M","R","BOSS","M","$","?","?","?","R","?","R","T","R","E"],"build_version":"2019-01-23","purchased_purges":2,"victory":false,"max_hp_per_floor":[80,80,80,80,80,80,80,80,80,80,80,80,80,80,80,80,80,80,80,80,80,80,80,80,80,80,80,80],"card_choices":[{"not_picked":["Creative AI","Multi-Cast"],"picked":"Machine Learning","floor":0},{"not_picked":["Steam Power","Beam Cell"],"picked":"Ball Lightning","floor":1},{"not_picked":["Skim","BootSequence"],"picked":"Capacitor","floor":3},{"not_picked":["Force Field","Darkness","Steam"],"picked":"SKIP","floor":5},{"not_picked":["Fusion","Cold Snap","Beam Cell"],"picked":"SKIP","floor":6},{"not_picked":["Skim","Steam"],"picked":"Genetic Algorithm","floor":8},{"not_picked":["Loop","Force Field"],"picked":"Ball Lightning","floor":11},{"not_picked":["Steam","Compile Driver","Force Field"],"picked":"SKIP","floor":12},{"not_picked":["Glacier","Auto Shields"],"picked":"Ball Lightning","floor":14},{"not_picked":["Conserve Battery","Compile Driver"],"picked":"Barrage","floor":15},{"not_picked":["Seek","Amplify"],"picked":"Electrodynamics","floor":16},{"not_picked":["Fusion","Hologram","Steam"],"picked":"SKIP","floor":18},{"not_picked":["Beam Cell","Steam"],"picked":"Redo","floor":24},{"not_picked":["Stack","FTL+1"],"picked":"Loop+1","floor":25}],"player_experience":40470,"relics_obtained":[{"floor":6,"key":"Regal Pillow"},{"floor":8,"key":"Mercury Hourglass"},{"floor":9,"key":"Dream Catcher"},{"floor":26,"key":"Omamori"}],"event_choices":[{"damage_healed":0,"gold_gain":100,"player_choice":"Pray","damage_taken":0,"max_hp_gain":0,"max_hp_loss":0,"event_name":"Golden Shrine","floor":2,"gold_loss":0},{"damage_healed":0,"gold_gain":0,"player_choice":"Fight","damage_taken":0,"max_hp_gain":0,"max_hp_loss":0,"event_name":"Colosseum","floor":20,"gold_loss":0},{"damage_healed":0,"gold_gain":0,"player_choice":"Fled From Nobs","damage_taken":0,"max_hp_gain":0,"max_hp_loss":0,"event_name":"Colosseum","floor":20,"gold_loss":0},{"damage_healed":0,"gold_gain":99,"player_choice":"Stole From Cult","damage_taken":0,"max_hp_gain":0,"max_hp_loss":0,"event_name":"Nest","floor":21,"gold_loss":0},{"cards_removed":["Strike_B"],"damage_healed":0,"gold_gain":0,"player_choice":"Purged","damage_taken":0,"max_hp_gain":0,"max_hp_loss":0,"event_name":"Purifier","floor":22,"gold_loss":0}],"is_beta":false,"boss_relics":[{"not_picked":["Runic Dome","Eternal Feather"],"picked":"Inserter"}],"items_purged_floors":[4,19],"is_endless":false,"potions_floor_spawned":[1,5,11,14,18],"killed_by":"Book of Stabbing","ascension_level":1}