{"gold_per_floor":[113,128,128,147,165,165,37,37,37,37,37,68,57,76,76,76],"floor_reached":16,"playtime":1021,"items_purged":["Strike_B"],"score":107,"play_id":"707e741d-7b23-41f3-8367-af0b5224cfe1","local_time":"20190114012457","is_ascension_mode":true,"campfire_choices":[{"data":"Cold Snap","floor":6,"key":"SMITH"},{"data":"Capacitor","floor":8,"key":"SMITH"},{"floor":15,"key":"REST"}],"neow_cost":"NONE","seed_source_timestamp":329271095275845,"circlet_count":0,"master_deck":["Strike_B","Strike_B","Defend_B","Defend_B","Defend_B","Defend_B","Zap","Dualcast","Purity","Gash","Capacitor+1","Iron Wave","Turbo","Cold Snap+1","Coolheaded","Ball Lightning","Redo"],"relics":["Cracked Core","Frozen Egg 2","WingedGreaves"],"potions_floor_usage":[5,12,16,16],"damage_taken":[{"damage":1,"enemies":"Cultist","floor":1,"turns":3},{"damage":1,"enemies":"2 Louse","floor":2,"turns":2},{"damage":0,"enemies":"Small Slimes","floor":4,"turns":4},{"damage":31,"enemies":"Gremlin Gang","floor":5,"turns":5},{"damage":30,"enemies":"3 Sentries","floor":12,"turns":12},{"damage":10,"enemies":"Exordium Thugs","floor":13,"turns":4},{"damage":0,"enemies":"Looter","floor":14,"turns":3},{"damage":30,"enemies":"Slime Boss","floor":16,"turns":5}],"seed_played":"-2385181251450978186","potions_obtained":[{"floor":2,"key":"Explosive Potion"},{"floor":10,"key":"SpeedPotion"},{"floor":10,"key":"SkillPotion"},{"floor":10,"key":"Dexterity Potion"},{"floor":12,"key":"Weak Potion"}],"is_trial":false,"path_per_floor":["M","M","?","M","M","R","$","R","T","?","$","E","M","M","R","B"],"character_chosen":"DEFECT","items_purchased":["Coolheaded"],"campfire_rested":1,"item_purchase_floors":[7],"current_hp_per_floor":[74,73,73,73,42,42,42,42,42,42,42,12,2,2,24,0],"gold":76,"neow_bonus":"RANDOM_COLORLESS","is_prod":false,"is_daily":false,"chose_seed":false,"campfire_upgraded":2,"win_rate":0,"timestamp":1547450697,"path_taken":["M","?","?","?","M","R","$","R","T","?","$","E","M","M","R","BOSS"],"build_version":"2019-01-10","purchased_purges":1,"victory":false,"max_hp_per_floor":[75,75,75,75,75,75,75,75,75,75,75,75,75,75,75,75],"card_choices":[{"not_picked":["Chaos","Beam Cell"],"picked":"Gash","floor":1},{"not_picked":["Steam","Beam Cell"],"picked":"Capacitor","floor":2},{"not_picked":["Reprogram","Go for the Eyes"],"picked":"Turbo","floor":4},{"not_picked":["Compile Driver","Buffer"],"picked":"Cold Snap","floor":5},{"not_picked":["Hologram","Recycle","Reboot"],"picked":"SKIP","floor":12},{"not_picked":["Go for the Eyes","Conserve Battery"],"picked":"Ball Lightning","floor":13},{"not_picked":["White Noise","Genetic Algorithm"],"picked":"Redo","floor":14}],"player_experience":208821,"relics_obtained":[{"floor":9,"key":"Frozen Egg 2"},{"floor":12,"key":"WingedGreaves"}],"event_choices":[{"cards_removed":["Strike_B"],"damage_healed":0,"gold_gain":0,"player_choice":"Took Card","damage_taken":0,"max_hp_gain":0,"max_hp_loss":0,"event_name":"NoteForYourself","floor":3,"gold_loss":0,"cards_obtained":["Iron Wave"]},{"damage_healed":0,"gold_gain":0,"player_choice":"Got Potions","damage_taken":0,"max_hp_gain":0,"max_hp_loss":0,"event_name":"Lab","floor":10,"gold_loss":0}],"is_beta":false,"boss_relics":[],"items_purged_floors":[7],"is_endless":false,"potions_floor_spawned":[2,12,14],"killed_by":"Slime Boss","ascension_level":1}