{"gold_per_floor":[116,131,155,184,196,208,231,243,255,279,304,330,357,249,249,353,353,368,122,122],"floor_reached":20,"playtime":2610,"items_purged":["Strike_G","Strike_G"],"score":168,"play_id":"335e7d28-a210-4a07-8e39-ae9526bb66ff","local_time":"20190428030003","is_ascension_mode":false,"campfire_choices":[{"data":"Adrenaline","floor":6.0,"key":"SMITH"},{"floor":15.0,"key":"REST"}],"neow_cost":"NONE","seed_source_timestamp":0,"circlet_count":0,"master_deck":["Defend_G","Defend_G","Defend_G","Defend_G","Defend_G","Strike_G","Strike_G+1","Strike_G+1","Survivor","Neutralize","Adrenaline+1","Blade Dance","ReplayTheSpireMod:Scrap Shanks","Blade Dance","infinitespire:Neurotoxin","Cloak And Dagger","Flying Knee","Bane","Finisher","Cloak And Dagger","Crippling Poison"],"special_seed":0,"relics":["Ring of the Snake","MawBank","FaceOfCleric","Turnip","Orrery","Simple Rune"],"potions_floor_usage":[],"damage_taken":[{"damage":1.0,"enemies":"Cultist","floor":1.0,"turns":4.0},{"damage":0.0,"enemies":"Small Slimes","floor":2.0,"turns":2.0},{"damage":2.0,"enemies":"Jaw Worm","floor":4.0,"turns":5.0},{"damage":2.0,"enemies":"Looter","floor":7.0,"turns":3.0},{"damage":15.0,"enemies":"Large Slime","floor":10.0,"turns":11.0},{"damage":12.0,"enemies":"3 Louse","floor":11.0,"turns":5.0},{"damage":5.0,"enemies":"Blue Slaver","floor":12.0,"turns":4.0},{"damage":4.0,"enemies":"Gremlin Gang","floor":13.0,"turns":8.0},{"damage":55.0,"enemies":"Hexaghost","floor":16.0,"turns":14.0},{"damage":8.0,"enemies":"3 Byrds","floor":18.0,"turns":5.0},{"damage":37,"enemies":"Colosseum Slavers","floor":20,"turns":5},{"damage":52,"enemies":"Colosseum Nobs","floor":20,"turns":5}],"seed_played":"-5909891148180491672","potions_obtained":[{"floor":1.0,"key":"Fire Potion"},{"floor":4.0,"key":"LiquidBronze"},{"floor":11.0,"key":"SteroidPotion"},{"floor":13.0,"key":"Energy Potion"},{"floor":16.0,"key":"construct:ShiftPotion"}],"is_trial":false,"path_per_floor":["M","M","T","M","?","R","M","$","T","M","M","M","M","$","R","B",null,"M","$","?"],"character_chosen":"THE_SILENT","items_purchased":["Bane","Simple Rune"],"campfire_rested":1,"item_purchase_floors":[14,19],"current_hp_per_floor":[69,69,69,67,67,67,66,66,66,52,41,37,34,34,56,2,76,69,69,0],"gold":122,"neow_bonus":"ONE_RANDOM_RARE_CARD","is_prod":false,"is_daily":false,"chose_seed":false,"campfire_upgraded":1,"win_rate":0.0,"timestamp":1556377203,"path_taken":["M","?","?","M","?","R","M","$","T","M","M","M","?","?","R","BOSS","M","$","?"],"build_version":"2019-01-23","purchased_purges":2,"victory":false,"max_hp_per_floor":[70,70,70,70,70,70,71,71,71,72,73,74,75,75,75,76,76,77,77,78],"card_choices":[{"not_picked":["Acrobatics","Expertise"],"picked":"Blade Dance","floor":1.0},{"not_picked":["Predator","Acrobatics"],"picked":"ReplayTheSpireMod:Scrap Shanks","floor":2.0},{"not_picked":["Reflex","Noxious Fumes","Expertise"],"picked":"SKIP","floor":4.0},{"not_picked":["Fluid Movement","Masterful Stab","Underhanded Strike"],"picked":"SKIP","floor":7.0},{"not_picked":["Dagger Spray","Draining Mist"],"picked":"Blade Dance","floor":10.0},{"not_picked":["Outmaneuver","Escape Plan"],"picked":"infinitespire:Neurotoxin","floor":11.0},{"not_picked":["Endless Agony","Prepared"],"picked":"Cloak And Dagger","floor":12.0},{"not_picked":["Quick Slash","Deflect"],"picked":"Flying Knee","floor":13.0},{"not_picked":["Underhanded Strike","Crippling Poison"],"picked":"Finisher","floor":17.0},{"not_picked":["ReplayTheSpireMod:Shiv Toss","Tactician"],"picked":"Cloak And Dagger","floor":17.0},{"not_picked":["ReplayTheSpireMod:Scrap Shanks","Cloak And Dagger"],"picked":"Crippling Poison","floor":18.0}],"player_experience":86911,"relics_obtained":[{"floor":3.0,"key":"MawBank"},{"floor":9.0,"key":"Turnip"}],"event_choices":[{"damage_healed":0.0,"max_hp_gain":0.0,"max_hp_loss":0.0,"gold_gain":0.0,"event_name":"FaceTrader","player_choice":"Trade","floor":5.0,"gold_loss":0.0,"damage_taken":0.0,"relics_obtained":["FaceOfCleric"]},{"damage_healed":0,"gold_gain":0,"player_choice":"Fight","damage_taken":0,"max_hp_gain":0,"max_hp_loss":0,"event_name":"Colosseum","floor":20,"gold_loss":0},{"damage_healed":0,"gold_gain":0,"player_choice":"Fought Nobs","damage_taken":0,"max_hp_gain":0,"max_hp_loss":0,"event_name":"Colosseum","floor":20,"gold_loss":0}],"is_beta":false,"boss_relics":[{"not_picked":["Philosopher\u0027s Stone","ReplayTheSpireMod:DimensionalGlitch"],"picked":"Orrery"}],"items_purged_floors":[14,19],"is_endless":false,"potions_floor_spawned":[1,4,11,13,16,20],"killed_by":"Colosseum Nobs","ascension_level":0}