{"gold_per_floor":[113,113,132,82,35,35,47,61,61,87,103,103,43,63,63,164,164,175,225,237,336,347,347,357,190,190,28,40,18,36,56,56,153,153,168,168,168,168,184,211,211,131,155,39,56,76,91,109,109,109],"floor_reached":51,"playtime":1662,"items_purged":["Strike_B","Defend_B"],"score":733,"play_id":"dc3553c3-eae0-49d8-95e8-f6978b1b621f","local_time":"20190320024010","is_ascension_mode":false,"campfire_choices":[{"data":"Dualcast","floor":6.0,"key":"SMITH"},{"data":"Beam Cell","floor":15.0,"key":"SMITH"},{"data":"Heatsinks","floor":23.0,"key":"SMITH"},{"data":"Heatsinks","floor":32.0,"key":"SMITH"},{"data":"White Noise","floor":41,"key":"SMITH"},{"data":"Chaos","floor":49,"key":"SMITH"}],"neow_cost":"TEN_PERCENT_HP_LOSS","seed_source_timestamp":4721550894320,"circlet_count":0,"master_deck":["Strike_B+1","Defend_B","Zap+1","Dualcast+1","Heatsinks+1","Beam Cell+1","Leap","Leap","Conserve Battery","Coolheaded","Heatsinks+1","Beam Cell","Loop","Conserve Battery","Biased Cognition","Cold Snap+1","Rebound","Leap+1","White Noise+1","Sunder+1","Compile Driver","Melter+1","Biased Cognition","Tempest+1","Zap+1","Chaos+1","Electrodynamics","Chaos","Glacier","Ball Lightning+1","Loop","Chaos+1"],"special_seed":0,"relics":["Cracked Core","Bottled Tornado","The Courier","Coffee Dripper","Bronze Scales","Runic Capacitor","Cables","Lee\u0027s Waffle","Philosopher\u0027s Stone","Whetstone","Bag of Preparation"],"potions_floor_usage":[50,50,50],"damage_taken":[{"damage":3.0,"enemies":"Jaw Worm","floor":1.0,"turns":3.0},{"damage":0.0,"enemies":"Small Slimes","floor":3.0,"turns":3.0},{"damage":0.0,"enemies":"Cultist","floor":7.0,"turns":3.0},{"damage":1.0,"enemies":"2 Fungi Beasts","floor":8.0,"turns":3.0},{"damage":18.0,"enemies":"3 Sentries","floor":10.0,"turns":10.0},{"damage":5.0,"enemies":"Blue Slaver","floor":11.0,"turns":3.0},{"damage":0.0,"enemies":"Large Slime","floor":14.0,"turns":6.0},{"damage":23.0,"enemies":"Slime Boss","floor":16.0,"turns":12.0},{"damage":9.0,"enemies":"Chosen","floor":18.0,"turns":5.0},{"damage":0.0,"enemies":"3 Byrds","floor":20.0,"turns":4.0},{"damage":14.0,"enemies":"Snake Plant","floor":22.0,"turns":4.0},{"damage":3.0,"enemies":"Cultist and Chosen","floor":24.0,"turns":6.0},{"damage":9.0,"enemies":"Shelled Parasite and Fungi","floor":28.0,"turns":5.0},{"damage":0.0,"enemies":"3 Cultists","floor":30.0,"turns":5.0},{"damage":4.0,"enemies":"Centurion and Healer","floor":31.0,"turns":3.0},{"damage":26.0,"enemies":"Champ","floor":33.0,"turns":10.0},{"damage":10.0,"enemies":"3 Shapes","floor":35.0,"turns":5.0},{"damage":0.0,"enemies":"Orb Walker","floor":39.0,"turns":3.0},{"damage":30,"enemies":"Giant Head","floor":40,"turns":6},{"damage":0,"enemies":"Sphere and 2 Shapes","floor":45,"turns":2},{"damage":0,"enemies":"Transient","floor":46,"turns":5},{"damage":17,"enemies":"3 Darklings","floor":47,"turns":3},{"damage":0,"enemies":"Maw","floor":48,"turns":4},{"damage":0,"enemies":"Donu and Deca","floor":50,"turns":6}],"seed_played":"4485358185403479695","potions_obtained":[{"floor":1.0,"key":"Ancient Potion"},{"floor":7.0,"key":"SpeedPotion"},{"floor":10.0,"key":"SkillPotion"},{"floor":20.0,"key":"Energy Potion"}],"is_trial":false,"path_per_floor":["M","?","M","?","$","R","M","M","T","E","M","?","$","M","R","B",null,"M","T","M","?","M","R","M","$","T","$","M","$","M","M","R","B",null,"M","?","?","?","M","E","R","$","T","$","M","M","M","M","R","B",null],"character_chosen":"DEFECT","items_purchased":["Conserve Battery","Runic Capacitor","Lee\u0027s Waffle","Compile Driver","Chaos","Glacier"],"campfire_rested":0,"item_purchase_floors":[5,25,27,29,44,44],"current_hp_per_floor":[65,65,65,65,65,65,65,64,64,46,41,35,35,35,35,12,68,59,59,59,59,45,45,42,42,42,75,66,66,66,62,62,36,75,65,65,65,65,65,35,35,35,35,35,35,35,18,18,18,18],"gold":109,"neow_bonus":"TRANSFORM_TWO_CARDS","is_prod":false,"is_daily":false,"chose_seed":false,"campfire_upgraded":6,"win_rate":0,"timestamp":1553071210,"path_taken":["M","?","M","?","$","R","?","M","T","E","M","?","$","M","R","BOSS","M","?","M","?","M","R","M","$","T","$","M","$","M","M","R","BOSS","M","?","?","?","M","E","R","$","T","$","M","M","M","M","R","BOSS"],"build_version":"2019-01-23","purchased_purges":2,"victory":true,"max_hp_per_floor":[68,68,68,68,68,68,68,68,68,68,68,68,68,68,68,68,68,68,68,68,68,68,68,68,68,68,75,75,75,75,75,75,75,75,75,75,75,75,75,75,75,75,75,75,75,75,75,75,75,75],"card_choices":[{"not_picked":["Scrape","Barrage"],"picked":"Leap","floor":1.0},{"not_picked":["Redo","Skim"],"picked":"Leap","floor":3.0},{"not_picked":["Redo","Leap"],"picked":"Coolheaded","floor":7.0},{"not_picked":["Loop","Static Discharge"],"picked":"Heatsinks","floor":8.0},{"not_picked":["Scrape","Chill"],"picked":"Beam Cell","floor":10.0},{"not_picked":["Gash","Steam Power"],"picked":"Loop","floor":11.0},{"not_picked":["Seek","Blizzard"],"picked":"Conserve Battery","floor":14.0},{"not_picked":["Machine Learning","Meteor Strike"],"picked":"Biased Cognition","floor":16.0},{"not_picked":["Sweeping Beam","Reprogram"],"picked":"Cold Snap","floor":18.0},{"not_picked":["BootSequence","Sweeping Beam"],"picked":"Rebound","floor":20.0},{"not_picked":["Scrape+1","Doom and Gloom"],"picked":"Leap+1","floor":22.0},{"not_picked":["Heatsinks","Turbo"],"picked":"White Noise","floor":24.0},{"not_picked":["Conserve Battery","Undo+1"],"picked":"Sunder+1","floor":28.0},{"not_picked":["Rip and Tear","Rebound"],"picked":"Melter+1","floor":30.0},{"not_picked":["Lockon","Sunder","BootSequence"],"picked":"SKIP","floor":31.0},{"not_picked":["Buffer","Amplify"],"picked":"Biased Cognition","floor":33.0},{"not_picked":["Steam","Glacier"],"picked":"Tempest+1","floor":35.0},{"not_picked":["Capacitor+1","Leap"],"picked":"Chaos+1","floor":39.0},{"not_picked":["Stack+1","Loop+1"],"picked":"Electrodynamics","floor":40},{"not_picked":["Compile Driver+1","Rip and Tear+1"],"picked":"Ball Lightning+1","floor":45},{"not_picked":["Undo+1","Turbo+1"],"picked":"Loop","floor":46},{"not_picked":["Gash","Go for the Eyes"],"picked":"Chaos","floor":47},{"not_picked":["Darkness","Force Field","Hologram"],"picked":"SKIP","floor":48}],"player_experience":1083147,"relics_obtained":[{"floor":9.0,"key":"Bottled Tornado"},{"floor":10.0,"key":"The Courier"},{"floor":19.0,"key":"Bronze Scales"},{"floor":26.0,"key":"Cables"},{"floor":40,"key":"Whetstone"},{"floor":43,"key":"Bag of Preparation"}],"event_choices":[{"damage_healed":0.0,"max_hp_gain":0.0,"max_hp_loss":0.0,"gold_gain":0.0,"event_name":"Living Wall","player_choice":"Grow","floor":2.0,"gold_loss":0.0,"damage_taken":0.0,"cards_upgraded":["Zap"]},{"cards_removed":["Defend_B"],"damage_healed":0.0,"max_hp_gain":0.0,"max_hp_loss":0.0,"gold_gain":0.0,"event_name":"The Cleric","player_choice":"Card Removal","floor":4.0,"gold_loss":50.0,"damage_taken":0.0},{"damage_healed":0.0,"max_hp_gain":0.0,"max_hp_loss":0.0,"gold_gain":0.0,"event_name":"Wheel of Change","player_choice":"Damaged","floor":12.0,"gold_loss":0.0,"damage_taken":6.0},{"damage_healed":0.0,"max_hp_gain":0.0,"max_hp_loss":0.0,"gold_gain":99.0,"event_name":"Nest","player_choice":"Stole From Cult","floor":21.0,"gold_loss":0.0,"damage_taken":0.0},{"damage_healed":0.0,"max_hp_gain":0.0,"max_hp_loss":0.0,"gold_gain":0.0,"event_name":"Tomb of Lord Red Mask","player_choice":"Ignored","floor":36.0,"gold_loss":0.0,"damage_taken":0.0},{"cards_removed":["Strike_B"],"damage_healed":0.0,"max_hp_gain":0.0,"max_hp_loss":0.0,"gold_gain":0.0,"event_name":"Falling","player_choice":"Removed Attack","floor":37.0,"gold_loss":0.0,"damage_taken":0.0},{"damage_healed":0.0,"max_hp_gain":0.0,"max_hp_loss":0.0,"gold_gain":0.0,"event_name":"Duplicator","player_choice":"Copied","floor":38.0,"gold_loss":0.0,"damage_taken":0.0,"cards_obtained":["Zap"]}],"is_beta":false,"boss_relics":[{"not_picked":["Fusion Hammer","Lizard Tail"],"picked":"Coffee Dripper"},{"not_picked":["Velvet Choker","Orrery"],"picked":"Philosopher\u0027s Stone"}],"items_purged_floors":[13,42],"is_endless":false,"potions_floor_spawned":[1,7,10,14,20,22,24,33,35,45,46,47,48],"ascension_level":0}