{"gold_per_floor":[217,217,228,228,248,248,283,307,331,331,137,154,104,124,124,224,224,237,248,96,112,130,130,130,161,242,242,242,262,262,115,115,115],"floor_reached":33,"playtime":2550,"items_purged":["Strike_G","Strike_G","Strike_G+1"],"score":292,"play_id":"4151a515-aba1-4bf3-a485-27da174b6cd2","local_time":"20190216215422","is_ascension_mode":true,"campfire_choices":[{"data":"Flying Knee","floor":6,"key":"SMITH"},{"data":"Skewer","floor":10,"key":"SMITH"},{"data":"Bouncing Flask","floor":15,"key":"SMITH"},{"floor":23,"key":"REST"},{"floor":28,"key":"REST"},{"floor":32,"key":"REST"}],"neow_cost":"NONE","seed_source_timestamp":1525048285962470,"circlet_count":0,"master_deck":["Defend_G+1","Defend_G+1","Defend_G+1","Defend_G+1","Defend_G+1","Survivor+1","Neutralize+1","Flying Knee+1","Tactician","Skewer+1","Footwork","Backflip","Leg Sweep","Bouncing Flask+1","Burst","Backflip","Tactician+1","Bane","Deadly Poison"],"relics":["Ring of the Snake","War Paint","Ornamental Fan","Oddly Smooth Stone","Bag of Preparation","Busted Crown","Bag of Marbles","Question Card","MutagenicStrength"],"potions_floor_usage":[33,33],"damage_taken":[{"damage":2,"enemies":"Cultist","floor":1,"turns":6},{"damage":4,"enemies":"Jaw Worm","floor":3,"turns":6},{"damage":0,"enemies":"Small Slimes","floor":5,"turns":3},{"damage":5,"enemies":"3 Sentries","floor":7,"turns":13},{"damage":0,"enemies":"Exordium Thugs","floor":12,"turns":5},{"damage":0,"enemies":"3 Louse","floor":14,"turns":3},{"damage":43,"enemies":"Slime Boss","floor":16,"turns":13},{"damage":7,"enemies":"Shell Parasite","floor":18,"turns":5},{"damage":3,"enemies":"Spheric Guardian","floor":19,"turns":4},{"damage":10,"enemies":"Cultist and Chosen","floor":21,"turns":7},{"damage":24,"enemies":"Snake Plant","floor":22,"turns":3},{"damage":39,"enemies":"Gremlin Leader","floor":25,"turns":8},{"damage":0,"enemies":"Chosen and Byrds","floor":29,"turns":6},{"damage":63,"enemies":"Collector","floor":33,"turns":11}],"seed_played":"4823297877704704744","potions_obtained":[{"floor":1,"key":"Explosive Potion"},{"floor":3,"key":"Block Potion"},{"floor":12,"key":"Swift Potion"},{"floor":16,"key":"Ancient Potion"},{"floor":19,"key":"Poison Potion"}],"is_trial":false,"path_per_floor":["M","?","M","?","M","R","E","T","T","R","$","M","?","M","R","B",null,"M","M","$","M","M","R","?","E","T","?","R","M","?","$","R","B"],"character_chosen":"THE_SILENT","items_purchased":["Footwork","Backflip","Backflip","Deadly Poison"],"campfire_rested":3,"item_purchase_floors":[11,11,20,31],"current_hp_per_floor":[68,68,64,64,64,64,59,59,59,59,59,59,59,59,59,16,70,63,60,60,50,26,47,47,8,8,8,29,29,29,29,50,0],"gold":115,"neow_bonus":"HUNDRED_GOLD","is_prod":false,"is_daily":false,"chose_seed":false,"campfire_upgraded":3,"win_rate":0,"timestamp":1550375662,"path_taken":["M","?","?","?","M","R","E","?","T","R","$","?","?","M","R","BOSS","M","M","$","M","M","R","?","E","T","?","R","M","?","$","R","BOSS"],"build_version":"2019-01-23","purchased_purges":3,"victory":false,"max_hp_per_floor":[70,70,70,70,70,70,70,70,70,70,70,70,70,70,70,70,70,70,70,70,70,70,70,70,70,70,70,70,70,70,70,70,70],"card_choices":[{"not_picked":["Calculated Gamble","Tactician"],"picked":"Flying Knee","floor":1},{"not_picked":["Blade Dance","Caltrops"],"picked":"Tactician","floor":3},{"not_picked":["Expertise","Concentrate","Dodge and Roll"],"picked":"SKIP","floor":5},{"not_picked":["Phantasmal Killer","Blur"],"picked":"Skewer","floor":7},{"not_picked":["Infinite Blades","Deadly Poison"],"picked":"Leg Sweep","floor":12},{"not_picked":["Finisher","Accuracy"],"picked":"Bouncing Flask","floor":14},{"not_picked":["A Thousand Cuts","Wraith Form v2"],"picked":"Burst","floor":16},{"not_picked":["Quick Slash"],"picked":"SKIP","floor":18},{"not_picked":["Caltrops"],"picked":"SKIP","floor":19},{"not_picked":["Slice"],"picked":"SKIP","floor":21},{"not_picked":[],"picked":"Tactician+1","floor":22},{"not_picked":[],"picked":"Bane","floor":25},{"not_picked":["Accuracy+1","Deflect"],"picked":"SKIP","floor":29}],"player_experience":373413,"relics_obtained":[{"floor":7,"key":"Ornamental Fan"},{"floor":8,"key":"Oddly Smooth Stone"},{"floor":9,"key":"Bag of Preparation"},{"floor":25,"key":"Bag of Marbles"},{"floor":26,"key":"Question Card"}],"event_choices":[{"damage_healed":0,"gold_gain":0,"player_choice":"Gave Potion","damage_taken":0,"relics_obtained":["War Paint"],"max_hp_gain":0,"max_hp_loss":0,"event_name":"WeMeetAgain","floor":2,"gold_loss":0},{"damage_healed":0,"gold_gain":0,"player_choice":"Grow","damage_taken":0,"max_hp_gain":0,"max_hp_loss":0,"event_name":"Living Wall","floor":4,"gold_loss":0,"cards_upgraded":["Neutralize"]},{"cards_removed":["Strike_G"],"damage_healed":0,"gold_gain":0,"player_choice":"Card Removal","damage_taken":0,"max_hp_gain":0,"max_hp_loss":0,"event_name":"The Cleric","floor":13,"gold_loss":50},{"damage_healed":0,"gold_gain":0,"player_choice":"Simplicity","damage_taken":0,"max_hp_gain":0,"max_hp_loss":0,"event_name":"Back to Basics","floor":24,"gold_loss":0,"cards_upgraded":["Defend_G","Defend_G","Defend_G","Defend_G","Strike_G","Strike_G"]},{"damage_healed":0,"gold_gain":0,"player_choice":"Inject Mutagens","damage_taken":0,"relics_obtained":["MutagenicStrength"],"max_hp_gain":0,"max_hp_loss":0,"event_name":"Drug Dealer","floor":27,"gold_loss":0},{"cards_removed":["Strike_G"],"damage_healed":0,"gold_gain":0,"player_choice":"Card Removal","damage_taken":0,"max_hp_gain":0,"max_hp_loss":0,"event_name":"Wheel of Change","floor":30,"gold_loss":0}],"is_beta":false,"boss_relics":[{"not_picked":["Calling Bell","Eternal Feather"],"picked":"Busted Crown"}],"items_purged_floors":[11,20,31],"is_endless":false,"potions_floor_spawned":[1,3,12,16,19,22,29],"killed_by":"Collector","ascension_level":2}