{"gold_per_floor":[119,135,135,95,69,69,88,88,111,111,127,143,156,169,169,295,295,316,316,56,76,101,101,101,101,101,114,127,166,166,182,182,312,312,332,332,348,366,366],"floor_reached":39,"playtime":3955,"items_purged":[],"score":472,"play_id":"44803e85-bac0-435f-8219-7916e702cb3f","local_time":"20190501004901","is_ascension_mode":false,"campfire_choices":[{"floor":6,"key":"REST"},{"data":"Sunder","floor":8,"key":"SMITH"},{"data":"Sunder","floor":10,"key":"SMITH"},{"data":"Fusion","floor":15,"key":"SMITH"},{"floor":23,"key":"REST"},{"data":"Transmutation","floor":25,"key":"SMITH"},{"floor":30,"key":"REST"},{"floor":32,"key":"REST"}],"neow_cost":"PERCENT_DAMAGE","seed_source_timestamp":193118621688522,"circlet_count":0,"master_deck":["Strike_B+1","Strike_B+1","Strike_B+1","Strike_B+1","Defend_B+1","Defend_B+1","Defend_B+1","Defend_B+1","Zap","Dualcast","Beam Cell","Sunder+1","Gash","Sunder+1","Coolheaded","Fusion+1","Scrape","FTL","Buffer","Rebound","Transmutation+1","Redo","Melter","Turbo","Streamline+1","All For One","Beam Cell","Ball Lightning","Rip and Tear+1","Echo Form","White Noise","Genetic Algorithm+1","Gash+1"],"relics":["Cracked Core","Golden Idol","Anchor","Philosopher\u0027s Stone","Bottled Lightning","Bottled Tornado","Nuclear Battery"],"potions_floor_usage":[4,16,16,16,29,31,33,33,33,33,33,38],"damage_taken":[{"damage":0,"enemies":"Small Slimes","floor":1,"turns":2},{"damage":1,"enemies":"Cultist","floor":2,"turns":4},{"damage":6,"enemies":"2 Louse","floor":7,"turns":2},{"damage":2,"enemies":"Blue Slaver","floor":11,"turns":2},{"damage":0,"enemies":"Red Slaver","floor":12,"turns":2},{"damage":4,"enemies":"Exordium Thugs","floor":13,"turns":3},{"damage":0,"enemies":"Looter","floor":14,"turns":2},{"damage":0,"enemies":"Slime Boss","floor":16,"turns":5},{"damage":19,"enemies":"Shell Parasite","floor":18,"turns":4},{"damage":0,"enemies":"Chosen","floor":21,"turns":4},{"damage":13,"enemies":"Centurion and Healer","floor":22,"turns":4},{"damage":6,"enemies":"3 Cultists","floor":27,"turns":4},{"damage":18,"enemies":"Chosen and Byrds","floor":28,"turns":5},{"damage":37,"enemies":"Slavers","floor":29,"turns":5},{"damage":21,"enemies":"Snake Plant","floor":31,"turns":3},{"damage":95,"enemies":"Champ","floor":33,"turns":8},{"damage":46,"enemies":"3 Darklings","floor":35,"turns":5},{"damage":14,"enemies":"Orb Walker","floor":37,"turns":3},{"damage":32,"enemies":"Maw","floor":38,"turns":8},{"damage":6,"enemies":"Spire Growth","floor":39,"turns":3}],"seed_played":"-6702956507758368787","potions_obtained":[{"floor":4,"key":"Fruit Juice"},{"floor":4,"key":"EntropicBrew"},{"floor":4,"key":"EntropicBrew"},{"floor":7,"key":"Fire Potion"},{"floor":16,"key":"FearPotion"},{"floor":22,"key":"SkillPotion"},{"floor":24,"key":"SmokeBomb"},{"floor":27,"key":"Regen Potion"},{"floor":28,"key":"Regen Potion"},{"floor":31,"key":"Regen Potion"},{"floor":37,"key":"Fire Potion"}],"is_trial":false,"path_per_floor":["M","M","?","?","$","R","M","R","T","R","M","M","M","M","R","B",null,"M","?","$","M","M","R","?","R","T","M","M","E","R","M","R","B",null,"M","?","M","M","M"],"character_chosen":"DEFECT","items_purchased":["Gash","Transmutation","Redo","Melter"],"campfire_rested":4,"item_purchase_floors":[5,20,20,20],"current_hp_per_floor":[68,67,45,50,50,78,72,72,72,72,70,70,66,66,66,80,94,75,75,75,75,62,90,90,90,90,84,66,43,71,55,83,3,94,48,48,34,2,0],"gold":366,"neow_bonus":"TWENTY_PERCENT_HP_BONUS","is_prod":false,"is_daily":false,"chose_seed":false,"campfire_upgraded":4,"win_rate":0.0,"timestamp":1556696941,"path_taken":["M","M","?","?","$","R","?","R","T","R","M","M","M","M","R","BOSS","M","?","$","M","M","R","?","R","T","?","M","E","R","M","R","BOSS","M","?","M","M","M"],"build_version":"2019-01-23","purchased_purges":0,"victory":false,"max_hp_per_floor":[89,89,89,94,94,94,94,94,94,94,94,94,94,94,94,94,94,94,94,94,94,94,94,94,94,94,94,94,94,94,94,94,94,94,94,94,94,94,94],"card_choices":[{"not_picked":["Force Field","Undo"],"picked":"Beam Cell","floor":1},{"not_picked":["Lockon","Hologram"],"picked":"Sunder","floor":2},{"not_picked":["Ball Lightning","Leap"],"picked":"Sunder","floor":7},{"not_picked":["Skim","Hologram"],"picked":"Coolheaded","floor":11},{"not_picked":["White Noise","Ball Lightning"],"picked":"Fusion","floor":12},{"not_picked":["Ball Lightning","Compile Driver"],"picked":"Scrape","floor":13},{"not_picked":["Beam Cell","Ball Lightning"],"picked":"FTL","floor":14},{"not_picked":["Creative AI","Meteor Strike"],"picked":"Buffer","floor":16},{"not_picked":["Skim+1","Coolheaded"],"picked":"Rebound","floor":18},{"not_picked":["Seek","Ball Lightning"],"picked":"Turbo","floor":21},{"not_picked":["Rebound+1","Lockon"],"picked":"Streamline+1","floor":22},{"not_picked":["Ball Lightning+1","Stack"],"picked":"All For One","floor":27},{"not_picked":["Hello World","Hologram"],"picked":"Beam Cell","floor":28},{"not_picked":["Melter","Coolheaded"],"picked":"Ball Lightning","floor":29},{"not_picked":["Ball Lightning+1","Stack"],"picked":"Rip and Tear+1","floor":31},{"not_picked":["Fission","Biased Cognition"],"picked":"Echo Form","floor":33},{"not_picked":["Hologram","Turbo+1"],"picked":"White Noise","floor":35},{"not_picked":["Turbo","Blizzard"],"picked":"Genetic Algorithm+1","floor":37},{"not_picked":["Go for the Eyes","Compile Driver+1"],"picked":"Gash+1","floor":38}],"player_experience":79781,"relics_obtained":[{"floor":9,"key":"Anchor"},{"floor":26,"key":"Bottled Lightning"},{"floor":29,"key":"Bottled Tornado"}],"event_choices":[{"damage_healed":0,"gold_gain":0,"player_choice":"Take Damage","damage_taken":22,"relics_obtained":["Golden Idol"],"max_hp_gain":0,"max_hp_loss":0,"event_name":"Golden Idol","floor":3,"gold_loss":0},{"damage_healed":0,"gold_gain":0,"player_choice":"Bought 3 Potions","damage_taken":0,"max_hp_gain":0,"max_hp_loss":0,"event_name":"The Woman in Blue","floor":4,"gold_loss":0},{"damage_healed":0,"gold_gain":0,"player_choice":"Simplicity","damage_taken":0,"max_hp_gain":0,"max_hp_loss":0,"event_name":"Back to Basics","floor":19,"gold_loss":0,"cards_upgraded":["Strike_B","Strike_B","Strike_B","Strike_B","Defend_B","Defend_B","Defend_B","Defend_B"]},{"damage_healed":0,"gold_gain":0,"player_choice":"Got Potions","damage_taken":0,"max_hp_gain":0,"max_hp_loss":0,"event_name":"Lab","floor":24,"gold_loss":0},{"damage_healed":0,"gold_gain":0,"player_choice":"Ignored","damage_taken":0,"max_hp_gain":0,"max_hp_loss":0,"event_name":"The Moai Head","floor":36,"gold_loss":0}],"is_beta":false,"boss_relics":[{"not_picked":["Eternal Feather","Ectoplasm"],"picked":"Philosopher\u0027s Stone"},{"not_picked":["Astrolabe","Snecko Eye"],"picked":"Nuclear Battery"}],"items_purged_floors":[],"is_endless":false,"potions_floor_spawned":[7,11,12,16,18,22,27,28,31,37],"killed_by":"Spire Growth","ascension_level":0}