{"gold_per_floor":[119,138,154,154,166,166,166,178,178,178,194,209,219,219,219,296,296,273,286,302,302],"floor_reached":21,"playtime":926,"items_purged":[],"score":526,"play_id":"1b9b23b7-e617-4a8b-a230-3958f71a04c0","local_time":"20190503225943","is_ascension_mode":true,"campfire_choices":[{"data":"Calculated Gamble","floor":7.0,"key":"SMITH"},{"data":"Deadly Poison","floor":10.0,"key":"SMITH"},{"floor":15.0,"key":"REST"}],"neow_cost":"TEN_PERCENT_HP_LOSS","seed_source_timestamp":0,"circlet_count":0,"master_deck":["AscendersBane","Defend_G","Defend_G","Defend_G","Defend_G","Defend_G","Strike_G","Strike_G","Strike_G","Survivor","Neutralize","Dagger Spray","Backflip","Catalyst","Calculated Gamble+1","Deadly Poison+1","Backstab","Crippling Poison","Endless Agony","Poisoned Stab","Calculated Gamble","Glass Knife","Dash","After Image","Tactician","Blur","Catalyst","Crippling Poison+1","Footwork","Escape Plan"],"special_seed":0,"relics":["Ring of the Snake","Prayer Wheel","Gremlin Horn","Pantograph","Sozu"],"potions_floor_usage":[],"damage_taken":[{"damage":4.0,"enemies":"Small Slimes","floor":1.0,"turns":4.0},{"damage":6.0,"enemies":"Jaw Worm","floor":2.0,"turns":4.0},{"damage":3.0,"enemies":"2 Louse","floor":3.0,"turns":3.0},{"damage":0.0,"enemies":"Looter","floor":5.0,"turns":4.0},{"damage":8.0,"enemies":"Large Slime","floor":8.0,"turns":3.0},{"damage":2.0,"enemies":"Exordium Wildlife","floor":11.0,"turns":6.0},{"damage":6.0,"enemies":"Gremlin Gang","floor":12.0,"turns":3.0},{"damage":3.0,"enemies":"Looter","floor":13.0,"turns":2.0},{"damage":34.0,"enemies":"The Guardian","floor":16.0,"turns":10.0},{"damage":6,"enemies":"2 Thieves","floor":18,"turns":4},{"damage":12,"enemies":"3 Byrds","floor":19,"turns":5},{"damage":29,"enemies":"Snake Plant","floor":20,"turns":5},{"damage":0,"enemies":"Shelled Parasite and Fungi","floor":21,"turns":1}],"seed_played":"427230419647157904","potions_obtained":[{"floor":2.0,"key":"GamblersBrew"},{"floor":5.0,"key":"Strength Potion"},{"floor":11.0,"key":"SteroidPotion"},{"floor":13.0,"key":"EssenceOfSteel"}],"is_trial":false,"path_per_floor":["M","M","M","?","M","?","R","M","T","R","M","M","M","?","R","B",null,"M","M","M","M"],"character_chosen":"THE_SILENT","items_purchased":[],"campfire_rested":1,"item_purchase_floors":[],"current_hp_per_floor":[55,49,46,28,28,21,21,13,13,13,11,5,2,2,20,11,48,42,30,1,1],"gold":302,"neow_bonus":"ONE_RARE_RELIC","is_prod":false,"is_daily":false,"chose_seed":false,"campfire_upgraded":2,"win_rate":0,"timestamp":1556891983,"path_taken":["M","M","M","?","M","?","R","M","T","R","M","M","M","?","R","BOSS","M","M","M","M"],"build_version":"2019-01-23","purchased_purges":0,"victory":false,"max_hp_per_floor":[60,60,60,60,60,60,60,60,60,60,60,60,60,60,60,60,60,60,60,60,60],"card_choices":[{"not_picked":["Flying Knee","Prepared"],"picked":"Dagger Spray","floor":1.0},{"not_picked":["Cloak And Dagger","Dagger Spray"],"picked":"Backflip","floor":1.0},{"not_picked":["Concentrate","Blade Dance"],"picked":"Catalyst","floor":2.0},{"not_picked":["Underhanded Strike","Outmaneuver","Flying Knee"],"picked":"SKIP","floor":2.0},{"not_picked":["Dagger Throw","Caltrops"],"picked":"Calculated Gamble","floor":3.0},{"not_picked":["Heel Hook","Slice","Accuracy"],"picked":"SKIP","floor":3.0},{"not_picked":["Skewer","Prepared"],"picked":"Deadly Poison","floor":5.0},{"not_picked":["Deflect","Bane"],"picked":"Backstab","floor":5.0},{"not_picked":["All Out Attack","Backflip"],"picked":"Crippling Poison","floor":8.0},{"not_picked":["Bane","A Thousand Cuts"],"picked":"Endless Agony","floor":8.0},{"not_picked":["Accuracy","Dagger Throw"],"picked":"Poisoned Stab","floor":11.0},{"not_picked":["Expertise","Underhanded Strike"],"picked":"Calculated Gamble","floor":11.0},{"not_picked":["Dagger Throw","Cloak And Dagger","Deflect"],"picked":"SKIP","floor":12.0},{"not_picked":["Accuracy","Concentrate","Distraction"],"picked":"SKIP","floor":12.0},{"not_picked":["Dodge and Roll","Skewer"],"picked":"Glass Knife","floor":13.0},{"not_picked":["Deadly Poison","Prepared","Distraction"],"picked":"SKIP","floor":13.0},{"not_picked":["Envenom","Glass Knife"],"picked":"After Image","floor":16.0},{"not_picked":["Quick Slash","Concentrate"],"picked":"Tactician","floor":18},{"not_picked":["Flying Knee","Quick Slash+1"],"picked":"Blur","floor":18},{"not_picked":["Quick Slash","Endless Agony"],"picked":"Catalyst","floor":19},{"not_picked":["Prepared","Blade Dance"],"picked":"Crippling Poison+1","floor":19},{"not_picked":["Outmaneuver","Dagger Spray"],"picked":"Footwork","floor":20},{"not_picked":["Backflip","Masterful Stab"],"picked":"Escape Plan","floor":20}],"player_experience":746600,"relics_obtained":[{"floor":9.0,"key":"Pantograph"}],"event_choices":[{"damage_healed":0.0,"max_hp_gain":0.0,"max_hp_loss":0.0,"gold_gain":0.0,"event_name":"Scrap Ooze","player_choice":"Success","floor":4.0,"gold_loss":0.0,"damage_taken":18.0,"relics_obtained":["Gremlin Horn"]},{"cards_removed":["Strike_G"],"damage_healed":0.0,"max_hp_gain":0.0,"max_hp_loss":0.0,"gold_gain":0.0,"event_name":"Golden Wing","player_choice":"Card Removal","floor":6.0,"gold_loss":0.0,"damage_taken":7.0},{"damage_healed":0.0,"max_hp_gain":0.0,"max_hp_loss":0.0,"gold_gain":0.0,"cards_transformed":["Strike_G"],"event_name":"Living Wall","player_choice":"Change","floor":14.0,"gold_loss":0.0,"damage_taken":0.0,"cards_obtained":["Dash"]}],"is_beta":false,"boss_relics":[{"not_picked":["Calling Bell","Pandora\u0027s Box"],"picked":"Sozu"}],"items_purged_floors":[],"is_endless":false,"potions_floor_spawned":[2,5,11,13,19,20],"killed_by":"Shelled Parasite and Fungi","ascension_level":18}