{"gold_per_floor":[114,39,39,54,70,70,98,110,110,127,46,66,66,66,66,166,166,180,194,207,224,164,164,182,182,182,194,212,212,212,227,227,332,332,351,351,369,383,231,231,247,247,272,285,295,295,309,321,321,321],"floor_reached":50,"playtime":3827,"items_purged":["Strike_B","Defend_B"],"score":477,"play_id":"ccf7dc5e-2110-45e5-9149-d96fad39603e","local_time":"20190107012916","is_ascension_mode":true,"campfire_choices":[{"data":"Go for the Eyes","floor":6,"key":"SMITH"},{"data":"Scrape","floor":13,"key":"SMITH"},{"data":"Streamline","floor":15,"key":"SMITH"},{"floor":23,"key":"REST"},{"floor":29,"key":"REST"},{"floor":32,"key":"REST"},{"floor":40,"key":"REST"},{"data":"Streamline","floor":42,"key":"SMITH"},{"floor":46,"key":"REST"},{"floor":49,"key":"REST"}],"neow_cost":"NONE","seed_source_timestamp":858408382425341,"circlet_count":0,"master_deck":["Defend_B","Defend_B","Zap+1","Dualcast","FTL","Go for the Eyes+1","Turbo","Streamline+1","Scrape+1","Streamline+1","Go for the Eyes","Scrape+1","Glacier","Reprogram","Beam Cell+1","Gash+1","FTL+1","Gash+1","Go for the Eyes+1","Self Repair+1","Stack","Gash+1"],"relics":["Cracked Core","Ornamental Fan","Sundial","Boot","Empty Cage","Molten Egg 2","Sozu","Smiling Mask"],"potions_floor_usage":[33,33,50],"damage_taken":[{"damage":1,"enemies":"Cultist","floor":1,"turns":3},{"damage":1,"enemies":"2 Louse","floor":4,"turns":2},{"damage":2,"enemies":"Jaw Worm","floor":5,"turns":3},{"damage":16,"enemies":"Lagavulin","floor":7,"turns":6},{"damage":3,"enemies":"Exordium Thugs","floor":8,"turns":4},{"damage":0,"enemies":"Looter","floor":10,"turns":2},{"damage":0,"enemies":"Exordium Wildlife","floor":12,"turns":2},{"damage":17,"enemies":"Hexaghost","floor":16,"turns":9},{"damage":18,"enemies":"2 Thieves","floor":18,"turns":3},{"damage":5,"enemies":"Chosen","floor":19,"turns":3},{"damage":16,"enemies":"Snecko","floor":20,"turns":5},{"damage":19,"enemies":"Snake Plant","floor":21,"turns":4},{"damage":20,"enemies":"Centurion and Healer","floor":24,"turns":5},{"damage":8,"enemies":"Snecko","floor":27,"turns":4},{"damage":3,"enemies":"Cultist and Chosen","floor":28,"turns":5},{"damage":11,"enemies":"Snake Plant","floor":31,"turns":3},{"damage":32,"enemies":"Champ","floor":33,"turns":10},{"damage":21,"enemies":"3 Darklings","floor":35,"turns":4},{"damage":5,"enemies":"3 Shapes","floor":37,"turns":4},{"damage":18,"enemies":"Maw","floor":38,"turns":7},{"damage":17,"enemies":"3 Darklings","floor":41,"turns":7},{"damage":15,"enemies":"Jaw Worm Horde","floor":44,"turns":4},{"damage":4,"enemies":"Maw","floor":45,"turns":6},{"damage":32,"enemies":"Sphere and 2 Shapes","floor":47,"turns":4},{"damage":19,"enemies":"Jaw Worm Horde","floor":48,"turns":4},{"damage":66,"enemies":"Awakened One","floor":50,"turns":8}],"seed_played":"4813628880593047739","potions_obtained":[{"floor":1,"key":"SkillPotion"},{"floor":7,"key":"Strength Potion"},{"floor":16,"key":"FocusPotion"},{"floor":18,"key":"SmokeBomb"},{"floor":19,"key":"Dexterity Potion"},{"floor":33,"key":"Strength Potion"}],"is_trial":false,"path_per_floor":["M","$","?","M","M","R","E","M","T","M","$","M","R","?","R","B",null,"M","M","M","M","?","R","M","$","T","M","M","R","?","M","R","B",null,"M","?","M","M","$","R","M","R","T","M","M","R","M","M","R","B"],"character_chosen":"DEFECT","items_purchased":["Scrape","Stack"],"campfire_rested":6,"item_purchase_floors":[11,39],"current_hp_per_floor":[74,74,74,73,71,71,55,52,52,52,52,52,52,52,52,35,75,57,52,36,17,17,39,19,19,19,11,8,30,30,19,41,9,75,54,54,49,31,31,53,46,46,46,31,37,59,37,28,50,0],"gold":321,"neow_bonus":"THREE_CARDS","is_prod":false,"is_daily":false,"chose_seed":false,"campfire_upgraded":4,"win_rate":0,"timestamp":1546846156,"path_taken":["M","$","?","M","?","R","E","M","T","?","?","M","R","?","R","BOSS","M","?","?","?","?","R","M","?","T","M","M","R","?","M","R","BOSS","M","?","M","?","$","R","M","R","T","M","?","R","M","M","R","BOSS"],"build_version":"2019-01-03v4","purchased_purges":2,"victory":false,"max_hp_per_floor":[75,75,75,75,75,75,75,75,75,75,75,75,75,75,75,75,75,75,75,75,75,75,75,75,75,75,75,75,75,75,75,75,75,75,75,75,75,75,75,75,75,75,75,75,75,75,75,75,75,75],"card_choices":[{"not_picked":["Blizzard","Fusion"],"picked":"FTL","floor":0},{"not_picked":["Tempest","Steam","Sweeping Beam"],"picked":"SKIP","floor":1},{"not_picked":["Coolheaded","Loop"],"picked":"Go for the Eyes","floor":4},{"not_picked":["Blizzard","Defragment","Genetic Algorithm"],"picked":"SKIP","floor":5},{"not_picked":["Double Energy","Ball Lightning"],"picked":"Turbo","floor":7},{"not_picked":["Self Repair","Sunder"],"picked":"Streamline","floor":8},{"not_picked":["Sweeping Beam","BootSequence","Turbo"],"picked":"SKIP","floor":10},{"not_picked":["Capacitor","Reboot","Doom and Gloom"],"picked":"SKIP","floor":12},{"not_picked":["Sweeping Beam","Stack"],"picked":"Streamline","floor":18},{"not_picked":["Leap+1","Conserve Battery"],"picked":"Go for the Eyes","floor":19},{"not_picked":["Tempest+1","FTL"],"picked":"Scrape+1","floor":20},{"not_picked":["Double Energy+1","Scrape","Heatsinks"],"picked":"SKIP","floor":21},{"not_picked":["Turbo","Doom and Gloom","Conserve Battery"],"picked":"SKIP","floor":24},{"not_picked":["Hologram","Capacitor+1"],"picked":"Beam Cell+1","floor":27},{"not_picked":["Steam","Chaos"],"picked":"Gash+1","floor":28},{"not_picked":["Steam","Redo"],"picked":"Gash+1","floor":31},{"not_picked":["Rebound+1","Capacitor+1","Leap"],"picked":"SKIP","floor":35},{"not_picked":["Compile Driver+1","Steam+1"],"picked":"Go for the Eyes+1","floor":37},{"not_picked":["Ball Lightning+1","Leap+1"],"picked":"Self Repair+1","floor":38},{"not_picked":["Echo Form","Sweeping Beam+1","Conserve Battery"],"picked":"SKIP","floor":41},{"not_picked":["Sunder+1","White Noise+1","Self Repair"],"picked":"SKIP","floor":44},{"not_picked":["Barrage+1","Static Discharge","Defragment"],"picked":"SKIP","floor":45},{"not_picked":["Steam+1","Defragment+1","Coolheaded+1"],"picked":"SKIP","floor":47},{"not_picked":["Coolheaded","Steam Power+1"],"picked":"Gash+1","floor":48}],"player_experience":185509,"relics_obtained":[{"floor":7,"key":"Ornamental Fan"},{"floor":9,"key":"Sundial"},{"floor":26,"key":"Molten Egg 2"},{"floor":43,"key":"Smiling Mask"}],"event_choices":[{"damage_healed":0,"gold_gain":0,"player_choice":"Forge","damage_taken":0,"max_hp_gain":0,"max_hp_loss":0,"event_name":"Accursed Blacksmith","floor":3,"gold_loss":0,"cards_upgraded":["Zap"]},{"damage_healed":0,"gold_gain":0,"player_choice":"Gave Potion","damage_taken":0,"relics_obtained":["Boot"],"max_hp_gain":0,"max_hp_loss":0,"event_name":"WeMeetAgain","floor":14,"gold_loss":0},{"damage_healed":0,"gold_gain":0,"cards_transformed":["Defend_B","Strike_B"],"player_choice":"Transformed Cards","damage_taken":0,"max_hp_gain":0,"max_hp_loss":0,"event_name":"Designer","floor":22,"gold_loss":60,"cards_obtained":["Glacier","Reprogram"]},{"damage_healed":0,"gold_gain":0,"player_choice":"Read","damage_taken":0,"max_hp_gain":0,"max_hp_loss":0,"event_name":"The Library","floor":30,"gold_loss":0,"cards_obtained":["FTL"]},{"damage_healed":0,"gold_gain":0,"player_choice":"Got Potions","damage_taken":0,"max_hp_gain":0,"max_hp_loss":0,"event_name":"Lab","floor":36,"gold_loss":0}],"is_beta":false,"boss_relics":[{"not_picked":["Inserter","Fusion Hammer"],"picked":"Empty Cage"},{"not_picked":["White Beast Statue","FrozenCore"],"picked":"Sozu"}],"items_purged_floors":[2,39],"is_endless":false,"potions_floor_spawned":[1,7,16,18,19,27,31,33,37,41,45,48],"killed_by":"Awakened One","ascension_level":1}