{"gold_per_floor":[111,125,125,144,164,192,192,207,207,207,225,240,257,271,271,368,368,380,17,27,0,13,45,61,61,87,113,128,128,128,147,147,147],"floor_reached":33,"playtime":15920,"items_purged":[],"score":295,"play_id":"ff7b317a-a64a-498c-9406-bece455eac7c","local_time":"20181228193913","is_ascension_mode":false,"campfire_choices":[{"floor":7,"key":"REST"},{"data":"Bash","floor":10,"key":"SMITH"},{"floor":15,"key":"REST"},{"floor":25,"key":"REST"},{"floor":29,"key":"REST"},{"floor":32,"key":"REST"}],"neow_cost":"","seed_source_timestamp":47692531596335,"circlet_count":0,"master_deck":["Strike_R","Strike_R","Strike_R","Strike_R","Strike_R","Defend_R","Defend_R","Defend_R","Bash+1","Clothesline","Cleave","Whirlwind","Metallicize","Corruption","Shrug It Off","Iron Wave","Armaments","Sword Boomerang","Twin Strike","Juggernaut","Dual Wield","Rage","Good Instincts","Pommel Strike","Headbutt+1","Iron Wave","Iron Wave","Body Slam+1","Fiend Fire","Perfected Strike"],"relics":["Burning Blood","Kunai","Strawberry","Sozu","Sling","Orichalcum","Red Skull","Dodecahedron"],"potions_floor_usage":[13,16,16,33],"damage_taken":[{"damage":5,"enemies":"Cultist","floor":1,"turns":4},{"damage":11,"enemies":"Jaw Worm","floor":2,"turns":4},{"damage":0,"enemies":"Small Slimes","floor":4,"turns":3},{"damage":17,"enemies":"Looter","floor":5,"turns":4},{"damage":35,"enemies":"Gremlin Nob","floor":6,"turns":5},{"damage":11,"enemies":"Gremlin Gang","floor":8,"turns":2},{"damage":15,"enemies":"Lots of Slimes","floor":11,"turns":6},{"damage":11,"enemies":"Large Slime","floor":12,"turns":5},{"damage":9,"enemies":"Blue Slaver","floor":13,"turns":4},{"damage":22,"enemies":"Exordium Wildlife","floor":14,"turns":4},{"damage":55,"enemies":"The Guardian","floor":16,"turns":12},{"damage":14,"enemies":"Shell Parasite","floor":18,"turns":6},{"damage":25,"enemies":"2 Thieves","floor":20,"turns":5},{"damage":9,"enemies":"Centurion and Healer","floor":22,"turns":12},{"damage":34,"enemies":"Book of Stabbing","floor":23,"turns":5},{"damage":23,"enemies":"Shelled Parasite and Fungi","floor":24,"turns":7},{"damage":28,"enemies":"Gremlin Leader","floor":27,"turns":6},{"damage":6,"enemies":"3 Cultists","floor":28,"turns":4},{"damage":12,"enemies":"Snake Plant","floor":31,"turns":3},{"damage":54,"enemies":"Champ","floor":33,"turns":8}],"seed_played":"-5151127227877635327","potions_obtained":[{"floor":4,"key":"PowerPotion"},{"floor":6,"key":"Ancient Potion"},{"floor":11,"key":"GamblersBrew"},{"floor":12,"key":"BloodPotion"},{"floor":16,"key":"Poison Potion"}],"is_trial":false,"path_per_floor":["M","M","?","M","M","E","R","M","T","R","M","M","M","M","R","B",null,"M","$","M","?","M","E","M","R","T","E","M","R","?","M","R","B"],"character_chosen":"IRONCLAD","items_purchased":["Rage","Good Instincts","Sling"],"campfire_rested":5,"item_purchase_floors":[19,19,19],"current_hp_per_floor":[80,75,75,80,69,40,64,59,66,66,57,52,57,41,67,18,87,79,79,60,60,57,29,12,38,38,16,16,42,25,19,46,0],"gold":147,"neow_bonus":"","is_prod":false,"is_daily":false,"chose_seed":false,"campfire_upgraded":1,"win_rate":0.0,"timestamp":1546047553,"path_taken":["M","M","?","M","M","E","R","M","T","R","M","?","M","M","R","BOSS","M","$","M","?","M","E","M","R","T","E","M","R","?","M","R","BOSS"],"build_version":"2018-12-20","purchased_purges":0,"victory":false,"max_hp_per_floor":[80,80,80,80,80,80,80,80,87,87,87,87,87,87,87,87,87,87,87,87,87,87,87,87,87,87,87,87,87,92,92,92,92],"card_choices":[{"not_picked":["Sword Boomerang","Burning Pact"],"picked":"Clothesline","floor":1},{"not_picked":["Warcry","Perfected Strike"],"picked":"Cleave","floor":2},{"not_picked":["Combust","Armaments"],"picked":"Whirlwind","floor":4},{"not_picked":["True Grit","Cleave"],"picked":"Metallicize","floor":5},{"not_picked":["True Grit","Brutality"],"picked":"Corruption","floor":6},{"not_picked":["Rupture","Clothesline"],"picked":"Shrug It Off","floor":8},{"not_picked":["Sword Boomerang","Body Slam"],"picked":"Iron Wave","floor":11},{"not_picked":["Burning Pact","Cleave"],"picked":"Armaments","floor":12},{"not_picked":["Rupture","Shrug It Off"],"picked":"Sword Boomerang","floor":13},{"not_picked":["Iron Wave","Hemokinesis"],"picked":"Twin Strike","floor":14},{"not_picked":["Double Tap","Barricade"],"picked":"Juggernaut","floor":16},{"not_picked":["Warcry","Fire Breathing"],"picked":"Dual Wield","floor":18},{"not_picked":["Sword Boomerang","Whirlwind"],"picked":"Pommel Strike","floor":20},{"not_picked":["Flex","Ghostly Armor"],"picked":"Headbutt+1","floor":22},{"not_picked":["Burning Pact","Shockwave"],"picked":"Iron Wave","floor":23},{"not_picked":["Clothesline","Hemokinesis"],"picked":"Iron Wave","floor":24},{"not_picked":["Warcry+1","Cleave"],"picked":"Body Slam+1","floor":27},{"not_picked":["Thunderclap","Armaments"],"picked":"Fiend Fire","floor":28},{"not_picked":["Warcry","Rupture"],"picked":"Perfected Strike","floor":31}],"player_experience":0,"relics_obtained":[{"floor":6,"key":"Kunai"},{"floor":9,"key":"Strawberry"},{"floor":23,"key":"Orichalcum"},{"floor":26,"key":"Red Skull"},{"floor":27,"key":"Dodecahedron"}],"event_choices":[{"cards_removed":["Defend_R"],"damage_healed":0,"gold_gain":0,"player_choice":"Offered Basic","damage_taken":0,"max_hp_gain":0,"max_hp_loss":0,"event_name":"Bonfire Elementals","floor":3,"gold_loss":0},{"damage_healed":0,"gold_gain":0,"player_choice":"Paid Fearfully","damage_taken":0,"max_hp_gain":0,"max_hp_loss":0,"event_name":"Masked Bandits","floor":21,"gold_loss":27},{"damage_healed":0,"gold_gain":0,"player_choice":"Shed Blood","damage_taken":22,"max_hp_gain":5,"max_hp_loss":0,"event_name":"Forgotten Altar","floor":30,"gold_loss":0}],"is_beta":false,"boss_relics":[{"not_picked":["Runic Cube","Calling Bell"],"picked":"Sozu"}],"items_purged_floors":[],"is_endless":false,"potions_floor_spawned":[4,6,11,12,16,23,24,27,31],"killed_by":"Champ","ascension_level":0}