{"gold_per_floor":[112,37,47,62,75,94,94,109,109,137,155,181,181,181,181,302,302,318,331,356,376,400,400,444,465,465,465,489,489,134,59,59,188,188,209,55,73,73,96,96,136,136,136,176,196,217,217,230,230,230],"floor_reached":51,"playtime":2028,"items_purged":["Injury","Writhe"],"score":745,"play_id":"5dbbc2f6-52e4-495e-92d0-71d97ceee499","local_time":"20190506102214","is_ascension_mode":false,"campfire_choices":[{"data":"Inflame","floor":7.0,"key":"SMITH"},{"data":"Juggernaut","floor":15.0,"key":"SMITH"},{"data":"Armaments","floor":23.0,"key":"SMITH"},{"floor":27.0,"key":"REST"},{"data":"Juggernaut","floor":32.0,"key":"SMITH"},{"data":"Clothesline","floor":40.0,"key":"SMITH"},{"floor":42.0,"key":"REST"},{"floor":47,"key":"REST"},{"floor":49,"key":"REST"}],"neow_cost":"CURSE","seed_source_timestamp":191762916364200,"circlet_count":0,"master_deck":["Strike_R","Strike_R","Strike_R","Strike_R","Defend_R","Defend_R","Defend_R","Defend_R","Bash","Impervious","Pommel Strike","Anger","Iron Wave","Inflame+1","Flame Barrier","Juggernaut+1","Metallicize","Impervious","Armaments+1","Flame Barrier","Spot Weakness","Inflame+1","Juggernaut+1","Uppercut+1","Metallicize","Iron Wave","Juggernaut","Feel No Pain+1","Clothesline+1","Madness","Madness","True Grit+1","Clothesline+1"],"special_seed":0,"relics":["Burning Blood","Boot","Singing Bowl","Golden Idol","Red Skull","Velvet Choker","Bottled Flame","Paper Frog","Potion Belt","Orichalcum","Runic Cube","Happy Flower","Pen Nib","Bag of Marbles","Bird Faced Urn"],"potions_floor_usage":[45,50,50,50,50],"damage_taken":[{"damage":1.0,"enemies":"Cultist","floor":1.0,"turns":4.0},{"damage":3.0,"enemies":"Small Slimes","floor":3.0,"turns":3.0},{"damage":3.0,"enemies":"Jaw Worm","floor":4.0,"turns":4.0},{"damage":9.0,"enemies":"Blue Slaver","floor":5.0,"turns":4.0},{"damage":5.0,"enemies":"Looter","floor":6.0,"turns":3.0},{"damage":1.0,"enemies":"Red Slaver","floor":8.0,"turns":4.0},{"damage":20.0,"enemies":"Gremlin Nob","floor":10.0,"turns":4.0},{"damage":2.0,"enemies":"Exordium Wildlife","floor":11.0,"turns":5.0},{"damage":18.0,"enemies":"3 Sentries","floor":12.0,"turns":7.0},{"damage":7.0,"enemies":"The Guardian","floor":16.0,"turns":8.0},{"damage":8.0,"enemies":"2 Thieves","floor":18.0,"turns":5.0},{"damage":6.0,"enemies":"Chosen","floor":19.0,"turns":5.0},{"damage":9.0,"enemies":"Centurion and Healer","floor":20.0,"turns":8.0},{"damage":13.0,"enemies":"Sentry and Sphere","floor":21.0,"turns":6.0},{"damage":18.0,"enemies":"Snecko","floor":22.0,"turns":6.0},{"damage":5.0,"enemies":"Book of Stabbing","floor":24.0,"turns":5.0},{"damage":23.0,"enemies":"Chosen and Byrds","floor":25.0,"turns":6.0},{"damage":12.0,"enemies":"3 Cultists","floor":28.0,"turns":5.0},{"damage":47.0,"enemies":"Automaton","floor":33.0,"turns":9.0},{"damage":0.0,"enemies":"3 Shapes","floor":35.0,"turns":4.0},{"damage":12.0,"enemies":"3 Darklings","floor":37.0,"turns":6.0},{"damage":3.0,"enemies":"Transient","floor":39.0,"turns":5.0},{"damage":66.0,"enemies":"Reptomancer","floor":41.0,"turns":8.0},{"damage":28.0,"enemies":"Nemesis","floor":44.0,"turns":7.0},{"damage":9,"enemies":"Jaw Worm Horde","floor":45,"turns":3},{"damage":19,"enemies":"Spire Growth","floor":46,"turns":4},{"damage":8,"enemies":"Writhing Mass","floor":48,"turns":6},{"damage":28,"enemies":"Time Eater","floor":50,"turns":10}],"seed_played":"-8465478062390342818","potions_obtained":[{"floor":3.0,"key":"EssenceOfSteel"},{"floor":4.0,"key":"Ancient Potion"},{"floor":6.0,"key":"Poison Potion"},{"floor":12.0,"key":"SteroidPotion"},{"floor":21.0,"key":"Energy Potion"},{"floor":24.0,"key":"SteroidPotion"},{"floor":25.0,"key":"Strength Potion"},{"floor":28.0,"key":"GamblersBrew"},{"floor":33.0,"key":"Dexterity Potion"},{"floor":35.0,"key":"SkillPotion"},{"floor":44.0,"key":"LiquidBronze"},{"floor":45,"key":"EssenceOfSteel"},{"floor":48,"key":"Dexterity Potion"}],"is_trial":false,"path_per_floor":["M","$","M","M","M","M","R","M","T","E","M","E","?","?","R","B",null,"M","M","M","M","M","R","E","M","T","R","M","?","$","?","R","B",null,"M","$","M","?","M","R","E","R","T","E","M","M","R","M","R","B",null],"character_chosen":"IRONCLAD","items_purchased":["Metallicize","Iron Wave","Orichalcum","Happy Flower"],"campfire_rested":4,"item_purchase_floors":[30,30,30,36],"current_hp_per_floor":[80,80,80,80,77,78,78,80,80,66,70,58,38,38,38,37,80,78,78,75,70,60,60,61,44,44,69,63,63,63,63,63,22,84,84,84,78,67,70,70,10,35,35,15,24,25,52,64,91,82],"gold":230,"neow_bonus":"THREE_RARE_CARDS","is_prod":false,"is_daily":false,"chose_seed":false,"campfire_upgraded":5,"win_rate":1,"timestamp":1557163334,"path_taken":["M","$","M","M","M","M","R","M","T","E","?","E","?","?","R","BOSS","M","?","M","?","M","R","E","M","T","R","M","?","$","?","R","BOSS","M","$","M","?","M","R","E","R","T","E","M","M","R","M","R","BOSS"],"build_version":"2019-01-23","purchased_purges":2,"victory":true,"max_hp_per_floor":[80,80,80,80,80,80,80,80,80,80,80,80,80,80,80,80,80,80,80,80,82,84,84,84,84,84,84,84,84,84,84,84,84,84,84,84,84,84,84,84,84,84,84,86,88,90,90,92,92,92],"card_choices":[{"not_picked":["Exhume","Brutality"],"picked":"Impervious","floor":0.0},{"not_picked":["Wild Strike","Hemokinesis"],"picked":"Pommel Strike","floor":1.0},{"not_picked":["Flame Barrier","Iron Wave"],"picked":"Anger","floor":3.0},{"not_picked":["Flex","Cleave"],"picked":"Iron Wave","floor":4.0},{"not_picked":["Heavy Blade","Barricade"],"picked":"Inflame","floor":5.0},{"not_picked":["Warcry","Burning Pact"],"picked":"Flame Barrier","floor":6.0},{"not_picked":["Havoc","Flex","Sword Boomerang"],"picked":"SKIP","floor":8.0},{"not_picked":["Brutality","Thunderclap"],"picked":"Juggernaut","floor":10.0},{"not_picked":["Clash","Sever Soul","Infernal Blade"],"picked":"SKIP","floor":11.0},{"not_picked":["Berserk","Reckless Charge"],"picked":"Metallicize","floor":12.0},{"not_picked":["Barricade","Exhume"],"picked":"Impervious","floor":16.0},{"not_picked":["Intimidate","Iron Wave"],"picked":"Armaments","floor":18.0},{"not_picked":["Clash","Dual Wield"],"picked":"Flame Barrier","floor":19.0},{"not_picked":["Cleave","Warcry"],"picked":"Spot Weakness","floor":20.0},{"not_picked":["Wild Strike","Cleave","Bloodletting"],"picked":"Singing Bowl","floor":21.0},{"not_picked":["Warcry","Dual Wield","Wild Strike+1"],"picked":"Singing Bowl","floor":22.0},{"not_picked":["Perfected Strike","Rupture"],"picked":"Inflame+1","floor":24.0},{"not_picked":["Heavy Blade+1","Dropkick"],"picked":"Juggernaut","floor":25.0},{"not_picked":["Feel No Pain","Blood for Blood"],"picked":"Uppercut+1","floor":28.0},{"not_picked":["Fiend Fire","Demon Form"],"picked":"Juggernaut","floor":33.0},{"not_picked":["Flex+1","Fire Breathing"],"picked":"Feel No Pain+1","floor":35.0},{"not_picked":["Warcry","Heavy Blade"],"picked":"Clothesline","floor":37.0},{"not_picked":["Flex","Armaments"],"picked":"True Grit+1","floor":39.0},{"not_picked":["Body Slam","Pommel Strike+1"],"picked":"Clothesline+1","floor":41.0},{"not_picked":["Body Slam+1","Clothesline+1","Sword Boomerang"],"picked":"Singing Bowl","floor":44.0},{"not_picked":["Dropkick+1","Brutality","Warcry+1"],"picked":"Singing Bowl","floor":45},{"not_picked":["Anger","Perfected Strike+1","Wild Strike"],"picked":"Singing Bowl","floor":46},{"not_picked":["Reckless Charge+1","Clothesline","Anger+1"],"picked":"Singing Bowl","floor":48}],"player_experience":721588,"relics_obtained":[{"floor":10.0,"key":"Boot"},{"floor":12.0,"key":"Singing Bowl"},{"floor":24.0,"key":"Bottled Flame"},{"floor":26.0,"key":"Paper Frog"},{"floor":41.0,"key":"Pen Nib"},{"floor":43.0,"key":"Bag of Marbles"},{"floor":44.0,"key":"Bird Faced Urn"}],"event_choices":[{"damage_healed":0.0,"max_hp_gain":0.0,"max_hp_loss":0.0,"gold_gain":0.0,"event_name":"Golden Idol","player_choice":"Take Damage","floor":13.0,"gold_loss":0.0,"damage_taken":20.0,"relics_obtained":["Golden Idol"]},{"damage_healed":0.0,"max_hp_gain":0.0,"max_hp_loss":0.0,"gold_gain":0.0,"event_name":"WeMeetAgain","player_choice":"Gave Potion","floor":14.0,"gold_loss":0.0,"damage_taken":0.0,"relics_obtained":["Red Skull"]},{"damage_healed":0.0,"max_hp_gain":0.0,"max_hp_loss":0.0,"gold_gain":0.0,"event_name":"The Mausoleum","player_choice":"Opened","floor":29.0,"gold_loss":0.0,"damage_taken":0.0,"relics_obtained":["Potion Belt"],"cards_obtained":["Writhe"]},{"cards_removed":["Strike_R"],"damage_healed":0.0,"max_hp_gain":0.0,"max_hp_loss":0.0,"gold_gain":0.0,"event_name":"Beggar","player_choice":"Gave Gold","floor":31.0,"gold_loss":75.0,"damage_taken":0.0},{"damage_healed":0.0,"max_hp_gain":0.0,"max_hp_loss":0.0,"gold_gain":0.0,"event_name":"Winding Halls","player_choice":"Embrace Madness","floor":38.0,"gold_loss":0.0,"damage_taken":11.0,"cards_obtained":["Madness","Madness"]}],"is_beta":false,"boss_relics":[{"not_picked":["Busted Crown","Ectoplasm"],"picked":"Velvet Choker"},{"not_picked":["Empty Cage","Pandora\u0027s Box"],"picked":"Runic Cube"}],"items_purged_floors":[2,30],"is_endless":false,"potions_floor_spawned":[3,4,6,12,21,24,25,28,33,35,44,45,48],"ascension_level":0}