{"gold_per_floor":[113,113,38,56,6,6,25,25,25,25,45,83,99,113,113,238,238,253,271,93,93,4,4,17,35,85,85,10,89,89],"floor_reached":30,"playtime":1717,"items_purged":["Strike_B","Strike_B"],"score":242,"play_id":"53bf0071-f33b-4e48-a25a-7ab275dbe6b7","local_time":"20190107002432","is_ascension_mode":true,"campfire_choices":[{"data":"Zap","floor":6,"key":"SMITH"},{"data":"Gash","floor":8,"key":"SMITH"},{"data":"Hologram","floor":10,"key":"SMITH"},{"floor":15,"key":"REST"},{"data":"Scrape","floor":23,"key":"SMITH"}],"neow_cost":"NONE","seed_source_timestamp":856635908563808,"circlet_count":0,"master_deck":["Defend_B","Defend_B","Defend_B","Defend_B","Zap+1","Dualcast","Hologram+1","Gash+1","Go for the Eyes","Streamline","Streamline","Gash","Self Repair","Scrape+1","Trip"],"relics":["Runic Pyramid","Golden Idol","Bronze Scales","Philosopher\u0027s Stone","PreservedInsect","Frozen Egg 2"],"potions_floor_usage":[25],"damage_taken":[{"damage":1,"enemies":"Jaw Worm","floor":1,"turns":4},{"damage":0,"enemies":"Small Slimes","floor":4,"turns":4},{"damage":1,"enemies":"Cultist","floor":7,"turns":4},{"damage":0,"enemies":"Red Slaver","floor":11,"turns":3},{"damage":24,"enemies":"Gremlin Nob","floor":12,"turns":4},{"damage":5,"enemies":"3 Louse","floor":13,"turns":3},{"damage":13,"enemies":"Exordium Wildlife","floor":14,"turns":3},{"damage":9,"enemies":"Hexaghost","floor":16,"turns":8},{"damage":10,"enemies":"Shell Parasite","floor":18,"turns":4},{"damage":6,"enemies":"Spheric Guardian","floor":19,"turns":3},{"damage":24,"enemies":"Snecko","floor":24,"turns":5},{"damage":25,"enemies":"3 Cultists","floor":25,"turns":5},{"damage":18,"enemies":"Colosseum Slavers","floor":30,"turns":1}],"seed_played":"-1510698471067918219","potions_obtained":[{"floor":7,"key":"Ancient Potion"},{"floor":11,"key":"LiquidBronze"},{"floor":12,"key":"SneckoOil"},{"floor":13,"key":"Swift Potion"},{"floor":25,"key":"Ancient Potion"}],"is_trial":false,"path_per_floor":["M","?","$","M","?","R","M","R","T","R","M","E","M","M","R","B",null,"M","M","$","?","$","R","M","M","T","$","?","T","?"],"character_chosen":"DEFECT","items_purchased":["Scrape","Trip"],"campfire_rested":1,"item_purchase_floors":[20,22],"current_hp_per_floor":[74,69,69,69,69,69,68,68,68,68,68,44,39,26,46,37,69,59,53,53,53,53,53,36,18,18,18,18,18,0],"gold":89,"neow_bonus":"BOSS_RELIC","is_prod":false,"is_daily":false,"chose_seed":false,"campfire_upgraded":4,"win_rate":0,"timestamp":1546842272,"path_taken":["M","?","$","M","?","R","M","R","T","R","M","E","M","M","R","BOSS","M","M","$","?","?","R","?","M","T","$","?","?","?"],"build_version":"2019-01-03v4","purchased_purges":2,"victory":false,"max_hp_per_floor":[75,69,69,69,69,69,69,69,69,69,69,69,69,69,69,69,69,69,69,69,69,69,69,69,69,69,69,69,69,69],"card_choices":[{"not_picked":["Sweeping Beam","Cold Snap"],"picked":"Hologram","floor":1},{"not_picked":["Blizzard","Force Field","Redo"],"picked":"SKIP","floor":4},{"not_picked":["Doom and Gloom","Buffer"],"picked":"Gash","floor":7},{"not_picked":["Melter","Steam"],"picked":"Go for the Eyes","floor":11},{"not_picked":["Doom and Gloom","Force Field"],"picked":"Streamline","floor":12},{"not_picked":["Melter","Coolheaded"],"picked":"Streamline","floor":13},{"not_picked":["Leap","Steam"],"picked":"Gash","floor":14},{"not_picked":["Lockon","Consume","Coolheaded+1"],"picked":"SKIP","floor":18},{"not_picked":["White Noise","Heatsinks"],"picked":"Self Repair","floor":19},{"not_picked":["Conserve Battery","Double Energy+1","Blizzard"],"picked":"SKIP","floor":24},{"not_picked":["Auto Shields","Skim","Aggregate+1"],"picked":"SKIP","floor":25}],"player_experience":183792,"relics_obtained":[{"floor":12,"key":"Bronze Scales"},{"floor":26,"key":"PreservedInsect"},{"floor":29,"key":"Frozen Egg 2"}],"event_choices":[{"damage_healed":0,"gold_gain":0,"player_choice":"Lose Max HP","damage_taken":0,"relics_obtained":["Golden Idol"],"max_hp_gain":0,"max_hp_loss":6,"event_name":"Golden Idol","floor":2,"gold_loss":0},{"cards_removed":["Strike_B"],"damage_healed":0,"gold_gain":0,"player_choice":"Card Removal","damage_taken":0,"max_hp_gain":0,"max_hp_loss":0,"event_name":"The Cleric","floor":5,"gold_loss":50},{"damage_healed":0,"gold_gain":0,"player_choice":"Bought 0 Potions","damage_taken":0,"max_hp_gain":0,"max_hp_loss":0,"event_name":"The Woman in Blue","floor":21,"gold_loss":0},{"cards_removed":["Strike_B"],"damage_healed":0,"gold_gain":0,"player_choice":"Gave Gold","damage_taken":0,"max_hp_gain":0,"max_hp_loss":0,"event_name":"Beggar","floor":28,"gold_loss":75},{"damage_healed":0,"gold_gain":0,"player_choice":"Fight","damage_taken":0,"max_hp_gain":0,"max_hp_loss":0,"event_name":"Colosseum","floor":30,"gold_loss":0}],"is_beta":false,"boss_relics":[{"not_picked":["Orrery","Eternal Feather"],"picked":"Philosopher\u0027s Stone"}],"items_purged_floors":[3,20],"is_endless":false,"potions_floor_spawned":[7,11,12,13,14,19,24,25],"killed_by":"Colosseum Slavers","ascension_level":1}