{"gold_per_floor":[211,47,47,65,75,25,25,25,49,82,82,101,101,115,115,217,217,228,247,247,172,192,192,117,17,17,34,54,54,154,182,182,277,277,292,167,187,187,206,206,225,225,271,371,424,424,67,98,98,98],"floor_reached":51,"playtime":1254,"items_purged":["Defend_R","Defend_R","Strike_R","Defend_R"],"score":718,"play_id":"afd76698-a9ec-43d7-a36e-3fed22d89d8a","local_time":"20190429204814","is_ascension_mode":false,"campfire_choices":[{"data":"Inflame","floor":7.0,"key":"SMITH"},{"data":"Bash","floor":11.0,"key":"SMITH"},{"data":"Shockwave","floor":13.0,"key":"SMITH"},{"data":"Heavy Blade","floor":15.0,"key":"SMITH"},{"data":"Limit Break","floor":23.0,"key":"SMITH"},{"floor":32.0,"key":"REST"},{"data":"Discovery","floor":40.0,"key":"SMITH"},{"data":"Trip","floor":42.0,"key":"SMITH"},{"data":"Thinking Ahead","floor":46.0,"key":"SMITH"},{"data":"Sword Boomerang","floor":49.0,"key":"SMITH"}],"neow_cost":"NONE","seed_source_timestamp":9292961564489,"circlet_count":0,"master_deck":["Strike_R","Bash+1","Sword Boomerang+1","Inflame+1","Discovery+1","Shockwave+1","Heavy Blade+1","Twin Strike","Limit Break+1","Sword Boomerang+1","Battle Trance+1","Thunderclap+1","Trip+1","Thinking Ahead+1","Discovery+1","Whirlwind+1"],"special_seed":0,"relics":["Burning Blood","Regal Pillow","Question Card","Philosopher\u0027s Stone","MutagenicStrength","Bottled Flame","Ginger","Pantograph","Meat on the Bone","Sozu","Juzu Bracelet","Magic Flower","Du-Vu Doll","OrangePellets","Nunchaku"],"potions_floor_usage":[],"damage_taken":[{"damage":1.0,"enemies":"Cultist","floor":1.0,"turns":3.0},{"damage":1.0,"enemies":"Jaw Worm","floor":4.0,"turns":3.0},{"damage":5.0,"enemies":"Small Slimes","floor":5.0,"turns":3.0},{"damage":21.0,"enemies":"Lagavulin","floor":10.0,"turns":6.0},{"damage":11.0,"enemies":"2 Fungi Beasts","floor":12.0,"turns":4.0},{"damage":6.0,"enemies":"Large Slime","floor":14.0,"turns":3.0},{"damage":32.0,"enemies":"Hexaghost","floor":16.0,"turns":6.0},{"damage":2.0,"enemies":"Chosen","floor":18.0,"turns":3.0},{"damage":21.0,"enemies":"3 Byrds","floor":19.0,"turns":4.0},{"damage":0.0,"enemies":"Centurion and Healer","floor":22.0,"turns":4.0},{"damage":0.0,"enemies":"Snake Plant","floor":27.0,"turns":2.0},{"damage":6.0,"enemies":"Sentry and Sphere","floor":28.0,"turns":3.0},{"damage":13.0,"enemies":"Colosseum Slavers","floor":30.0,"turns":2.0},{"damage":12.0,"enemies":"Colosseum Nobs","floor":30.0,"turns":3.0},{"damage":27.0,"enemies":"Slavers","floor":31.0,"turns":4.0},{"damage":50.0,"enemies":"Automaton","floor":33.0,"turns":5.0},{"damage":13.0,"enemies":"3 Shapes","floor":35.0,"turns":3.0},{"damage":7.0,"enemies":"3 Darklings","floor":37.0,"turns":3.0},{"damage":0.0,"enemies":"Jaw Worm Horde","floor":39.0,"turns":2.0},{"damage":19.0,"enemies":"Maw","floor":41.0,"turns":5.0},{"damage":0.0,"enemies":"Mind Bloom Boss Battle","floor":44.0,"turns":3.0},{"damage":17.0,"enemies":"2 Orb Walkers","floor":45.0,"turns":3.0},{"damage":16.0,"enemies":"Giant Head","floor":48.0,"turns":3.0},{"damage":78,"enemies":"Donu and Deca","floor":50,"turns":5}],"seed_played":"6533685095248951250","potions_obtained":[{"floor":5.0,"key":"SpeedPotion"},{"floor":10.0,"key":"PowerPotion"},{"floor":12.0,"key":"Ancient Potion"},{"floor":27.0,"key":"Weak Potion"},{"floor":30.0,"key":"BloodPotion"}],"is_trial":false,"path_per_floor":["M","$","?","M","M","?","R","?","T","E","R","M","R","M","R","B",null,"M","M","?","?","M","R","$","$","T","M","M","?","?","E","R","B",null,"M","$","M","?","M","R","M","R","T","?","?","R","$","E","R","B",null],"character_chosen":"IRONCLAD","items_purchased":["Inflame","Discovery","OrangePellets"],"campfire_rested":1,"item_purchase_floors":[2,2,47],"current_hp_per_floor":[80,80,73,78,79,79,79,79,79,64,64,59,59,59,59,33,80,80,65,65,65,71,71,71,71,71,77,77,77,64,51,80,48,80,73,73,72,62,68,68,55,55,55,80,72,72,72,65,65,29],"gold":98,"neow_bonus":"HUNDRED_GOLD","is_prod":false,"is_daily":false,"chose_seed":false,"campfire_upgraded":9,"win_rate":0,"timestamp":1556592494,"path_taken":["M","$","?","M","M","?","R","?","T","E","R","M","R","M","R","BOSS","M","M","?","?","M","R","?","$","T","M","?","?","?","E","R","BOSS","M","$","M","?","M","R","M","R","T","?","?","R","$","E","R","BOSS"],"build_version":"2019-01-23","purchased_purges":4,"victory":true,"max_hp_per_floor":[80,80,80,80,80,80,80,80,80,80,80,80,80,80,80,80,80,80,80,80,80,80,80,80,80,80,80,80,80,80,80,80,80,80,80,80,80,80,80,80,80,80,80,80,80,80,80,80,80,80],"card_choices":[{"not_picked":["Bloodletting","Warcry"],"picked":"Sword Boomerang","floor":1.0},{"not_picked":["Armaments","Havoc"],"picked":"Shockwave","floor":4.0},{"not_picked":["Reckless Charge","Dropkick"],"picked":"Heavy Blade","floor":5.0},{"not_picked":["True Grit","Armaments","Wild Strike"],"picked":"SKIP","floor":10.0},{"not_picked":["Ghostly Armor","Bloodletting","Shockwave"],"picked":"Twin Strike","floor":12.0},{"not_picked":["Carnage","Havoc","Sentinel","Pommel Strike"],"picked":"SKIP","floor":14.0},{"not_picked":["Double Tap","Juggernaut","Demon Form"],"picked":"Limit Break","floor":16.0},{"not_picked":["Warcry+1","Shrug It Off+1","Cleave","Iron Wave+1"],"picked":"SKIP","floor":18.0},{"not_picked":["Sentinel+1","Pommel Strike","Warcry+1","Havoc"],"picked":"SKIP","floor":19.0},{"not_picked":["Bloodletting","Combust","Sever Soul","Spot Weakness"],"picked":"SKIP","floor":22.0},{"not_picked":["Bloodletting","Hemokinesis","Ghostly Armor"],"picked":"Sword Boomerang+1","floor":27.0},{"not_picked":["Brutality","Armaments","Shrug It Off","Feel No Pain"],"picked":"SKIP","floor":28.0},{"not_picked":["Double Tap","Fire Breathing","Armaments"],"picked":"Battle Trance+1","floor":31.0},{"not_picked":["Clash+1","Hemokinesis","Thunderclap","Flex+1"],"picked":"SKIP","floor":35.0},{"not_picked":["Blood for Blood+1","Carnage","Iron Wave+1"],"picked":"Thunderclap+1","floor":37.0},{"not_picked":["Forethought","PanicButton","Blind"],"picked":"Trip","floor":38.0},{"not_picked":["Magnetism","Secret Weapon","Impatience"],"picked":"Thinking Ahead","floor":38.0},{"not_picked":["Madness","Sadistic Nature","Flash of Steel"],"picked":"Discovery","floor":38.0},{"not_picked":["True Grit","Warcry+1","Rupture","Armaments"],"picked":"SKIP","floor":39.0},{"not_picked":["True Grit","Warcry+1","Rupture","Armaments"],"picked":"SKIP","floor":39.0},{"not_picked":["Rupture+1","Searing Blow","Brutality","Thunderclap+1"],"picked":"SKIP","floor":41.0},{"not_picked":["Clothesline","Pommel Strike","True Grit+1"],"picked":"Whirlwind+1","floor":45.0},{"not_picked":["Double Tap","Sever Soul","Inflame","Clothesline+1"],"picked":"SKIP","floor":48.0}],"player_experience":1326242,"relics_obtained":[{"floor":9.0,"key":"Regal Pillow"},{"floor":10.0,"key":"Question Card"},{"floor":26.0,"key":"Bottled Flame"},{"floor":30.0,"key":"Ginger"},{"floor":30.0,"key":"Pantograph"},{"floor":31.0,"key":"Meat on the Bone"},{"floor":43.0,"key":"Juzu Bracelet"},{"floor":44.0,"key":"Magic Flower"},{"floor":45.0,"key":"Du-Vu Doll"},{"floor":48.0,"key":"Nunchaku"}],"event_choices":[{"cards_removed":["Strike_R"],"damage_healed":0.0,"max_hp_gain":0.0,"max_hp_loss":0.0,"gold_gain":0.0,"event_name":"Golden Wing","player_choice":"Card Removal","floor":3.0,"gold_loss":0.0,"damage_taken":7.0},{"cards_removed":["Strike_R"],"damage_healed":0.0,"max_hp_gain":0.0,"max_hp_loss":0.0,"gold_gain":0.0,"event_name":"The Cleric","player_choice":"Card Removal","floor":6.0,"gold_loss":50.0,"damage_taken":0.0},{"damage_healed":0.0,"max_hp_gain":0.0,"max_hp_loss":0.0,"gold_gain":0.0,"event_name":"Living Wall","player_choice":"Grow","floor":8.0,"gold_loss":0.0,"damage_taken":0.0,"cards_upgraded":["Discovery"]},{"damage_healed":0.0,"max_hp_gain":0.0,"max_hp_loss":0.0,"gold_gain":0.0,"event_name":"Drug Dealer","player_choice":"Inject Mutagens","floor":20.0,"gold_loss":0.0,"damage_taken":0.0,"relics_obtained":["MutagenicStrength"]},{"cards_removed":["Strike_R"],"damage_healed":0.0,"max_hp_gain":0.0,"max_hp_loss":0.0,"gold_gain":0.0,"event_name":"Beggar","player_choice":"Gave Gold","floor":21.0,"gold_loss":75.0,"damage_taken":0.0},{"cards_removed":["Defend_R"],"damage_healed":0.0,"max_hp_gain":0.0,"max_hp_loss":0.0,"gold_gain":0.0,"event_name":"Back to Basics","player_choice":"Elegance","floor":29.0,"gold_loss":0.0,"damage_taken":0.0},{"damage_healed":0.0,"max_hp_gain":0.0,"max_hp_loss":0.0,"gold_gain":0.0,"event_name":"Colosseum","player_choice":"Fight","floor":30.0,"gold_loss":0.0,"damage_taken":0.0},{"damage_healed":0.0,"max_hp_gain":0.0,"max_hp_loss":0.0,"gold_gain":0.0,"event_name":"Colosseum","player_choice":"Fought Nobs","floor":30.0,"gold_loss":0.0,"damage_taken":0.0},{"damage_healed":0.0,"max_hp_gain":0.0,"max_hp_loss":0.0,"gold_gain":0.0,"event_name":"SensoryStone","player_choice":"Memory 3","floor":38.0,"gold_loss":0.0,"damage_taken":10.0},{"damage_healed":0.0,"max_hp_gain":0.0,"max_hp_loss":0.0,"gold_gain":0.0,"event_name":"MindBloom","player_choice":"Fight","floor":44.0,"gold_loss":0.0,"damage_taken":0.0},{"damage_healed":0.0,"max_hp_gain":0.0,"max_hp_loss":0.0,"gold_gain":0.0,"event_name":"Mysterious Sphere","player_choice":"Fight","floor":45.0,"gold_loss":0.0,"damage_taken":0.0}],"is_beta":false,"boss_relics":[{"not_picked":["Pandora\u0027s Box","Calling Bell"],"picked":"Philosopher\u0027s Stone"},{"not_picked":["Eternal Feather","Snecko Eye"],"picked":"Sozu"}],"items_purged_floors":[24,25,36,47],"is_endless":false,"potions_floor_spawned":[5,10,12,27,28,30,30,35,39,48],"ascension_level":0}