{"gold_per_floor":[110,110,122,122,297,325,366,396,460,488,518,564,576],"floor_reached":13,"playtime":988,"items_purged":[],"score":180,"play_id":"69988229-0a31-4a23-8ee1-1bc7b04edcd2","local_time":"20190425103459","daily_mods":["SealedDeck","Hoarder","Vintage","Blue Cards","Heirloom","DeadlyEvents","Binary","Elite Swarm","Night Terrors"],"is_ascension_mode":false,"campfire_choices":[],"neow_cost":"","seed_source_timestamp":0,"circlet_count":0,"master_deck":["Compile Driver","Compile Driver","Compile Driver","Barrage","Barrage","Barrage","Coolheaded","Coolheaded","Coolheaded","Ball Lightning","Ball Lightning","Ball Lightning","Turbo","Turbo","Turbo","Coolheaded","Coolheaded","Coolheaded","Darkness","Darkness+1","Darkness","Defragment","Defragment","Defragment","Cold Snap","Cold Snap","Cold Snap","Defragment","Defragment","Defragment","Doubt","Doubt","Doubt","Rainbow","Rainbow","Rainbow"],"relics":["Cracked Core","Emotion Chip","Mercury Hourglass","Dream Catcher","MawBank","Oddly Smooth Stone","StoneCalendar","Pen Nib","Shuriken","Orichalcum","Singing Bowl"],"potions_floor_usage":[10,11],"damage_taken":[{"damage":17,"enemies":"Small Slimes","floor":1,"turns":3},{"damage":1,"enemies":"Cultist","floor":3,"turns":3},{"damage":12,"enemies":"Lagavulin","floor":6,"turns":4},{"damage":10,"enemies":"3 Sentries","floor":7,"turns":4},{"damage":5,"enemies":"Jaw Worm","floor":8,"turns":2},{"damage":15,"enemies":"Gremlin Gang","floor":10,"turns":3},{"damage":8,"enemies":"Exordium Wildlife","floor":11,"turns":4},{"damage":6,"enemies":"Gremlin Nob","floor":12,"turns":3},{"damage":12,"enemies":"Lagavulin","floor":13,"turns":2}],"seed_played":"-6149915856140973830","potions_obtained":[{"floor":8,"key":"GamblersBrew"},{"floor":10,"key":"PowerPotion"}],"is_trial":true,"path_per_floor":["M","?","M","$","?","E","E","M","T","M","M","E","E"],"character_chosen":"DEFECT","items_purchased":[],"campfire_rested":0,"item_purchase_floors":[],"current_hp_per_floor":[58,58,57,57,57,45,35,30,30,15,7,3,0],"gold":576,"neow_bonus":"","is_prod":false,"is_daily":false,"chose_seed":false,"campfire_upgraded":0,"win_rate":0,"timestamp":1556145299,"path_taken":["M","?","?","?","?","E","?","M","T","M","M","E","?"],"build_version":"2019-01-23","purchased_purges":0,"victory":false,"max_hp_per_floor":[75,75,75,75,75,75,75,75,75,75,75,77,77],"card_choices":[{"not_picked":["Electrodynamics"],"picked":"Rainbow","floor":6},{"not_picked":["Echo Form","Reboot"],"picked":"SKIP","floor":7},{"not_picked":["Thunder Strike","Electrodynamics"],"picked":"Singing Bowl","floor":12}],"player_experience":27997,"relics_obtained":[{"floor":1,"key":"Mercury Hourglass"},{"floor":3,"key":"Dream Catcher"},{"floor":6,"key":"MawBank"},{"floor":7,"key":"Oddly Smooth Stone"},{"floor":8,"key":"StoneCalendar"},{"floor":9,"key":"Pen Nib"},{"floor":10,"key":"Shuriken"},{"floor":11,"key":"Orichalcum"},{"floor":12,"key":"Singing Bowl"}],"event_choices":[{"damage_healed":0,"gold_gain":0,"player_choice":"Upgraded","damage_taken":0,"max_hp_gain":0,"max_hp_loss":0,"event_name":"Upgrade Shrine","floor":2,"gold_loss":0,"cards_upgraded":["Darkness"]},{"damage_healed":0,"gold_gain":175,"player_choice":"AGREE","damage_taken":0,"max_hp_gain":0,"max_hp_loss":0,"event_name":"Liars Game","floor":5,"gold_loss":0,"cards_obtained":["Doubt"]}],"is_beta":false,"boss_relics":[],"items_purged_floors":[],"is_endless":true,"potions_floor_spawned":[6,8,10,11],"killed_by":"Lagavulin","ascension_level":0}