{"gold_per_floor":[111,130,150,167,137,137,151,151,219,56,6,6,25,45,45,45],"floor_reached":16,"playtime":723,"items_purged":[],"score":179,"play_id":"059ced92-7574-48ac-ae4a-3d2f59f43b65","local_time":"20190507222050","is_ascension_mode":true,"campfire_choices":[{"data":"Tactician","floor":6.0,"key":"SMITH"},{"data":"Predator","floor":8,"key":"SMITH"},{"data":"Tools of the Trade","floor":12,"key":"SMITH"},{"data":"Footwork","floor":15,"key":"SMITH"}],"neow_cost":"PERCENT_DAMAGE","seed_source_timestamp":89891152284374,"circlet_count":0,"master_deck":["AscendersBane","Defend_G","Defend_G","Defend_G","Defend_G","Strike_G","Strike_G","Strike_G","Strike_G","Survivor","Neutralize","Masterful Stab","Setup","Leg Sweep","Predator+1","Tactician+1","Footwork+1","Backflip","Tools of the Trade+1","Poisoned Stab","Backstab"],"special_seed":0,"relics":["Ring of the Snake","Singing Bowl"],"potions_floor_usage":[7,7,16,16],"damage_taken":[{"damage":1.0,"enemies":"Small Slimes","floor":1.0,"turns":5.0},{"damage":0.0,"enemies":"Cultist","floor":2.0,"turns":4.0},{"damage":0.0,"enemies":"2 Louse","floor":3.0,"turns":2.0},{"damage":0.0,"enemies":"Blue Slaver","floor":4.0,"turns":3.0},{"damage":5,"enemies":"Gremlin Gang","floor":7,"turns":4},{"damage":4,"enemies":"3 Louse","floor":13,"turns":2},{"damage":0,"enemies":"Red Slaver","floor":14,"turns":6},{"damage":30,"enemies":"Hexaghost","floor":16,"turns":16}],"seed_played":"-684250990045593096","potions_obtained":[{"floor":3.0,"key":"Strength Potion"},{"floor":5.0,"key":"Fruit Juice"},{"floor":5.0,"key":"Swift Potion"},{"floor":7,"key":"SkillPotion"},{"floor":14,"key":"SneckoOil"}],"is_trial":false,"path_per_floor":["M","M","M","M","?","R","M","R","T","$","$","R","M","M","R","B"],"character_chosen":"THE_SILENT","items_purchased":["Tools of the Trade","Poisoned Stab"],"campfire_rested":0,"item_purchase_floors":[10,11],"current_hp_per_floor":[43,43,43,43,48,48,43,43,43,43,43,43,41,41,41,11],"gold":45,"neow_bonus":"TRANSFORM_TWO_CARDS","is_prod":false,"is_daily":false,"chose_seed":false,"campfire_upgraded":4,"win_rate":0,"timestamp":1557235250,"path_taken":["M","M","M","M","?","R","M","R","T","?","$","R","M","M","R","BOSS"],"build_version":"2019-01-23","purchased_purges":0,"victory":false,"max_hp_per_floor":[66,66,66,66,71,71,71,71,71,71,71,71,73,73,73,73],"card_choices":[{"not_picked":["Cloak And Dagger","Dagger Spray"],"picked":"Leg Sweep","floor":1.0},{"not_picked":["PiercingWail","Backflip"],"picked":"Predator","floor":2.0},{"not_picked":["Slice","All Out Attack"],"picked":"Tactician","floor":3.0},{"not_picked":["Underhanded Strike","Deflect"],"picked":"Footwork","floor":4.0},{"not_picked":["Prepared","Slice"],"picked":"Backflip","floor":7},{"not_picked":["Dagger Throw","PiercingWail","Underhanded Strike"],"picked":"Singing Bowl","floor":13},{"not_picked":["Quick Slash","Endless Agony"],"picked":"Backstab","floor":14}],"player_experience":759122,"relics_obtained":[{"floor":9,"key":"Singing Bowl"}],"event_choices":[{"damage_healed":0.0,"max_hp_gain":0.0,"max_hp_loss":0.0,"gold_gain":0.0,"event_name":"The Woman in Blue","player_choice":"Bought 2 Potions","floor":5.0,"gold_loss":0.0,"damage_taken":0.0}],"is_beta":false,"boss_relics":[],"items_purged_floors":[],"is_endless":false,"potions_floor_spawned":[3,7,14],"killed_by":"Hexaghost","ascension_level":18}