{"gold_per_floor":[118,118,118,118,43,43,6,6,55,69,144,174,185,214,214,310,310,327,341,55,55,74,74,74,93,138,13,32,44,44,55,55,55],"floor_reached":33,"playtime":2527,"items_purged":["Strike_G","Strike_G","Strike_G"],"score":280,"play_id":"2e55ab36-06eb-424a-a91c-9885538e8e94","local_time":"20190507210355","is_ascension_mode":false,"campfire_choices":[{"data":"Cloak And Dagger","floor":6,"key":"SMITH"},{"data":"Neutralize","floor":8,"key":"SMITH"},{"floor":15,"key":"REST"},{"floor":24,"key":"REST"},{"floor":32,"key":"REST"}],"neow_cost":"NONE","seed_source_timestamp":455375817084800,"circlet_count":0,"master_deck":["Defend_G","Defend_G+1","Defend_G","Defend_G","Defend_G+1","Strike_G","Strike_G","Survivor+1","Neutralize+1","Cloak And Dagger+1","Cloak And Dagger+1","Hidden Blade","Choke+1","Slice","Quick Slash+1","Accuracy","Cloak And Dagger","Fluid Movement","After Image","Blur","Finisher"],"relics":["Ring of the Snake","NeowsBlessing","Gremlin Food","Regal Pillow","Bag of Preparation","Happy Flower","Orrery","Whetstone","Dream Catcher"],"potions_floor_usage":[14,16,18,22,25,28,28,33],"damage_taken":[{"damage":0,"enemies":"Jaw Worm","floor":1,"turns":1},{"damage":0,"enemies":"Small Slimes","floor":10,"turns":1},{"damage":0,"enemies":"3 Sentries","floor":12,"turns":1},{"damage":0,"enemies":"2 Louse","floor":13,"turns":3},{"damage":9,"enemies":"Lagavulin","floor":14,"turns":7},{"damage":37,"enemies":"Hexaghost","floor":16,"turns":11},{"damage":5,"enemies":"2 Thieves","floor":18,"turns":4},{"damage":10,"enemies":"Spheric Guardian","floor":19,"turns":3},{"damage":29,"enemies":"Centurion and Healer","floor":22,"turns":5},{"damage":7,"enemies":"3 Cultists","floor":25,"turns":5},{"damage":11,"enemies":"Cultist and Chosen","floor":28,"turns":7},{"damage":15,"enemies":"Centurion and Healer","floor":29,"turns":7},{"damage":14,"enemies":"Shelled Parasite and Fungi","floor":31,"turns":7},{"damage":64,"enemies":"Collector","floor":33,"turns":7}],"seed_played":"5295491134010467127","potions_obtained":[{"floor":1,"key":"Energy Potion"},{"floor":12,"key":"Venom Potion"},{"floor":16,"key":"Fire Potion"},{"floor":19,"key":"Fire Potion"},{"floor":22,"key":"Dexterity Potion"},{"floor":23,"key":"Toxic Potion"},{"floor":23,"key":"Adrenaline Potion"},{"floor":25,"key":"SteroidPotion"},{"floor":28,"key":"Weak Potion"}],"is_trial":false,"path_per_floor":["M","?","T","?","$","R","$","R","T","M","?","E","M","E","R","B",null,"M","M","$","?","M","?","R","M","T","$","M","M","$","M","R","B"],"character_chosen":"THE_SILENT","items_purchased":["Cloak And Dagger+1","Fluid Movement","Whetstone"],"campfire_rested":3,"item_purchase_floors":[7,20,20],"current_hp_per_floor":[70,70,70,75,75,75,75,75,75,75,64,64,64,55,75,38,75,70,60,60,46,17,17,56,49,49,49,38,23,23,9,48,0],"gold":55,"neow_bonus":"THREE_ENEMY_KILL","is_prod":false,"is_daily":false,"chose_seed":false,"campfire_upgraded":2,"win_rate":0.0,"timestamp":1557219835,"path_taken":["M","?","?","?","$","R","?","R","T","M","?","E","M","E","R","BOSS","M","M","$","?","M","?","R","M","T","$","M","M","$","?","R","BOSS"],"build_version":"2019-01-23","purchased_purges":3,"victory":false,"max_hp_per_floor":[70,70,70,75,75,75,75,75,75,75,75,75,75,75,75,75,75,75,75,75,80,80,80,80,80,80,80,80,80,80,80,80,80],"card_choices":[{"not_picked":["Finisher","Reflex"],"picked":"Cloak And Dagger","floor":1},{"not_picked":["Sneak Up","Draining Mist"],"picked":"Hidden Blade","floor":10},{"not_picked":["Dash","Tactician"],"picked":"Choke","floor":12},{"not_picked":["PiercingWail","Footwork","Expertise"],"picked":"SKIP","floor":13},{"not_picked":["Prepared","Eviscerate","Quick Slash"],"picked":"SKIP","floor":14},{"not_picked":["Dodge and Roll","Backflip"],"picked":"Slice","floor":17},{"not_picked":["Deflect","Acrobatics"],"picked":"Quick Slash","floor":17},{"not_picked":["Dagger Throw","Deflect"],"picked":"Accuracy","floor":17},{"not_picked":["Choke","Blade Dance","Acrobatics"],"picked":"SKIP","floor":18},{"not_picked":["Sucker Punch","ReplayTheSpireMod:Speed Training"],"picked":"Cloak And Dagger","floor":19},{"not_picked":["Dagger Spray","Deflect","Acrobatics+1"],"picked":"SKIP","floor":22},{"not_picked":["Poisoned Stab+1","Toxin Wave"],"picked":"After Image","floor":25},{"not_picked":["Choke","Slice"],"picked":"Blur","floor":28},{"not_picked":["Quick Slash","Noxious Fumes+1","Sucker Punch"],"picked":"SKIP","floor":29},{"not_picked":["Crippling Poison","Hidden Blade+1"],"picked":"Finisher","floor":31}],"player_experience":150567,"relics_obtained":[{"floor":3,"key":"Gremlin Food"},{"floor":9,"key":"Regal Pillow"},{"floor":12,"key":"Bag of Preparation"},{"floor":14,"key":"Happy Flower"},{"floor":26,"key":"Dream Catcher"}],"event_choices":[{"damage_healed":0,"gold_gain":0,"player_choice":"Fled","damage_taken":0,"max_hp_gain":0,"max_hp_loss":0,"event_name":"Scrap Ooze","floor":2,"gold_loss":0},{"damage_healed":0,"gold_gain":0,"player_choice":"Donut","damage_taken":0,"max_hp_gain":5,"max_hp_loss":0,"event_name":"Big Fish","floor":4,"gold_loss":0},{"damage_healed":0,"gold_gain":75,"player_choice":"Gather Gold","damage_taken":11,"max_hp_gain":0,"max_hp_loss":0,"event_name":"World of Goop","floor":11,"gold_loss":0},{"damage_healed":0,"gold_gain":0,"player_choice":"Shed Blood","damage_taken":19,"max_hp_gain":5,"max_hp_loss":0,"event_name":"Forgotten Altar","floor":21,"gold_loss":0},{"damage_healed":0,"gold_gain":0,"player_choice":"Got Potions","damage_taken":0,"max_hp_gain":0,"max_hp_loss":0,"event_name":"Lab","floor":23,"gold_loss":0}],"is_beta":false,"boss_relics":[{"not_picked":["Calling Bell","Black Star"],"picked":"Orrery"}],"items_purged_floors":[5,20,27],"is_endless":false,"potions_floor_spawned":[1,12,16,19,22,25,28],"killed_by":"Collector","ascension_level":0}