{"gold_per_floor":[118,131,131,131,56,84,84,114,114,114,130,130,30,50,50,151,151,163,78,53,68,68,68,68,88,159,159,159],"floor_reached":28,"playtime":2345,"items_purged":["Strike_R","Strike_R"],"score":251,"play_id":"f9bfaeb9-1f25-4ac2-bd19-eadc36c2523b","local_time":"20190119004729","is_ascension_mode":true,"campfire_choices":[{"data":"Armaments","floor":7,"key":"SMITH"},{"floor":10,"key":"REST"},{"data":"Clothesline","floor":15,"key":"SMITH"},{"data":"Bash","floor":23,"key":"SMITH"},{"data":"Limit Break","floor":27,"key":"SMITH"}],"neow_cost":"NONE","seed_source_timestamp":16538144864694,"circlet_count":0,"master_deck":["Strike_R","Strike_R","Strike_R","Defend_R","Defend_R","Defend_R","Defend_R","Bash+1","Armaments+1","Ghostly Armor","True Grit+1","Clothesline+1","Cleave","Offering","Limit Break+1","True Grit+1","Whirlwind+1"],"relics":["Burning Blood","Du-Vu Doll","Blood Vial","Question Card","Boot","Coffee Dripper","Frozen Egg 2","Paper Frog"],"potions_floor_usage":[24],"damage_taken":[{"damage":1,"enemies":"Cultist","floor":1,"turns":3},{"damage":2,"enemies":"Small Slimes","floor":2,"turns":3},{"damage":48,"enemies":"Gremlin Nob","floor":6,"turns":6},{"damage":40,"enemies":"3 Sentries","floor":8,"turns":14},{"damage":4,"enemies":"Jaw Worm","floor":11,"turns":4},{"damage":0,"enemies":"2 Fungi Beasts","floor":14,"turns":4},{"damage":37,"enemies":"The Guardian","floor":16,"turns":15},{"damage":26,"enemies":"Chosen","floor":18,"turns":6},{"damage":26,"enemies":"2 Thieves","floor":20,"turns":5},{"damage":16,"enemies":"Snake Plant","floor":21,"turns":5},{"damage":16,"enemies":"Colosseum Slavers","floor":22,"turns":7},{"damage":8,"enemies":"Centurion and Healer","floor":24,"turns":7},{"damage":27,"enemies":"Shelled Parasite and Fungi","floor":25,"turns":11},{"damage":19,"enemies":"Cultist and Chosen","floor":28,"turns":4}],"seed_played":"-2183211831382039689","potions_obtained":[{"floor":6,"key":"Ancient Potion"},{"floor":11,"key":"Dexterity Potion"},{"floor":14,"key":"SmokeBomb"},{"floor":16,"key":"Dexterity Potion"}],"is_trial":false,"path_per_floor":["M","M","?","?","$","E","R","E","T","R","M","?","$","M","R","B",null,"M","?","M","M","?","R","M","M","T","R","M"],"character_chosen":"IRONCLAD","items_purchased":[],"campfire_rested":1,"item_purchase_floors":[],"current_hp_per_floor":[80,80,80,85,85,43,43,9,9,34,38,38,38,46,46,17,85,65,65,47,39,31,31,31,12,12,12,0],"gold":159,"neow_bonus":"THREE_CARDS","is_prod":false,"is_daily":false,"chose_seed":false,"campfire_upgraded":4,"win_rate":0,"timestamp":1547880449,"path_taken":["M","?","?","?","$","E","R","E","T","R","M","?","$","?","R","BOSS","M","?","M","M","?","R","M","M","T","R","M"],"build_version":"2019-01-17v2","purchased_purges":2,"victory":false,"max_hp_per_floor":[80,80,80,85,85,85,85,85,85,85,85,85,85,85,85,85,85,85,85,85,85,85,85,85,85,85,85,85],"card_choices":[{"not_picked":["Warcry","Twin Strike"],"picked":"Armaments","floor":0},{"not_picked":["Anger","Rage"],"picked":"Ghostly Armor","floor":1},{"not_picked":["Twin Strike","Flex"],"picked":"True Grit","floor":2},{"not_picked":["Bludgeon","Anger","Rupture"],"picked":"SKIP","floor":6},{"not_picked":["Twin Strike","Intimidate"],"picked":"Clothesline","floor":8},{"not_picked":["Sword Boomerang","Armaments","Thunderclap"],"picked":"Cleave","floor":11},{"not_picked":["Body Slam","Combust","Armaments"],"picked":"Offering","floor":14},{"not_picked":["Berserk","Offering","Juggernaut"],"picked":"Limit Break","floor":16},{"not_picked":["Havoc","Dropkick","Power Through","Body Slam"],"picked":"SKIP","floor":18},{"not_picked":["Headbutt","Carnage+1","Clothesline","Rage"],"picked":"SKIP","floor":20},{"not_picked":["Thunderclap","Offering","Havoc"],"picked":"True Grit+1","floor":21},{"not_picked":["Perfected Strike","Flame Barrier","Metallicize+1"],"picked":"Whirlwind+1","floor":25}],"player_experience":228697,"relics_obtained":[{"floor":6,"key":"Du-Vu Doll"},{"floor":8,"key":"Blood Vial"},{"floor":9,"key":"Question Card"},{"floor":26,"key":"Paper Frog"}],"event_choices":[{"damage_healed":0,"gold_gain":0,"player_choice":"Grow","damage_taken":0,"max_hp_gain":0,"max_hp_loss":0,"event_name":"Living Wall","floor":3,"gold_loss":0,"cards_upgraded":["True Grit"]},{"damage_healed":0,"gold_gain":0,"player_choice":"Donut","damage_taken":0,"max_hp_gain":5,"max_hp_loss":0,"event_name":"Big Fish","floor":4,"gold_loss":0},{"damage_healed":0,"gold_gain":0,"player_choice":"Gave Potion","damage_taken":0,"relics_obtained":["Boot"],"max_hp_gain":0,"max_hp_loss":0,"event_name":"WeMeetAgain","floor":12,"gold_loss":0},{"damage_healed":0,"gold_gain":0,"player_choice":"Obtained Relic","damage_taken":0,"relics_obtained":["Frozen Egg 2"],"max_hp_gain":0,"max_hp_loss":0,"event_name":"Addict","floor":19,"gold_loss":85},{"damage_healed":0,"gold_gain":0,"player_choice":"Fight","damage_taken":0,"max_hp_gain":0,"max_hp_loss":0,"event_name":"Colosseum","floor":22,"gold_loss":0},{"damage_healed":0,"gold_gain":0,"player_choice":"Fled From Nobs","damage_taken":0,"max_hp_gain":0,"max_hp_loss":0,"event_name":"Colosseum","floor":22,"gold_loss":0}],"is_beta":false,"boss_relics":[{"not_picked":["Runic Pyramid","Snecko Eye"],"picked":"Coffee Dripper"}],"items_purged_floors":[5,13],"is_endless":false,"potions_floor_spawned":[6,11,14,16,20,24],"killed_by":"Cultist and Chosen","ascension_level":2}