{"gold_per_floor":[10,10,24,40,51,51,81,96,96,107,117,146,146],"floor_reached":13,"playtime":1689,"items_purged":[],"score":124,"play_id":"de2b2e24-bc86-4416-81dd-d48c2c17b207","local_time":"20190506221922","is_ascension_mode":false,"campfire_choices":[{"data":"Flame Barrier","floor":6,"key":"SMITH"}],"neow_cost":"NO_GOLD","seed_source_timestamp":309446723860272,"circlet_count":0,"master_deck":["Strike_R","Strike_R","Strike_R","Strike_R","Strike_R","Defend_R","Defend_R","Defend_R","Defend_R","Bash","Perfected Strike","Sword Boomerang","Flame Barrier+1","Seeing Red","Cleave","Disarm","Flex","Immolate","Pummel"],"relics":["Burning Blood","Dream Catcher","Kunai","Ice Cream"],"potions_floor_usage":[],"damage_taken":[{"damage":9,"enemies":"Small Slimes","floor":1,"turns":4},{"damage":7,"enemies":"2 Louse","floor":3,"turns":3},{"damage":1,"enemies":"Jaw Worm","floor":4,"turns":3},{"damage":12,"enemies":"3 Louse","floor":5,"turns":5},{"damage":23,"enemies":"3 Sentries","floor":7,"turns":8},{"damage":6,"enemies":"Exordium Wildlife","floor":8,"turns":5},{"damage":15,"enemies":"Lots of Slimes","floor":10,"turns":4},{"damage":10,"enemies":"Blue Slaver","floor":11,"turns":3},{"damage":60,"enemies":"Gremlin Nob","floor":12,"turns":6},{"damage":13,"enemies":"Exordium Thugs","floor":13,"turns":1}],"seed_played":"8897948968201253416","potions_obtained":[{"floor":1,"key":"GamblersBrew"},{"floor":10,"key":"Strength Potion"},{"floor":11,"key":"SpeedPotion"},{"floor":12,"key":"Strength Potion"}],"is_trial":false,"path_per_floor":["M","?","M","M","M","R","E","M","T","M","M","E","M"],"character_chosen":"IRONCLAD","items_purchased":[],"campfire_rested":0,"item_purchase_floors":[],"current_hp_per_floor":[93,98,97,101,95,95,78,78,78,69,65,11,0],"gold":146,"neow_bonus":"TWENTY_PERCENT_HP_BONUS","is_prod":false,"is_daily":false,"chose_seed":false,"campfire_upgraded":1,"win_rate":0,"timestamp":1557206362,"path_taken":["M","?","M","M","M","R","E","M","T","M","M","E","M"],"build_version":"2019-01-23","purchased_purges":0,"victory":false,"max_hp_per_floor":[96,101,101,101,101,101,101,101,101,101,101,101,101],"card_choices":[{"not_picked":["Dropkick","Heavy Blade"],"picked":"Perfected Strike","floor":1},{"not_picked":["Heavy Blade","Shockwave"],"picked":"Sword Boomerang","floor":3},{"not_picked":["Rupture","Perfected Strike"],"picked":"Flame Barrier","floor":4},{"not_picked":["Hemokinesis","Perfected Strike"],"picked":"Seeing Red","floor":5},{"not_picked":["Reckless Charge","Sword Boomerang"],"picked":"Cleave","floor":7},{"not_picked":["True Grit","Rupture"],"picked":"Disarm","floor":8},{"not_picked":["Ghostly Armor","Twin Strike"],"picked":"Flex","floor":10},{"not_picked":["Cleave","Perfected Strike"],"picked":"Immolate","floor":11},{"not_picked":["Uppercut","Body Slam"],"picked":"Pummel","floor":12}],"player_experience":121327,"relics_obtained":[{"floor":7,"key":"Dream Catcher"},{"floor":9,"key":"Kunai"},{"floor":12,"key":"Ice Cream"}],"event_choices":[{"damage_healed":0,"gold_gain":0,"player_choice":"Donut","damage_taken":0,"max_hp_gain":5,"max_hp_loss":0,"event_name":"Big Fish","floor":2,"gold_loss":0}],"is_beta":false,"boss_relics":[],"items_purged_floors":[],"is_endless":false,"potions_floor_spawned":[1,10,11,12],"killed_by":"Exordium Thugs","ascension_level":0}