{"gold_per_floor":[118,138,39,58,71,71,105,105,105,105,118,133,153,163,163,258,258,274,290,35,134,134],"floor_reached":22,"playtime":1536,"items_purged":["Strike_G"],"score":228,"play_id":"62642c1f-463d-4232-8695-3adf7112bd7a","local_time":"20190329001642","is_ascension_mode":true,"campfire_choices":[{"data":"Blade Dance","floor":6,"key":"SMITH"},{"floor":15,"key":"REST"}],"neow_cost":"NONE","seed_source_timestamp":1298134884733436,"circlet_count":0,"master_deck":["Defend_G","Defend_G","Defend_G","Defend_G","Defend_G","Strike_G","Strike_G","Strike_G","Survivor","Neutralize","Flying Knee","Quick Slash","Backflip","Blade Dance+1","Cloak And Dagger","Envenom","Outmaneuver"],"relics":["Ring of the Snake","Bag of Preparation","Bottled Flame","Dodecahedron","Pantograph","WristBlade","Ornamental Fan"],"potions_floor_usage":[13,16,18,19,22],"damage_taken":[{"damage":0,"enemies":"2 Louse","floor":1,"turns":2},{"damage":2,"enemies":"Cultist","floor":2,"turns":4},{"damage":0,"enemies":"Jaw Worm","floor":4,"turns":3},{"damage":0,"enemies":"2 Fungi Beasts","floor":5,"turns":3},{"damage":30,"enemies":"Lagavulin","floor":7,"turns":8},{"damage":3,"enemies":"Blue Slaver","floor":11,"turns":3},{"damage":16,"enemies":"Exordium Thugs","floor":12,"turns":5},{"damage":0,"enemies":"Red Slaver","floor":13,"turns":3},{"damage":2,"enemies":"Blue Slaver","floor":14,"turns":3},{"damage":27,"enemies":"Hexaghost","floor":16,"turns":9},{"damage":14,"enemies":"Shell Parasite","floor":18,"turns":6},{"damage":14,"enemies":"Chosen","floor":19,"turns":6},{"damage":21,"enemies":"Centurion and Healer","floor":22,"turns":7}],"seed_played":"-3620378886832360922","potions_obtained":[{"floor":2,"key":"Swift Potion"},{"floor":7,"key":"SpeedPotion"},{"floor":11,"key":"Fire Potion"},{"floor":13,"key":"Fire Potion"},{"floor":16,"key":"Fire Potion"},{"floor":19,"key":"PowerPotion"}],"is_trial":false,"path_per_floor":["M","M","$","M","M","R","E","?","T","?","M","M","M","M","R","B",null,"M","M","$","?","M"],"character_chosen":"THE_SILENT","items_purchased":["Backflip","Ornamental Fan"],"campfire_rested":1,"item_purchase_floors":[3,20],"current_hp_per_floor":[70,68,68,68,68,68,38,26,26,26,23,7,7,5,26,24,70,56,42,42,42,21],"gold":134,"neow_bonus":"RANDOM_COMMON_RELIC","is_prod":false,"is_daily":false,"chose_seed":false,"campfire_upgraded":1,"win_rate":0,"timestamp":1553836602,"path_taken":["M","M","$","M","M","R","E","?","T","?","M","M","?","M","R","BOSS","M","M","$","?","M"],"build_version":"2019-01-23","purchased_purges":1,"victory":false,"max_hp_per_floor":[70,70,70,70,70,70,70,70,70,70,70,70,70,70,70,70,70,70,70,70,70,70],"card_choices":[{"not_picked":["Tactician","Prepared"],"picked":"Flying Knee","floor":1},{"not_picked":["Acrobatics","Prepared"],"picked":"Quick Slash","floor":2},{"not_picked":["Backstab","Calculated Gamble"],"picked":"Blade Dance","floor":4},{"not_picked":["Slice","Deadly Poison"],"picked":"Cloak And Dagger","floor":5},{"not_picked":["Expertise","PiercingWail"],"picked":"Envenom","floor":7},{"not_picked":["Finisher","Expertise","Underhanded Strike"],"picked":"SKIP","floor":11},{"not_picked":["Calculated Gamble","Eviscerate","Underhanded Strike"],"picked":"SKIP","floor":12},{"not_picked":["Acrobatics","Deflect"],"picked":"Outmaneuver","floor":13},{"not_picked":["Underhanded Strike","Quick Slash","Dodge and Roll"],"picked":"SKIP","floor":14},{"not_picked":["Concentrate","PiercingWail","Quick Slash"],"picked":"SKIP","floor":18},{"not_picked":["Calculated Gamble+1","Riddle With Holes","Caltrops"],"picked":"SKIP","floor":19}],"player_experience":431410,"relics_obtained":[{"floor":7,"key":"Bottled Flame"},{"floor":9,"key":"Pantograph"}],"event_choices":[{"damage_healed":0,"gold_gain":0,"player_choice":"Success","damage_taken":12,"relics_obtained":["Dodecahedron"],"max_hp_gain":0,"max_hp_loss":0,"event_name":"Scrap Ooze","floor":8,"gold_loss":0},{"cards_removed":["Strike_G"],"damage_healed":0,"gold_gain":0,"player_choice":"Purged","damage_taken":0,"max_hp_gain":0,"max_hp_loss":0,"event_name":"Purifier","floor":10,"gold_loss":0},{"damage_healed":0,"gold_gain":99,"player_choice":"Stole From Cult","damage_taken":0,"max_hp_gain":0,"max_hp_loss":0,"event_name":"Nest","floor":21,"gold_loss":0}],"is_beta":false,"boss_relics":[{"not_picked":["HoveringKite","Ectoplasm"],"picked":"WristBlade"}],"items_purged_floors":[3],"is_endless":false,"potions_floor_spawned":[2,7,11,13,14,16,19],"killed_by":"Centurion and Healer","ascension_level":4}