{"gold_per_floor":[212,7,24,199,209,209,242,242,242,242,257,257,270,285,285,388,388,400,411,49,60,76,103,116,116,195,195,195,470,1,21,21,117,117,133,148,24,34,51,82,82,82,108,108,124,124,124,138,138,138],"floor_reached":51,"playtime":1671,"items_purged":["Doubt","Regret","Writhe"],"score":851,"play_id":"516d3e01-670b-481d-b02e-7d8bea939894","local_time":"20190426071659","is_ascension_mode":false,"campfire_choices":[{"data":"Zap","floor":6.0,"key":"SMITH"},{"data":"1","floor":8.0,"key":"LIFT"},{"floor":12.0,"key":"REST"},{"data":"2","floor":15.0,"key":"LIFT"},{"floor":25.0,"key":"REST"},{"data":"3","floor":27.0,"key":"LIFT"},{"floor":32.0,"key":"REST"},{"floor":41.0,"key":"DIG"},{"floor":44.0,"key":"DIG"},{"floor":47.0,"key":"DIG"},{"floor":49.0,"key":"DIG"}],"neow_cost":"NONE","seed_source_timestamp":8090629339625,"circlet_count":0,"master_deck":["Strike_B","Strike_B","Strike_B","Strike_B","Defend_B","Defend_B","Defend_B","Zap+1","Dualcast","Darkness+1","Go for the Eyes","Conserve Battery","Sweeping Beam","Ball Lightning","Ball Lightning","Biased Cognition","Biased Cognition","Rebound","Ball Lightning","Coolheaded","Compile Driver+1","Conserve Battery","Sweeping Beam","Echo Form","Sweeping Beam+1","Coolheaded+1","Seek","Electrodynamics","Coolheaded+1","Conserve Battery+1"],"special_seed":0,"relics":["Cracked Core","Membership Card","Girya","The Courier","Nuclear Battery","DataDisk","Happy Flower","Bag of Marbles","Gremlin Horn","Ice Cream","Mercury Hourglass","Oddly Smooth Stone","Toolbox","Ancient Tea Set","Shovel","Bronze Scales","Symbiotic Virus","Philosopher\u0027s Stone","Bag of Preparation","Mummified Hand","Boot","Strawberry","Toxic Egg 2","Bottled Tornado","Juzu Bracelet","Pear"],"potions_floor_usage":[50,50],"damage_taken":[{"damage":0.0,"enemies":"Cultist","floor":1.0,"turns":4.0},{"damage":5.0,"enemies":"Small Slimes","floor":3.0,"turns":2.0},{"damage":0.0,"enemies":"2 Louse","floor":5.0,"turns":2.0},{"damage":35.0,"enemies":"Gremlin Nob","floor":7.0,"turns":4.0},{"damage":5.0,"enemies":"Red Slaver","floor":11.0,"turns":5.0},{"damage":0.0,"enemies":"3 Louse","floor":13.0,"turns":1.0},{"damage":0.0,"enemies":"Exordium Wildlife","floor":14.0,"turns":1.0},{"damage":27.0,"enemies":"The Guardian","floor":16.0,"turns":7.0},{"damage":0.0,"enemies":"Chosen","floor":18.0,"turns":3.0},{"damage":11.0,"enemies":"Shell Parasite","floor":19.0,"turns":3.0},{"damage":19.0,"enemies":"Snake Plant","floor":21.0,"turns":3.0},{"damage":10.0,"enemies":"Cultist and Chosen","floor":22.0,"turns":4.0},{"damage":7.0,"enemies":"Book of Stabbing","floor":23.0,"turns":4.0},{"damage":15.0,"enemies":"Snecko","floor":24.0,"turns":3.0},{"damage":9.0,"enemies":"Snake Plant","floor":31.0,"turns":2.0},{"damage":0.0,"enemies":"Automaton","floor":33.0,"turns":5.0},{"damage":0.0,"enemies":"3 Shapes","floor":35.0,"turns":3.0},{"damage":8.0,"enemies":"Orb Walker","floor":36.0,"turns":2.0},{"damage":3.0,"enemies":"Writhing Mass","floor":38.0,"turns":4.0},{"damage":15.0,"enemies":"Maw","floor":39.0,"turns":4.0},{"damage":3.0,"enemies":"Giant Head","floor":40.0,"turns":5.0},{"damage":0.0,"enemies":"3 Darklings","floor":45.0,"turns":1.0},{"damage":0.0,"enemies":"4 Shapes","floor":48.0,"turns":1.0},{"damage":45,"enemies":"Awakened One","floor":50,"turns":9}],"seed_played":"-405204341924478314","potions_obtained":[{"floor":1.0,"key":"Explosive Potion"},{"floor":5.0,"key":"FocusPotion"},{"floor":11.0,"key":"Explosive Potion"},{"floor":13.0,"key":"Swift Potion"},{"floor":18.0,"key":"Ancient Potion"},{"floor":24.0,"key":"Weak Potion"},{"floor":35.0,"key":"Swift Potion"},{"floor":36.0,"key":"PowerPotion"},{"floor":38.0,"key":"Swift Potion"},{"floor":45.0,"key":"Ancient Potion"}],"is_trial":false,"path_per_floor":["M","$","M","?","M","R","E","R","T","?","M","R","M","M","R","B",null,"M","M","$","M","M","E","M","R","T","R","?","?","$","M","R","B",null,"M","M","$","M","M","E","R","?","T","R","M","T","R","M","R","B",null],"character_chosen":"DEFECT","items_purchased":["Membership Card","DataDisk","Fruit Juice","Happy Flower","Bag of Marbles","Gremlin Horn","Toolbox","Ancient Tea Set","Shovel","Bronze Scales","Symbiotic Virus","Bag of Preparation"],"campfire_rested":3,"item_purchase_floors":[2,20,20,20,20,20,30,30,30,30,30,37],"current_hp_per_floor":[75,75,70,70,70,70,35,35,35,35,30,52,52,52,52,25,75,75,64,69,50,40,33,18,42,42,42,42,42,42,33,57,57,80,80,72,72,69,54,51,51,51,58,58,58,58,58,58,68,23],"gold":138,"neow_bonus":"HUNDRED_GOLD","is_prod":false,"is_daily":false,"chose_seed":false,"campfire_upgraded":1,"win_rate":0,"timestamp":1556284619,"path_taken":["M","$","?","?","M","R","E","R","T","?","M","R","?","M","R","BOSS","M","M","$","M","M","E","M","R","T","R","?","?","$","M","R","BOSS","M","M","$","?","M","E","R","?","T","R","?","?","R","M","R","BOSS"],"build_version":"2019-01-23","purchased_purges":3,"victory":true,"max_hp_per_floor":[75,75,75,75,75,75,75,75,75,75,75,75,75,75,75,75,75,75,75,80,80,80,80,80,80,80,80,80,80,80,80,80,80,80,80,80,80,80,80,80,80,80,87,87,87,87,87,87,97,97],"card_choices":[{"not_picked":["Chill","Chaos"],"picked":"Darkness","floor":1.0},{"not_picked":["Gash","Static Discharge"],"picked":"Go for the Eyes","floor":3.0},{"not_picked":["Double Energy","Cold Snap"],"picked":"Conserve Battery","floor":5.0},{"not_picked":["Double Energy","Hologram"],"picked":"Sweeping Beam","floor":7.0},{"not_picked":["Rebound","Compile Driver"],"picked":"Ball Lightning","floor":11.0},{"not_picked":["Redo","White Noise"],"picked":"Ball Lightning","floor":13.0},{"not_picked":["Static Discharge","Sunder"],"picked":"Biased Cognition","floor":14.0},{"not_picked":["Hyperbeam","All For One"],"picked":"Biased Cognition","floor":16.0},{"not_picked":["Gash","Rip and Tear"],"picked":"Rebound","floor":18.0},{"not_picked":["Hologram+1","Reprogram"],"picked":"Ball Lightning","floor":19.0},{"not_picked":["BootSequence","Aggregate+1"],"picked":"Coolheaded","floor":21.0},{"not_picked":["Steam","Genetic Algorithm+1"],"picked":"Compile Driver+1","floor":22.0},{"not_picked":["Beam Cell","Auto Shields","Heatsinks"],"picked":"SKIP","floor":23.0},{"not_picked":["Chill","Beam Cell+1"],"picked":"Conserve Battery","floor":24.0},{"not_picked":["Doom and Gloom+1","Sunder"],"picked":"Sweeping Beam","floor":31.0},{"not_picked":["All For One","Fission"],"picked":"Echo Form","floor":33.0},{"not_picked":["Conserve Battery+1","Go for the Eyes"],"picked":"Sweeping Beam+1","floor":35.0},{"not_picked":["Redo","Storm","Go for the Eyes"],"picked":"SKIP","floor":36.0},{"not_picked":["Redo+1","Chill"],"picked":"Coolheaded+1","floor":38.0},{"not_picked":["Compile Driver","Conserve Battery"],"picked":"Seek","floor":39.0},{"not_picked":["Steam Power+1","Melter+1"],"picked":"Electrodynamics","floor":40.0},{"not_picked":["Barrage","Stack+1"],"picked":"Coolheaded+1","floor":45.0},{"not_picked":["Rip and Tear","Redo+1"],"picked":"Conserve Battery+1","floor":48.0}],"player_experience":1310063,"relics_obtained":[{"floor":7.0,"key":"Girya"},{"floor":9.0,"key":"The Courier"},{"floor":23.0,"key":"Ice Cream"},{"floor":26.0,"key":"Mercury Hourglass"},{"floor":40.0,"key":"Mummified Hand"},{"floor":41.0,"key":"Boot"},{"floor":43.0,"key":"Strawberry"},{"floor":44.0,"key":"Toxic Egg 2"},{"floor":46.0,"key":"Bottled Tornado"},{"floor":47.0,"key":"Juzu Bracelet"},{"floor":49.0,"key":"Pear"}],"event_choices":[{"damage_healed":0.0,"max_hp_gain":0.0,"max_hp_loss":0.0,"gold_gain":175.0,"event_name":"Liars Game","player_choice":"AGREE","floor":4.0,"gold_loss":0.0,"damage_taken":0.0,"cards_obtained":["Doubt"]},{"damage_healed":0.0,"max_hp_gain":0.0,"max_hp_loss":0.0,"gold_gain":0.0,"event_name":"Accursed Blacksmith","player_choice":"Forge","floor":10.0,"gold_loss":0.0,"damage_taken":0.0,"cards_upgraded":["Darkness"]},{"damage_healed":0.0,"max_hp_gain":0.0,"max_hp_loss":0.0,"gold_gain":0.0,"event_name":"The Mausoleum","player_choice":"Opened","floor":28.0,"gold_loss":0.0,"damage_taken":0.0,"relics_obtained":["Oddly Smooth Stone"],"cards_obtained":["Writhe"]},{"damage_healed":0.0,"max_hp_gain":0.0,"max_hp_loss":0.0,"gold_gain":275.0,"event_name":"Golden Shrine","player_choice":"Desecrate","floor":29.0,"gold_loss":0.0,"damage_taken":0.0,"cards_obtained":["Regret"]},{"cards_removed":["Defend_B"],"damage_healed":0.0,"max_hp_gain":0.0,"max_hp_loss":0.0,"gold_gain":0.0,"event_name":"Purifier","player_choice":"Purged","floor":42.0,"gold_loss":0.0,"damage_taken":0.0}],"is_beta":false,"boss_relics":[{"not_picked":["Runic Dome","FrozenCore"],"picked":"Nuclear Battery"},{"not_picked":["White Beast Statue","Lizard Tail"],"picked":"Philosopher\u0027s Stone"}],"items_purged_floors":[20,30,37],"is_endless":false,"potions_floor_spawned":[1,5,11,13,18,24,35,36,38,45],"ascension_level":0}