{"gold_per_floor":[18,38,38,52,70,70,70,70,116,41,74,74,97,118,118,249,249,267,717,189,214,89,89,124,124,172,172,191,191,216,230,230,356,356,372,222,236,236,61,61,86,129,154,166,0,28,40,88,100,112],"floor_reached":51,"playtime":2874,"items_purged":["Strike_B","Strike_B","Defend_B","Defend_B","Doom and Gloom"],"score":773,"play_id":"d6ccd4cf-31ec-41d2-9b66-479e5c830258","local_time":"20190506165524","is_ascension_mode":false,"campfire_choices":[{"data":"Zap","floor":6.0,"key":"SMITH"},{"data":"Consume","floor":8.0,"key":"SMITH"},{"data":"Capacitor","floor":15.0,"key":"SMITH"},{"data":"Master of Strategy","floor":23.0,"key":"SMITH"},{"data":"Hologram","floor":25.0,"key":"SMITH"},{"data":"Dualcast","floor":27.0,"key":"SMITH"},{"data":"Self Repair","floor":32.0,"key":"SMITH"},{"data":"Rainbow","floor":40.0,"key":"SMITH"},{"data":"Tempest","floor":44.0,"key":"SMITH"},{"data":"Tempest","floor":47.0,"key":"SMITH"},{"data":"Coolheaded","floor":49.0,"key":"SMITH"}],"neow_cost":"NO_GOLD","seed_source_timestamp":3220697318981,"circlet_count":0,"master_deck":["Defend_B","Zap+1","Dualcast+1","Coolheaded+1","Self Repair+1","Capacitor+1","Consume+1","Hologram+1","Electrodynamics","Conserve Battery","Master of Strategy+1","Loop+1","Coolheaded+1","Rainbow+1","Tempest+1","Chaos+1","Tempest+1"],"special_seed":0,"relics":["Cracked Core","Golden Idol","Blood Vial","Oddly Smooth Stone","Symbiotic Virus","Sozu","Bottled Lightning","Art of War","Frozen Egg 2","Omamori","Inserter","Happy Flower","MawBank","Red Mask","Bag of Preparation"],"potions_floor_usage":[],"damage_taken":[{"damage":3.0,"enemies":"Jaw Worm","floor":1.0,"turns":6.0},{"damage":0.0,"enemies":"Small Slimes","floor":2.0,"turns":3.0},{"damage":0.0,"enemies":"Cultist","floor":4.0,"turns":5.0},{"damage":5.0,"enemies":"Blue Slaver","floor":5.0,"turns":5.0},{"damage":14.0,"enemies":"3 Sentries","floor":11.0,"turns":6.0},{"damage":11.0,"enemies":"Lots of Slimes","floor":13.0,"turns":5.0},{"damage":11.0,"enemies":"Exordium Thugs","floor":14.0,"turns":5.0},{"damage":12.0,"enemies":"Hexaghost","floor":16.0,"turns":9.0},{"damage":0.0,"enemies":"2 Thieves","floor":18.0,"turns":2.0},{"damage":4.0,"enemies":"Book of Stabbing","floor":24.0,"turns":6.0},{"damage":0.0,"enemies":"Shell Parasite","floor":28.0,"turns":4.0},{"damage":0.0,"enemies":"Snecko","floor":30.0,"turns":4.0},{"damage":17.0,"enemies":"Snake Plant","floor":31.0,"turns":3.0},{"damage":12.0,"enemies":"Automaton","floor":33.0,"turns":9.0},{"damage":4.0,"enemies":"3 Shapes","floor":35.0,"turns":3.0},{"damage":27.0,"enemies":"3 Darklings","floor":37.0,"turns":3.0},{"damage":3.0,"enemies":"Spire Growth","floor":41.0,"turns":4.0},{"damage":3.0,"enemies":"Reptomancer","floor":42.0,"turns":5.0},{"damage":8.0,"enemies":"Sphere and 2 Shapes","floor":46.0,"turns":3.0},{"damage":0.0,"enemies":"Giant Head","floor":48.0,"turns":18.0},{"damage":16,"enemies":"Donu and Deca","floor":50,"turns":66}],"seed_played":"503196169192837428","potions_obtained":[{"floor":5.0,"key":"EssenceOfSteel"},{"floor":11.0,"key":"SteroidPotion"},{"floor":13.0,"key":"Block Potion"},{"floor":14.0,"key":"Poison Potion"},{"floor":16.0,"key":"AttackPotion"}],"is_trial":false,"path_per_floor":["M","M","?","M","M","R","?","R","T","$","E","$","M","M","R","B",null,"M","?","$","T","$","R","E","R","T","R","M","?","M","M","R","B",null,"M","$","M","?","$","R","M","E","T","R","?","M","R","E","R","B",null],"character_chosen":"DEFECT","items_purchased":["Master of Strategy","Bottled Lightning"],"campfire_rested":0,"item_purchase_floors":[20,20],"current_hp_per_floor":[72,72,54,61,63,63,60,60,60,60,55,55,53,51,51,48,75,75,33,33,33,33,33,38,38,38,38,47,47,56,48,48,48,75,71,71,56,56,56,56,65,74,74,74,74,67,67,75,75,69],"gold":124,"neow_bonus":"REMOVE_TWO","is_prod":false,"is_daily":false,"chose_seed":false,"campfire_upgraded":11,"win_rate":0,"timestamp":1557183324,"path_taken":["M","M","?","M","M","R","?","R","T","$","E","$","?","M","R","BOSS","M","?","$","?","$","R","E","R","T","R","M","?","?","M","R","BOSS","M","$","M","?","$","R","?","E","T","R","?","M","R","E","R","BOSS"],"build_version":"2019-01-23","purchased_purges":5,"victory":true,"max_hp_per_floor":[75,75,75,75,75,75,75,75,75,75,75,75,75,75,75,75,75,75,75,75,75,75,75,75,75,75,75,75,75,75,75,75,75,75,75,75,75,75,75,75,75,75,75,75,75,75,75,75,75,75],"card_choices":[{"not_picked":["Conserve Battery","Sweeping Beam"],"picked":"Coolheaded","floor":1.0},{"not_picked":["FTL","Melter"],"picked":"Self Repair","floor":2.0},{"not_picked":["Sunder","BootSequence"],"picked":"Capacitor","floor":4.0},{"not_picked":["Beam Cell","Streamline"],"picked":"Consume","floor":5.0},{"not_picked":["Stack","Turbo","Go for the Eyes"],"picked":"SKIP","floor":11.0},{"not_picked":["Cold Snap","Gash","Skim"],"picked":"SKIP","floor":13.0},{"not_picked":["Compile Driver","Blizzard"],"picked":"Hologram","floor":14.0},{"not_picked":["Buffer","Seek"],"picked":"Electrodynamics","floor":16.0},{"not_picked":["Skim","Redo"],"picked":"Conserve Battery","floor":18.0},{"not_picked":["BootSequence+1","Aggregate","Chill"],"picked":"SKIP","floor":24.0},{"not_picked":["Stack+1","Recycle"],"picked":"Loop+1","floor":28.0},{"not_picked":["Double Energy","Hologram"],"picked":"Doom and Gloom","floor":30.0},{"not_picked":["Tempest","Gash+1"],"picked":"Coolheaded+1","floor":31.0},{"not_picked":["Meteor Strike","Reboot"],"picked":"Rainbow","floor":33.0},{"not_picked":["Ball Lightning","Leap+1"],"picked":"Tempest","floor":35.0},{"not_picked":["Beam Cell","Undo","Steam"],"picked":"SKIP","floor":37.0},{"not_picked":["Streamline+1","Double Energy+1","Beam Cell"],"picked":"SKIP","floor":41.0},{"not_picked":["Seek","Conserve Battery"],"picked":"Chaos+1","floor":42.0},{"not_picked":["Chaos","Glacier"],"picked":"Tempest","floor":46.0},{"not_picked":["Reprogram+1","Steam Power","Go for the Eyes"],"picked":"SKIP","floor":48.0}],"player_experience":1370933,"relics_obtained":[{"floor":9.0,"key":"Oddly Smooth Stone"},{"floor":11.0,"key":"Symbiotic Virus"},{"floor":21.0,"key":"Art of War"},{"floor":24.0,"key":"Frozen Egg 2"},{"floor":26.0,"key":"Omamori"},{"floor":42.0,"key":"Happy Flower"},{"floor":43.0,"key":"MawBank"},{"floor":48.0,"key":"Bag of Preparation"}],"event_choices":[{"damage_healed":0.0,"max_hp_gain":0.0,"max_hp_loss":0.0,"gold_gain":0.0,"event_name":"Golden Idol","player_choice":"Take Damage","floor":3.0,"gold_loss":0.0,"damage_taken":18.0,"relics_obtained":["Golden Idol"]},{"damage_healed":0.0,"max_hp_gain":0.0,"max_hp_loss":0.0,"gold_gain":0.0,"event_name":"Scrap Ooze","player_choice":"Success","floor":7.0,"gold_loss":0.0,"damage_taken":3.0,"relics_obtained":["Blood Vial"]},{"damage_healed":0.0,"max_hp_gain":0.0,"max_hp_loss":0.0,"gold_gain":450.0,"event_name":"Knowing Skull","player_choice":"GOLD GOLD GOLD GOLD GOLD ","floor":19.0,"potions_obtained":[],"gold_loss":0.0,"damage_taken":42.0,"cards_obtained":[]},{"cards_removed":["Strike_B"],"damage_healed":0.0,"max_hp_gain":0.0,"max_hp_loss":0.0,"gold_gain":0.0,"event_name":"Bonfire Elementals","player_choice":"Offered Basic","floor":29.0,"gold_loss":0.0,"damage_taken":0.0},{"damage_healed":0.0,"max_hp_gain":0.0,"max_hp_loss":0.0,"gold_gain":0.0,"event_name":"The Woman in Blue","player_choice":"Bought 0 Potions","floor":38.0,"gold_loss":0.0,"damage_taken":0.0},{"damage_healed":0.0,"max_hp_gain":0.0,"max_hp_loss":0.0,"gold_gain":0.0,"event_name":"Tomb of Lord Red Mask","player_choice":"Paid","floor":45.0,"gold_loss":178.0,"damage_taken":0.0,"relics_obtained":["Red Mask"]}],"is_beta":false,"boss_relics":[{"not_picked":["Orrery","Pandora\u0027s Box"],"picked":"Sozu"},{"not_picked":["Runic Pyramid","Empty Cage"],"picked":"Inserter"}],"items_purged_floors":[10,20,22,36,39],"is_endless":false,"potions_floor_spawned":[5,11,13,14,16,24,28,33,37,42,46],"ascension_level":0}