{"gold_per_floor":[114,114,127,139,157,157,157,182,228,242,267,267,94,107,107,205,205,216,216,216,316,301,301,311,75,75,75,95,114,131,131],"floor_reached":31,"playtime":1930,"items_purged":["Strike_B"],"score":251,"play_id":"c5ae4f4d-cc10-47a0-baeb-b3d9e383f545","local_time":"20190117010846","is_ascension_mode":true,"campfire_choices":[{"data":"Rainbow","floor":6,"key":"SMITH"},{"data":"Lockon","floor":12,"key":"SMITH"},{"data":"Defragment","floor":15,"key":"SMITH"},{"data":"Rainbow","floor":23,"key":"SMITH"}],"neow_cost":"NONE","seed_source_timestamp":586584873407170,"circlet_count":0,"master_deck":["Strike_B","Strike_B","Defend_B","Defend_B","Defend_B","Defend_B","Zap","Dualcast","Rainbow+1","Lockon+1","Cold Snap","Gash","Conserve Battery","Multi-Cast","Leap","Defragment+1","All For One","Rainbow+1","Streamline+1","Defragment","Defragment+1","Redo","Barrage","Self Repair","Biased Cognition","Consume","Turbo+1","Chaos+1"],"relics":["Cracked Core","The Courier","Cables","Strawberry","Odd Mushroom","Inserter","Turnip"],"potions_floor_usage":[30,31],"damage_taken":[{"damage":0,"enemies":"Cultist","floor":1,"turns":4},{"damage":11,"enemies":"Jaw Worm","floor":3,"turns":2},{"damage":0,"enemies":"Small Slimes","floor":4,"turns":2},{"damage":12,"enemies":"Exordium Thugs","floor":5,"turns":5},{"damage":19,"enemies":"Lagavulin","floor":8,"turns":7},{"damage":3,"enemies":"Looter","floor":10,"turns":3},{"damage":2,"enemies":"The Mushroom Lair","floor":11,"turns":3},{"damage":0,"enemies":"2 Fungi Beasts","floor":14,"turns":2},{"damage":18,"enemies":"The Guardian","floor":16,"turns":7},{"damage":9,"enemies":"Shell Parasite","floor":18,"turns":6},{"damage":29,"enemies":"2 Thieves","floor":22,"turns":4},{"damage":7,"enemies":"Snecko","floor":24,"turns":7},{"damage":13,"enemies":"Centurion and Healer","floor":28,"turns":7},{"damage":18,"enemies":"3 Cultists","floor":29,"turns":6},{"damage":23,"enemies":"Sentry and Sphere","floor":30,"turns":6},{"damage":11,"enemies":"Snake Plant","floor":31,"turns":2}],"seed_played":"6707917140713763131","potions_obtained":[{"floor":3,"key":"Dexterity Potion"},{"floor":8,"key":"Explosive Potion"},{"floor":10,"key":"Block Potion"},{"floor":30,"key":"SpeedPotion"}],"is_trial":false,"path_per_floor":["M","?","M","M","M","R","T","E","T","M","?","R","$","M","R","B",null,"M","?","?","?","M","R","M","$","T","$","M","M","M","M"],"character_chosen":"DEFECT","items_purchased":["Defragment","All For One","Redo","Barrage","Self Repair","Biased Cognition"],"campfire_rested":0,"item_purchase_floors":[13,13,25,25,25,25],"current_hp_per_floor":[75,80,69,69,57,57,57,38,45,42,40,40,40,40,40,22,87,78,78,78,78,49,49,42,42,42,42,36,25,9,0],"gold":131,"neow_bonus":"ONE_RANDOM_RARE_CARD","is_prod":false,"is_daily":false,"chose_seed":false,"campfire_upgraded":4,"win_rate":0,"timestamp":1547708926,"path_taken":["M","?","M","M","M","R","?","E","T","?","?","R","?","M","R","BOSS","M","?","?","?","?","R","M","$","T","$","M","M","M","M"],"build_version":"2019-01-10","purchased_purges":1,"victory":false,"max_hp_per_floor":[75,80,80,80,80,80,80,80,87,87,87,87,87,87,87,87,87,87,87,87,87,87,87,87,87,87,87,87,87,87,87],"card_choices":[{"not_picked":["Leap","Sweeping Beam"],"picked":"Lockon","floor":1},{"not_picked":["Sunder","Chill"],"picked":"Cold Snap","floor":3},{"not_picked":["Recycle","Beam Cell"],"picked":"Gash","floor":4},{"not_picked":["Force Field","Storm"],"picked":"Conserve Battery","floor":5},{"not_picked":["Stack","Rip and Tear"],"picked":"Multi-Cast","floor":8},{"not_picked":["Turbo","Sweeping Beam","Stack"],"picked":"SKIP","floor":10},{"not_picked":["Reprogram","Storm"],"picked":"Leap","floor":11},{"not_picked":["Lockon","Melter","Barrage"],"picked":"SKIP","floor":14},{"not_picked":["Electrodynamics","Fission"],"picked":"Rainbow","floor":16},{"not_picked":["Aggregate+1","Rebound"],"picked":"Streamline+1","floor":18},{"not_picked":["Steam","Rebound+1","Leap"],"picked":"SKIP","floor":22},{"not_picked":["Barrage","Steam+1"],"picked":"Defragment+1","floor":24},{"not_picked":["Go for the Eyes","Sunder"],"picked":"Consume","floor":28},{"not_picked":["Streamline","Recycle"],"picked":"Turbo+1","floor":29},{"not_picked":["Genetic Algorithm+1","Double Energy"],"picked":"Chaos+1","floor":30}],"player_experience":220594,"relics_obtained":[{"floor":7,"key":"The Courier"},{"floor":8,"key":"Cables"},{"floor":9,"key":"Strawberry"},{"floor":11,"key":"Odd Mushroom"},{"floor":26,"key":"Turnip"}],"event_choices":[{"damage_healed":0,"gold_gain":0,"player_choice":"Donut","damage_taken":0,"max_hp_gain":5,"max_hp_loss":0,"event_name":"Big Fish","floor":2,"gold_loss":0},{"damage_healed":0,"gold_gain":0,"player_choice":"Fought Mushrooms","damage_taken":0,"max_hp_gain":0,"max_hp_loss":0,"event_name":"Mushrooms","floor":11,"gold_loss":0},{"damage_healed":0,"gold_gain":0,"player_choice":"Read","damage_taken":0,"max_hp_gain":0,"max_hp_loss":0,"event_name":"The Library","floor":19,"gold_loss":0,"cards_obtained":["Defragment"]},{"cards_removed":["Strike_B"],"damage_healed":0,"gold_gain":0,"player_choice":"Elegance","damage_taken":0,"max_hp_gain":0,"max_hp_loss":0,"event_name":"Back to Basics","floor":20,"gold_loss":0},{"damage_healed":0,"gold_gain":100,"player_choice":"Pray","damage_taken":0,"max_hp_gain":0,"max_hp_loss":0,"event_name":"Golden Shrine","floor":21,"gold_loss":0}],"is_beta":false,"boss_relics":[{"not_picked":["Nuclear Battery","Runic Pyramid"],"picked":"Inserter"}],"items_purged_floors":[13],"is_endless":false,"potions_floor_spawned":[3,8,10,18,28,30],"killed_by":"Snake Plant","ascension_level":1}