{"gold_per_floor":[110,124,137,156,167,199,217,217,217,14,28,28,46,59,59,162,162,177,177,50,64,78,108,122,122,122,137,156,156,170,183,183,183],"floor_reached":33,"playtime":3411,"items_purged":[],"score":304,"play_id":"2358f438-c354-4005-8bb6-68618a93c709","local_time":"20190430234245","is_ascension_mode":false,"campfire_choices":[{"floor":8,"key":"REST"},{"data":"Armaments","floor":15,"key":"SMITH"},{"floor":25,"key":"REST"},{"floor":29,"key":"REST"},{"floor":32,"key":"REST"}],"neow_cost":"NONE","seed_source_timestamp":189671236056809,"circlet_count":0,"master_deck":["Strike_R","Strike_R","Strike_R","Strike_R","Strike_R","Defend_R","Defend_R","Defend_R","Defend_R","Bash","Infernal Blade","Armaments+1","Sword Boomerang","Shrug It Off","Carnage","Headbutt","Whirlwind","Flex","Flex","Dual Wield","Anger","Iron Wave","Juggernaut","Clash","Entrench","Trip","Fire Breathing+1","Pommel Strike","Intimidate","Headbutt","Dropkick","Metallicize+1","Flex","Anger","Reckless Charge","Whirlwind","Ghostly Armor"],"relics":["Burning Blood","Dream Catcher","Bottled Flame","Bag of Marbles","Philosopher\u0027s Stone","Pen Nib","Mummified Hand","Anchor"],"potions_floor_usage":[6,14,16,16,16,23,33,33],"damage_taken":[{"damage":6,"enemies":"Cultist","floor":1,"turns":3},{"damage":11,"enemies":"Small Slimes","floor":2,"turns":3},{"damage":0,"enemies":"2 Louse","floor":3,"turns":2},{"damage":10,"enemies":"Looter","floor":4,"turns":3},{"damage":21,"enemies":"Large Slime","floor":5,"turns":7},{"damage":39,"enemies":"Lagavulin","floor":6,"turns":9},{"damage":5,"enemies":"Exordium Wildlife","floor":7,"turns":5},{"damage":8,"enemies":"Lots of Slimes","floor":11,"turns":4},{"damage":3,"enemies":"Large Slime","floor":13,"turns":4},{"damage":5,"enemies":"Exordium Thugs","floor":14,"turns":4},{"damage":57,"enemies":"The Guardian","floor":16,"turns":10},{"damage":19,"enemies":"Spheric Guardian","floor":18,"turns":5},{"damage":7,"enemies":"Chosen","floor":21,"turns":3},{"damage":15,"enemies":"Snake Plant","floor":22,"turns":3},{"damage":48,"enemies":"Book of Stabbing","floor":23,"turns":5},{"damage":18,"enemies":"Centurion and Healer","floor":24,"turns":4},{"damage":4,"enemies":"Snecko","floor":27,"turns":3},{"damage":21,"enemies":"3 Cultists","floor":28,"turns":4},{"damage":28,"enemies":"Snake Plant","floor":30,"turns":3},{"damage":0,"enemies":"Sentry and Sphere","floor":31,"turns":1},{"damage":88,"enemies":"Automaton","floor":33,"turns":8}],"seed_played":"232248774722885432","potions_obtained":[{"floor":1,"key":"Weak Potion"},{"floor":4,"key":"Block Potion"},{"floor":6,"key":"Dexterity Potion"},{"floor":7,"key":"SpeedPotion"},{"floor":11,"key":"BloodPotion"},{"floor":14,"key":"Strength Potion"},{"floor":16,"key":"BloodPotion"},{"floor":21,"key":"GamblersBrew"},{"floor":28,"key":"SkillPotion"},{"floor":30,"key":"BloodPotion"}],"is_trial":false,"path_per_floor":["M","M","M","M","M","E","M","R","T","$","M","$","M","M","R","B",null,"M","?","$","M","M","E","M","R","T","M","M","R","M","M","R","B"],"character_chosen":"IRONCLAD","items_purchased":["Bag of Marbles","Flex","Entrench","Trip"],"campfire_rested":4,"item_purchase_floors":[10,10,20,20],"current_hp_per_floor":[88,83,88,84,69,36,37,63,63,63,61,61,64,73,73,22,88,75,75,75,74,65,31,19,45,45,47,32,58,36,42,68,0],"gold":183,"neow_bonus":"TEN_PERCENT_HP_BONUS","is_prod":false,"is_daily":false,"chose_seed":false,"campfire_upgraded":1,"win_rate":0,"timestamp":1556692965,"path_taken":["M","?","M","M","M","E","M","R","T","$","M","?","M","M","R","BOSS","M","?","$","M","M","E","M","R","T","M","M","R","M","M","R","BOSS"],"build_version":"2019-01-23","purchased_purges":0,"victory":false,"max_hp_per_floor":[88,88,88,88,88,88,88,88,88,88,88,88,88,88,88,88,88,88,88,88,88,88,88,88,88,88,88,88,88,88,88,88,88],"card_choices":[{"not_picked":["Ghostly Armor","Sword Boomerang"],"picked":"Infernal Blade","floor":1},{"not_picked":["Shockwave","Body Slam"],"picked":"Armaments","floor":2},{"not_picked":["Heavy Blade","Burning Pact"],"picked":"Sword Boomerang","floor":3},{"not_picked":["Iron Wave","Heavy Blade"],"picked":"Shrug It Off","floor":4},{"not_picked":["Twin Strike","Demon Form"],"picked":"Carnage","floor":5},{"not_picked":["Heavy Blade","Fiend Fire"],"picked":"Headbutt","floor":6},{"not_picked":["Clothesline","Sword Boomerang"],"picked":"Whirlwind","floor":7},{"not_picked":["Cleave","Armaments"],"picked":"Flex","floor":8},{"not_picked":["Body Slam","Pommel Strike"],"picked":"Dual Wield","floor":11},{"not_picked":["Berserk","Thunderclap"],"picked":"Anger","floor":13},{"not_picked":["Shockwave","Cleave"],"picked":"Iron Wave","floor":14},{"not_picked":["Feed","Reaper"],"picked":"Juggernaut","floor":16},{"not_picked":["Battle Trance","Perfected Strike"],"picked":"Clash","floor":18},{"not_picked":["Headbutt","Ghostly Armor"],"picked":"Fire Breathing+1","floor":21},{"not_picked":["Heavy Blade","Thunderclap"],"picked":"Pommel Strike","floor":22},{"not_picked":["Clothesline","Flex"],"picked":"Intimidate","floor":23},{"not_picked":["Carnage","Sever Soul"],"picked":"Headbutt","floor":24},{"not_picked":["Heavy Blade","True Grit"],"picked":"Dropkick","floor":25},{"not_picked":["Hemokinesis","Cleave"],"picked":"Metallicize+1","floor":27},{"not_picked":["Disarm","Sword Boomerang"],"picked":"Flex","floor":28},{"not_picked":["Clothesline","Feed"],"picked":"Anger","floor":29},{"not_picked":["Metallicize","Cleave"],"picked":"Reckless Charge","floor":30},{"not_picked":["Flex","Bloodletting"],"picked":"Whirlwind","floor":31},{"not_picked":["True Grit","Warcry"],"picked":"Ghostly Armor","floor":32}],"player_experience":76370,"relics_obtained":[{"floor":6,"key":"Dream Catcher"},{"floor":9,"key":"Bottled Flame"},{"floor":23,"key":"Mummified Hand"},{"floor":26,"key":"Anchor"}],"event_choices":[{"damage_healed":0,"gold_gain":0,"player_choice":"Opened","damage_taken":0,"relics_obtained":["Pen Nib"],"max_hp_gain":0,"max_hp_loss":0,"event_name":"The Mausoleum","floor":19,"gold_loss":0}],"is_beta":false,"boss_relics":[{"not_picked":["Astrolabe","Empty Cage"],"picked":"Philosopher\u0027s Stone"}],"items_purged_floors":[],"is_endless":false,"potions_floor_spawned":[1,4,6,7,11,14,16,21,28,30],"killed_by":"Automaton","ascension_level":0}