{"gold_per_floor":[111,25,100,113,125,125,154,154,154,154,154,164,129,129,129,129],"floor_reached":16,"playtime":405,"items_purged":[],"score":181,"play_id":"4b4b143b-f398-4e1a-be55-5fb8ff6c3f0b","local_time":"20190502220359","is_ascension_mode":true,"campfire_choices":[{"data":"Acrobatics","floor":6,"key":"SMITH"},{"floor":8,"key":"REST"},{"data":"A Thousand Cuts","floor":15,"key":"SMITH"}],"neow_cost":"NONE","seed_source_timestamp":1818917791418889,"circlet_count":0,"master_deck":["AscendersBane","Defend_G","Defend_G","Defend_G","Defend_G","Defend_G","Strike_G","Strike_G","Strike_G","Strike_G","Strike_G","Survivor","Neutralize","Acrobatics+1","Footwork","Flying Knee","A Thousand Cuts+1","Choke+1"],"relics":["Runic Dome","Molten Egg 2","Anchor","Darkstone Periapt"],"potions_floor_usage":[],"damage_taken":[{"damage":0,"enemies":"Small Slimes","floor":1,"turns":4},{"damage":3,"enemies":"Jaw Worm","floor":4,"turns":8},{"damage":1,"enemies":"2 Louse","floor":5,"turns":4},{"damage":39,"enemies":"Gremlin Nob","floor":7,"turns":6},{"damage":15,"enemies":"Large Slime","floor":12,"turns":6},{"damage":56,"enemies":"Slime Boss","floor":16,"turns":6}],"seed_played":"-6670883126559945964","potions_obtained":[{"floor":4,"key":"LiquidBronze"},{"floor":7,"key":"Strength Potion"}],"is_trial":false,"path_per_floor":["M","$","?","M","M","R","E","R","T","?","T","M","?","?","R","B"],"character_chosen":"THE_SILENT","items_purchased":["Footwork"],"campfire_rested":1,"item_purchase_floors":[2],"current_hp_per_floor":[59,59,48,45,44,44,5,24,24,24,24,9,25,47,47,0],"gold":129,"neow_bonus":"BOSS_RELIC","is_prod":false,"is_daily":false,"chose_seed":false,"campfire_upgraded":2,"win_rate":0,"timestamp":1556802239,"path_taken":["M","$","?","M","M","R","E","R","T","?","?","M","?","?","R","BOSS"],"build_version":"2019-01-23","purchased_purges":0,"victory":false,"max_hp_per_floor":[66,66,66,66,66,66,66,66,66,66,66,66,66,66,66,66],"card_choices":[{"not_picked":["Dagger Spray","Quick Slash"],"picked":"Acrobatics","floor":1},{"not_picked":["Bane","Sucker Punch"],"picked":"Flying Knee","floor":4},{"not_picked":["Accuracy","Sucker Punch","Concentrate"],"picked":"SKIP","floor":5},{"not_picked":["Poisoned Stab","Finisher"],"picked":"A Thousand Cuts","floor":7},{"not_picked":["All Out Attack+1","Accuracy"],"picked":"Choke+1","floor":12}],"player_experience":737346,"relics_obtained":[{"floor":7,"key":"Molten Egg 2"},{"floor":9,"key":"Anchor"},{"floor":11,"key":"Darkstone Periapt"}],"event_choices":[{"damage_healed":0,"gold_gain":75,"player_choice":"Gather Gold","damage_taken":11,"max_hp_gain":0,"max_hp_loss":0,"event_name":"World of Goop","floor":3,"gold_loss":0},{"damage_healed":0,"gold_gain":0,"player_choice":"Ignored","damage_taken":0,"max_hp_gain":0,"max_hp_loss":0,"event_name":"Liars Game","floor":10,"gold_loss":0},{"damage_healed":16,"gold_gain":0,"player_choice":"Healed","damage_taken":0,"max_hp_gain":0,"max_hp_loss":0,"event_name":"The Cleric","floor":13,"gold_loss":35},{"damage_healed":22,"gold_gain":0,"player_choice":"Banana","damage_taken":0,"max_hp_gain":0,"max_hp_loss":0,"event_name":"Big Fish","floor":14,"gold_loss":0}],"is_beta":false,"boss_relics":[],"items_purged_floors":[],"is_endless":false,"potions_floor_spawned":[4,7],"killed_by":"Slime Boss","ascension_level":17}