{"gold_per_floor":[15,15,29,29,29,29,29,29,29,48,62,91,91,111,111,210,210,227,142,156,256,271,271,281,281,308,308,327,95,107,124,124,225,225,240,294,194,194,194,194,226,242,242,117,117,117,117,135,135,135],"floor_reached":51,"playtime":1107,"items_purged":["Strike_R","Defend_R","Defend_R"],"score":700,"play_id":"bc8acb30-4933-4999-bbd1-fac39e493013","local_time":"20190424040444","is_ascension_mode":false,"campfire_choices":[{"data":"Bash","floor":6.0,"key":"SMITH"},{"data":"Spot Weakness","floor":8.0,"key":"SMITH"},{"data":"Clash","floor":13.0,"key":"SMITH"},{"data":"Heavy Blade","floor":15.0,"key":"SMITH"},{"floor":23.0,"key":"REST"},{"floor":25.0,"key":"REST"},{"floor":32.0,"key":"REST"},{"floor":40,"key":"REST"},{"floor":45,"key":"REST"},{"floor":49,"key":"REST"}],"neow_cost":"NO_GOLD","seed_source_timestamp":109787252718505,"circlet_count":0,"master_deck":["Strike_R","Strike_R","Strike_R","Strike_R","Defend_R+1","Defend_R+1","Bash+1","Inflame+1","Spot Weakness+1","Sword Boomerang","Clash+1","Heavy Blade+1","Battle Trance+1","Clash","Limit Break","Sword Boomerang+1","Discovery","Pummel+1"],"special_seed":0,"relics":["Burning Blood","Turnip","Self Forming Clay","Potion Belt","Vajra","Fusion Hammer","Ornamental Fan","Incense Burner","Mummified Hand","Boot","War Paint","Velvet Choker","Thread and Needle","Omamori","Letter Opener"],"potions_floor_usage":[50,50,50,50,50],"damage_taken":[{"damage":6.0,"enemies":"Cultist","floor":1.0,"turns":3.0},{"damage":1.0,"enemies":"Jaw Worm","floor":3.0,"turns":6.0},{"damage":2.0,"enemies":"2 Louse","floor":10.0,"turns":4.0},{"damage":10.0,"enemies":"Exordium Wildlife","floor":11.0,"turns":5.0},{"damage":6.0,"enemies":"Lagavulin","floor":12.0,"turns":3.0},{"damage":10.0,"enemies":"3 Louse","floor":14.0,"turns":3.0},{"damage":50.0,"enemies":"Slime Boss","floor":16.0,"turns":10.0},{"damage":0.0,"enemies":"Spheric Guardian","floor":18.0,"turns":3.0},{"damage":1.0,"enemies":"3 Byrds","floor":20.0,"turns":3.0},{"damage":18.0,"enemies":"Colosseum Slavers","floor":21.0,"turns":4.0},{"damage":18.0,"enemies":"Colosseum Nobs","floor":21.0,"turns":4.0},{"damage":0.0,"enemies":"Cultist and Chosen","floor":22.0,"turns":3.0},{"damage":12.0,"enemies":"3 Cultists","floor":24.0,"turns":4.0},{"damage":5.0,"enemies":"Snecko","floor":28.0,"turns":3.0},{"damage":0.0,"enemies":"Snake Plant","floor":30.0,"turns":3.0},{"damage":7.0,"enemies":"Shelled Parasite and Fungi","floor":31.0,"turns":3.0},{"damage":44.0,"enemies":"Automaton","floor":33.0,"turns":9.0},{"damage":6,"enemies":"Orb Walker","floor":35,"turns":3},{"damage":11,"enemies":"2 Orb Walkers","floor":36,"turns":3},{"damage":23,"enemies":"Nemesis","floor":41,"turns":5},{"damage":2,"enemies":"3 Shapes","floor":42,"turns":3},{"damage":13,"enemies":"3 Darklings","floor":48,"turns":2},{"damage":28,"enemies":"Awakened One","floor":50,"turns":6}],"seed_played":"-2310836501782852396","potions_obtained":[{"floor":11.0,"key":"SkillPotion"},{"floor":14.0,"key":"Poison Potion"},{"floor":20.0,"key":"Ancient Potion"},{"floor":22.0,"key":"LiquidBronze"},{"floor":33.0,"key":"EssenceOfSteel"},{"floor":36,"key":"Strength Potion"},{"floor":48,"key":"EssenceOfSteel"}],"is_trial":false,"path_per_floor":["M","?","M","$","?","R","?","R","T","M","M","E","R","M","R","B",null,"M","?","M","?","M","R","M","R","T","?","M","$","M","M","R","B",null,"M","?","$","?","?","R","E","M","T","$","R","$","?","M","R","B",null],"character_chosen":"IRONCLAD","items_purchased":["War Paint"],"campfire_rested":6,"item_purchase_floors":[29],"current_hp_per_floor":[80,80,80,80,80,80,73,73,73,77,73,73,73,69,69,25,80,80,80,80,56,62,80,74,80,80,80,80,80,80,79,80,42,80,80,75,75,75,75,80,63,67,67,67,80,80,80,73,80,58],"gold":135,"neow_bonus":"ONE_RARE_RELIC","is_prod":false,"is_daily":false,"chose_seed":false,"campfire_upgraded":4,"win_rate":0,"timestamp":1556100284,"path_taken":["M","?","M","$","?","R","?","R","T","M","M","E","R","M","R","BOSS","M","?","M","?","M","R","M","R","T","?","M","$","M","M","R","BOSS","M","?","$","?","?","R","E","M","T","$","R","$","?","M","R","BOSS"],"build_version":"2019-01-23","purchased_purges":3,"victory":true,"max_hp_per_floor":[80,80,80,80,80,80,80,80,80,80,80,80,80,80,80,80,80,80,80,80,80,80,80,80,80,80,80,80,80,80,80,80,80,80,80,80,80,80,80,80,80,80,80,80,80,80,80,80,80,80],"card_choices":[{"not_picked":["Havoc","Sword Boomerang"],"picked":"Inflame","floor":1.0},{"not_picked":["True Grit","Fire Breathing"],"picked":"Spot Weakness","floor":3.0},{"not_picked":["Wild Strike","Clash"],"picked":"Sword Boomerang","floor":10.0},{"not_picked":["Demon Form","Havoc"],"picked":"Clash","floor":11.0},{"not_picked":["True Grit","Thunderclap","Fire Breathing"],"picked":"SKIP","floor":12.0},{"not_picked":["Cleave","Corruption"],"picked":"Heavy Blade","floor":14.0},{"not_picked":["Wild Strike+1","Flame Barrier","Armaments"],"picked":"SKIP","floor":18.0},{"not_picked":["Bloodletting","Clothesline"],"picked":"Battle Trance+1","floor":20.0},{"not_picked":["Sword Boomerang","Perfected Strike","Rampage"],"picked":"SKIP","floor":22.0},{"not_picked":["Sword Boomerang","Perfected Strike","Rampage"],"picked":"SKIP","floor":22.0},{"not_picked":["Cleave+1","Uppercut"],"picked":"Clash","floor":24.0},{"not_picked":["Wild Strike+1","Demon Form","Uppercut"],"picked":"SKIP","floor":28.0},{"not_picked":["Power Through","Shrug It Off+1"],"picked":"Shockwave+1","floor":30.0},{"not_picked":["Anger+1","Seeing Red","Thunderclap"],"picked":"SKIP","floor":31.0},{"not_picked":["Brutality","Demon Form"],"picked":"Limit Break","floor":33.0},{"not_picked":["Sword Boomerang+1","Feel No Pain","Cleave+1"],"picked":"SKIP","floor":35},{"not_picked":["Feel No Pain","Cleave+1"],"picked":"Sword Boomerang+1","floor":35},{"not_picked":["Impatience","Good Instincts"],"picked":"Discovery","floor":39},{"not_picked":["Offering","Reaper","Sentinel"],"picked":"SKIP","floor":41},{"not_picked":["Sentinel","Thunderclap+1","Seeing Red"],"picked":"SKIP","floor":42},{"not_picked":["Sever Soul","Warcry"],"picked":"Pummel+1","floor":48}],"player_experience":1297994,"relics_obtained":[{"floor":9.0,"key":"Potion Belt"},{"floor":12.0,"key":"Vajra"},{"floor":21.0,"key":"Incense Burner"},{"floor":21.0,"key":"Mummified Hand"},{"floor":26.0,"key":"Boot"},{"floor":36,"key":"Thread and Needle"},{"floor":41,"key":"Omamori"},{"floor":43,"key":"Letter Opener"}],"event_choices":[{"damage_healed":0.0,"max_hp_gain":0.0,"max_hp_loss":0.0,"gold_gain":0.0,"event_name":"The Cleric","player_choice":"Leave","floor":2.0,"gold_loss":0.0,"damage_taken":0.0},{"damage_healed":0.0,"max_hp_gain":0.0,"max_hp_loss":0.0,"gold_gain":0.0,"event_name":"Living Wall","player_choice":"Grow","floor":5.0,"gold_loss":0.0,"damage_taken":0.0,"cards_upgraded":["Inflame"]},{"damage_healed":0.0,"max_hp_gain":0.0,"max_hp_loss":0.0,"gold_gain":0.0,"event_name":"Scrap Ooze","player_choice":"Success","floor":7.0,"gold_loss":0.0,"damage_taken":7.0,"relics_obtained":["Self Forming Clay"]},{"damage_healed":0.0,"max_hp_gain":0.0,"max_hp_loss":0.0,"gold_gain":0.0,"event_name":"Addict","player_choice":"Obtained Relic","floor":19.0,"gold_loss":85.0,"damage_taken":0.0,"relics_obtained":["Ornamental Fan"]},{"damage_healed":0.0,"max_hp_gain":0.0,"max_hp_loss":0.0,"gold_gain":0.0,"event_name":"Colosseum","player_choice":"Fight","floor":21.0,"gold_loss":0.0,"damage_taken":0.0},{"damage_healed":0.0,"max_hp_gain":0.0,"max_hp_loss":0.0,"gold_gain":0.0,"event_name":"Colosseum","player_choice":"Fought Nobs","floor":21.0,"gold_loss":0.0,"damage_taken":0.0},{"damage_healed":0.0,"max_hp_gain":0.0,"max_hp_loss":0.0,"gold_gain":0.0,"event_name":"Vampires","player_choice":"Ignored","floor":27.0,"gold_loss":0.0,"damage_taken":0.0},{"damage_healed":0,"gold_gain":0,"player_choice":"Fight","damage_taken":0,"max_hp_gain":0,"max_hp_loss":0,"event_name":"Mysterious Sphere","floor":36,"gold_loss":0},{"damage_healed":0,"gold_gain":0,"player_choice":"Ignored","damage_taken":0,"max_hp_gain":0,"max_hp_loss":0,"event_name":"Tomb of Lord Red Mask","floor":38,"gold_loss":0},{"damage_healed":0,"gold_gain":0,"player_choice":"Memory 1","damage_taken":0,"max_hp_gain":0,"max_hp_loss":0,"event_name":"SensoryStone","floor":39,"gold_loss":0},{"cards_removed":["Shockwave"],"damage_healed":0,"gold_gain":0,"player_choice":"Removed Skill","damage_taken":0,"max_hp_gain":0,"max_hp_loss":0,"event_name":"Falling","floor":47,"gold_loss":0}],"is_beta":false,"boss_relics":[{"not_picked":["Runic Dome","Empty Cage"],"picked":"Fusion Hammer"},{"not_picked":["Black Blood","Astrolabe"],"picked":"Velvet Choker"}],"items_purged_floors":[29,37,44],"is_endless":false,"potions_floor_spawned":[11,14,20,21,22,33,36,48],"ascension_level":0}