{"gold_per_floor":[109,184,200,200,212,212,246,18,18,18,29,29,42,59,59,156,206,223,122,222,49,0,20,34,34,34,34,45,65,65,65,65,65],"floor_reached":33,"playtime":1947,"items_purged":["Strike_G","Footwork"],"score":297,"play_id":"15d46e62-3f54-4021-ad9b-f7be694960b4","local_time":"20190219002602","is_ascension_mode":true,"campfire_choices":[{"data":"Quick Slash","floor":6,"key":"SMITH"},{"floor":10,"key":"REST"},{"data":"Accuracy","floor":12,"key":"SMITH"},{"floor":15,"key":"REST"},{"data":"Accuracy","floor":25,"key":"SMITH"},{"data":"Blade Dance","floor":27,"key":"SMITH"},{"floor":32,"key":"REST"}],"neow_cost":"NONE","seed_source_timestamp":16320102628449,"circlet_count":0,"master_deck":["Defend_G","Defend_G","Defend_G","Defend_G","Defend_G","Survivor","Neutralize","Leg Sweep+1","Sucker Punch","Blade Dance+1","Dagger Throw","Neutralize","Quick Slash+1","Infinite Blades","Accuracy+1","Blade Dance","A Thousand Cuts","Dodge and Roll+1","Backflip","Accuracy+1","Bite","Bite","Bite","Bite","Bite"],"relics":["Ring of the Snake","Ice Cream","Vajra","Paper Crane","Tiny House","Bottled Lightning"],"potions_floor_usage":[7,29,33],"damage_taken":[{"damage":4,"enemies":"Jaw Worm","floor":1,"turns":5},{"damage":1,"enemies":"2 Louse","floor":3,"turns":3},{"damage":0,"enemies":"Cultist","floor":5,"turns":3},{"damage":18,"enemies":"Gremlin Nob","floor":7,"turns":4},{"damage":19,"enemies":"Exordium Thugs","floor":11,"turns":6},{"damage":0,"enemies":"3 Louse","floor":13,"turns":4},{"damage":0,"enemies":"Blue Slaver","floor":14,"turns":3},{"damage":21,"enemies":"Hexaghost","floor":16,"turns":9},{"damage":31,"enemies":"Spheric Guardian","floor":18,"turns":6},{"damage":0,"enemies":"Chosen","floor":23,"turns":4},{"damage":12,"enemies":"Snake Plant","floor":24,"turns":6},{"damage":17,"enemies":"Snecko","floor":28,"turns":4},{"damage":13,"enemies":"Centurion and Healer","floor":29,"turns":5},{"damage":38,"enemies":"Collector","floor":33,"turns":3}],"seed_played":"1132856720643809821","potions_obtained":[{"floor":5,"key":"SteroidPotion"},{"floor":11,"key":"Strength Potion"},{"floor":16,"key":"EssenceOfSteel"},{"floor":17,"key":"Regen Potion"},{"floor":28,"key":"Swift Potion"}],"is_trial":false,"path_per_floor":["M","?","M","?","M","R","E","$","T","R","M","R","M","M","R","B",null,"M","$","?","$","?","M","M","R","T","R","M","M","?","?","R","B"],"character_chosen":"THE_SILENT","items_purchased":["Accuracy","Vajra","Backflip","Footwork"],"campfire_rested":3,"item_purchase_floors":[8,8,19,21],"current_hp_per_floor":[66,55,54,54,54,54,36,36,36,57,38,38,38,38,59,38,75,44,44,44,44,44,44,32,32,32,32,15,14,14,14,29,0],"gold":65,"neow_bonus":"THREE_CARDS","is_prod":false,"is_daily":false,"chose_seed":false,"campfire_upgraded":4,"win_rate":0,"timestamp":1550557562,"path_taken":["M","?","M","?","?","R","E","?","T","R","M","R","M","M","R","BOSS","M","$","?","?","?","M","M","R","T","R","M","M","?","?","R","BOSS"],"build_version":"2019-01-23","purchased_purges":2,"victory":false,"max_hp_per_floor":[70,70,70,70,70,70,70,70,70,70,70,70,70,70,70,70,75,75,75,75,75,75,75,75,75,75,75,75,75,75,52,52,52],"card_choices":[{"not_picked":["Quick Slash","PiercingWail"],"picked":"Leg Sweep","floor":0},{"not_picked":["Endless Agony","Accuracy"],"picked":"Sucker Punch","floor":1},{"not_picked":["Riddle With Holes","Sucker Punch"],"picked":"Blade Dance","floor":3},{"not_picked":["Deadly Poison","Catalyst"],"picked":"Quick Slash","floor":5},{"not_picked":["Catalyst","Escape Plan"],"picked":"Infinite Blades","floor":7},{"not_picked":["Catalyst","Poisoned Stab","Prepared"],"picked":"SKIP","floor":11},{"not_picked":["Well Laid Plans","Dodge and Roll","Crippling Poison"],"picked":"SKIP","floor":13},{"not_picked":["Wraith Form v2","Escape Plan"],"picked":"Blade Dance","floor":14},{"not_picked":["Night Terror","Doppelganger"],"picked":"A Thousand Cuts","floor":16},{"not_picked":["Underhanded Strike","Acrobatics"],"picked":"Dodge and Roll+1","floor":18},{"not_picked":["Poisoned Stab","Bane","Leg Sweep"],"picked":"SKIP","floor":23},{"not_picked":["Terror","PiercingWail"],"picked":"Accuracy","floor":24},{"not_picked":["Cloak And Dagger","Setup+1","Outmaneuver"],"picked":"SKIP","floor":28},{"not_picked":["Cloak And Dagger","Dagger Spray","Slice"],"picked":"SKIP","floor":29}],"player_experience":384084,"relics_obtained":[{"floor":7,"key":"Ice Cream"},{"floor":9,"key":"Paper Crane"},{"floor":26,"key":"Bottled Lightning"}],"event_choices":[{"damage_healed":0,"gold_gain":75,"player_choice":"Gather Gold","damage_taken":11,"max_hp_gain":0,"max_hp_loss":0,"event_name":"World of Goop","floor":2,"gold_loss":0},{"damage_healed":0,"gold_gain":0,"player_choice":"2 cards matched","damage_taken":0,"max_hp_gain":0,"max_hp_loss":0,"event_name":"Match and Keep!","floor":4,"gold_loss":0,"cards_obtained":["Dagger Throw","Neutralize"]},{"damage_healed":0,"gold_gain":100,"player_choice":"Pray","damage_taken":0,"max_hp_gain":0,"max_hp_loss":0,"event_name":"Golden Shrine","floor":20,"gold_loss":0},{"damage_healed":0,"gold_gain":0,"player_choice":"Paid Fearfully","damage_taken":0,"max_hp_gain":0,"max_hp_loss":0,"event_name":"Masked Bandits","floor":22,"gold_loss":49},{"damage_healed":0,"gold_gain":0,"player_choice":"Ignored","damage_taken":0,"max_hp_gain":0,"max_hp_loss":0,"event_name":"Beggar","floor":30,"gold_loss":0},{"damage_healed":0,"gold_gain":0,"player_choice":"Became a vampire","damage_taken":0,"max_hp_gain":0,"max_hp_loss":23,"event_name":"Vampires","floor":31,"gold_loss":0,"cards_obtained":["Bite","Bite","Bite","Bite","Bite"]}],"is_beta":false,"boss_relics":[{"not_picked":["White Beast Statue","Calling Bell"],"picked":"Tiny House"}],"items_purged_floors":[19,21],"is_endless":false,"potions_floor_spawned":[5,11,16,28],"killed_by":"Collector","ascension_level":2}