{"gold_per_floor":[116,132,148,160,178,178,196,196,196,211,211,222,222,222],"floor_reached":14,"playtime":428,"items_purged":[],"score":95,"play_id":"3d4b952f-f1a6-412c-8906-589f8101f038","local_time":"20190223160440","is_ascension_mode":true,"campfire_choices":[{"data":"Seek","floor":6,"key":"SMITH"},{"data":"Ball Lightning","floor":8,"key":"SMITH"},{"data":"Dualcast","floor":11,"key":"SMITH"}],"neow_cost":"NONE","seed_source_timestamp":263149618297285,"circlet_count":0,"master_deck":["Strike_B","Strike_B","Strike_B","Strike_B","Defend_B","Defend_B","Defend_B","Defend_B","Zap+1","Dualcast+1","Ball Lightning+1","Capacitor","FTL","Seek+1","BootSequence","Steam"],"relics":["Cracked Core","Calipers"],"potions_floor_usage":[],"damage_taken":[{"damage":0,"enemies":"Cultist","floor":1,"turns":3},{"damage":5,"enemies":"Small Slimes","floor":2,"turns":3},{"damage":3,"enemies":"Jaw Worm","floor":3,"turns":4},{"damage":13,"enemies":"Exordium Wildlife","floor":4,"turns":4},{"damage":29,"enemies":"3 Louse","floor":5,"turns":4},{"damage":9,"enemies":"2 Fungi Beasts","floor":7,"turns":3},{"damage":4,"enemies":"Red Slaver","floor":10,"turns":3},{"damage":4,"enemies":"Large Slime","floor":12,"turns":4},{"damage":15,"enemies":"Lagavulin","floor":14,"turns":3}],"seed_played":"-2699818462275862441","potions_obtained":[{"floor":1,"key":"Fire Potion"},{"floor":3,"key":"Block Potion"},{"floor":7,"key":"Energy Potion"}],"is_trial":false,"path_per_floor":["M","M","M","M","M","R","M","R","T","M","R","M","?","E"],"character_chosen":"DEFECT","items_purchased":[],"campfire_rested":0,"item_purchase_floors":[],"current_hp_per_floor":[75,70,67,54,25,25,16,16,16,12,12,8,8,0],"gold":222,"neow_bonus":"UPGRADE_CARD","is_prod":false,"is_daily":false,"chose_seed":false,"campfire_upgraded":3,"win_rate":0,"timestamp":1550959480,"path_taken":["M","M","?","M","M","R","M","R","T","M","R","M","?","E"],"build_version":"2019-01-23","purchased_purges":0,"victory":false,"max_hp_per_floor":[75,75,75,75,75,75,75,75,75,75,75,75,75,75],"card_choices":[{"not_picked":["Loop","Melter"],"picked":"Ball Lightning","floor":1},{"not_picked":["Steam","Beam Cell"],"picked":"Capacitor","floor":2},{"not_picked":["Steam","Ball Lightning"],"picked":"FTL","floor":3},{"not_picked":["Coolheaded","Go for the Eyes"],"picked":"Seek","floor":4},{"not_picked":["Turbo","Fusion","Redo"],"picked":"SKIP","floor":5},{"not_picked":["Reprogram","Force Field"],"picked":"BootSequence","floor":7},{"not_picked":["Compile Driver","Genetic Algorithm","Barrage"],"picked":"SKIP","floor":10},{"not_picked":["Turbo","Steam Power"],"picked":"Steam","floor":12}],"player_experience":217006,"relics_obtained":[{"floor":9,"key":"Calipers"}],"event_choices":[{"damage_healed":0,"gold_gain":0,"player_choice":"Bought 0 Potions","damage_taken":0,"max_hp_gain":0,"max_hp_loss":0,"event_name":"The Woman in Blue","floor":13,"gold_loss":0}],"is_beta":false,"boss_relics":[],"items_purged_floors":[],"is_endless":false,"potions_floor_spawned":[1,3,7],"killed_by":"Lagavulin","ascension_level":2}