{"gold_per_floor":[113,130,149,149,162,191,191,223,249,249,266,299,299,5,5,110,110,122,86,185,185,85,85,0,34,34,50,82,97,21,35,35,35],"floor_reached":33,"playtime":1224,"items_purged":["Exhume+1","Strike_R"],"score":318,"play_id":"be6fc400-346e-4233-8267-df350659c0b3","local_time":"20190213140601","is_ascension_mode":true,"campfire_choices":[{"data":"Inflame","floor":7,"key":"SMITH"},{"data":"Exhume","floor":10,"key":"SMITH"},{"data":"Metallicize","floor":15,"key":"SMITH"},{"data":"Offering","floor":23,"key":"SMITH"},{"floor":32,"key":"REST"}],"neow_cost":"NONE","seed_source_timestamp":15142712383548,"circlet_count":0,"master_deck":["Strike_R","Strike_R","Strike_R","Strike_R","Defend_R","Defend_R","Defend_R","Defend_R","Bash+1","Sword Boomerang","Anger","Inflame+1","Rampage+1","Dual Wield","Metallicize+1","Offering+1","Shockwave","Metallicize","Necronomicurse","Seeing Red"],"relics":["Burning Blood","Self Forming Clay","Ancient Tea Set","Potion Belt","Anchor","Runic Pyramid","Necronomicon","Bag of Preparation","Lantern","Bag of Marbles","Molten Egg 2"],"potions_floor_usage":[6,6,8,12,16,25,28,33],"damage_taken":[{"damage":0,"enemies":"Small Slimes","floor":1,"turns":3},{"damage":6,"enemies":"Cultist","floor":2,"turns":3},{"damage":1,"enemies":"Jaw Worm","floor":3,"turns":4},{"damage":8,"enemies":"2 Fungi Beasts","floor":5,"turns":3},{"damage":41,"enemies":"3 Sentries","floor":6,"turns":6},{"damage":18,"enemies":"Gremlin Nob","floor":8,"turns":4},{"damage":6,"enemies":"Blue Slaver","floor":11,"turns":3},{"damage":13,"enemies":"Lagavulin","floor":12,"turns":5},{"damage":10,"enemies":"Hexaghost","floor":16,"turns":7},{"damage":14,"enemies":"Shell Parasite","floor":18,"turns":4},{"damage":12,"enemies":"Slavers","floor":25,"turns":5},{"damage":21,"enemies":"Spheric Guardian","floor":27,"turns":4},{"damage":14,"enemies":"Gremlin Leader","floor":28,"turns":5},{"damage":15,"enemies":"Centurion and Healer","floor":29,"turns":4},{"damage":6,"enemies":"Chosen and Byrds","floor":31,"turns":4},{"damage":47,"enemies":"Collector","floor":33,"turns":7}],"seed_played":"-8471631264958843918","potions_obtained":[{"floor":2,"key":"PowerPotion"},{"floor":4,"key":"BloodPotion"},{"floor":4,"key":"Energy Potion"},{"floor":6,"key":"EssenceOfSteel"},{"floor":12,"key":"AttackPotion"},{"floor":16,"key":"EssenceOfSteel"},{"floor":27,"key":"AttackPotion"},{"floor":28,"key":"Strength Potion"},{"floor":29,"key":"GamblersBrew"}],"is_trial":false,"path_per_floor":["M","M","M","?","M","E","R","E","T","R","M","E","?","$","R","B",null,"M","$","?","?","$","R","?","E","T","M","E","M","$","M","R","B"],"character_chosen":"IRONCLAD","items_purchased":["Metallicize","Anchor","Metallicize","Seeing Red"],"campfire_rested":1,"item_purchase_floors":[14,14,19,30],"current_hp_per_floor":[80,80,80,80,78,51,51,39,39,39,39,32,32,32,32,28,80,72,72,72,56,56,56,56,50,50,35,27,18,18,18,42,0],"gold":35,"neow_bonus":"UPGRADE_CARD","is_prod":false,"is_daily":false,"chose_seed":false,"campfire_upgraded":4,"win_rate":0,"timestamp":1550088361,"path_taken":["M","M","M","?","?","E","R","E","T","R","M","E","?","$","R","BOSS","M","$","?","?","$","R","?","E","T","M","E","M","?","M","R","BOSS"],"build_version":"2019-01-23","purchased_purges":2,"victory":false,"max_hp_per_floor":[80,80,80,80,80,80,80,80,80,80,80,80,80,80,80,80,80,80,80,80,80,80,80,80,80,80,80,80,80,80,80,80,80],"card_choices":[{"not_picked":["Evolve","Wild Strike"],"picked":"Sword Boomerang","floor":1},{"not_picked":["Sword Boomerang","Perfected Strike"],"picked":"Anger","floor":2},{"not_picked":["Pummel","Headbutt"],"picked":"Inflame","floor":3},{"not_picked":["Twin Strike","Clash","Wild Strike"],"picked":"SKIP","floor":5},{"not_picked":["Reckless Charge","Warcry"],"picked":"Rampage","floor":6},{"not_picked":["Body Slam","Entrench"],"picked":"Exhume","floor":8},{"not_picked":["Sword Boomerang","Intimidate","Burning Pact"],"picked":"SKIP","floor":11},{"not_picked":["Entrench","Flex"],"picked":"Dual Wield","floor":12},{"not_picked":["Demon Form","Feed"],"picked":"Offering","floor":16},{"not_picked":["Body Slam+1","Power Through"],"picked":"Shockwave","floor":18},{"not_picked":["Carnage+1","Shockwave","Twin Strike"],"picked":"SKIP","floor":25},{"not_picked":["Uppercut","Sword Boomerang","Havoc"],"picked":"SKIP","floor":27},{"not_picked":["Cleave","Second Wind","Havoc"],"picked":"SKIP","floor":28},{"not_picked":["Wild Strike+1","Disarm","Headbutt+1"],"picked":"SKIP","floor":29},{"not_picked":["Perfected Strike+1","Pommel Strike+1","Cleave+1"],"picked":"SKIP","floor":31}],"player_experience":156474,"relics_obtained":[{"floor":6,"key":"Self Forming Clay"},{"floor":8,"key":"Ancient Tea Set"},{"floor":12,"key":"Potion Belt"},{"floor":21,"key":"Necronomicon"},{"floor":25,"key":"Lantern"},{"floor":26,"key":"Bag of Marbles"},{"floor":28,"key":"Molten Egg 2"}],"event_choices":[{"damage_healed":0,"gold_gain":0,"player_choice":"Got Potions","damage_taken":0,"max_hp_gain":0,"max_hp_loss":0,"event_name":"Lab","floor":4,"gold_loss":0},{"damage_healed":0,"gold_gain":0,"player_choice":"Upgraded","damage_taken":0,"max_hp_gain":0,"max_hp_loss":0,"event_name":"Upgrade Shrine","floor":13,"gold_loss":0,"cards_upgraded":["Rampage"]},{"damage_healed":0,"gold_gain":99,"player_choice":"Stole From Cult","damage_taken":0,"max_hp_gain":0,"max_hp_loss":0,"event_name":"Nest","floor":20,"gold_loss":0},{"damage_healed":0,"gold_gain":0,"player_choice":"Obtained Book","damage_taken":16,"max_hp_gain":0,"max_hp_loss":0,"event_name":"Cursed Tome","floor":21,"gold_loss":0},{"damage_healed":0,"gold_gain":0,"player_choice":"Obtained Relic","damage_taken":0,"relics_obtained":["Bag of Preparation"],"max_hp_gain":0,"max_hp_loss":0,"event_name":"Addict","floor":24,"gold_loss":85}],"is_beta":false,"boss_relics":[{"not_picked":["Fusion Hammer","Coffee Dripper"],"picked":"Runic Pyramid"}],"items_purged_floors":[14,22],"is_endless":false,"potions_floor_spawned":[2,5,6,12,16,27,28,29],"killed_by":"Collector","ascension_level":1}