{"path_per_floor":["M","M","M","?","?","R","$","?","T","M","M","M","M","M","R","B",null,"M","$","?","M","?","R","M","R","T","R","M","?","M","M","R","B",null,"M","$","?","M","?","E","R","?","T","R","M","R","?","M","R","B"],"character_chosen":"IRONCLAD","items_purchased":["Bottled Tornado"],"gold_per_floor":[116,136,146,146,146,146,71,132,132,151,163,176,193,213,213,310,310,323,26,26,36,36,36,47,47,71,71,84,84,104,122,122,224,224,242,192,192,206,206,235,235,235,288,288,299,299,299,311,311,311],"floor_reached":51,"campfire_rested":1,"playtime":2527,"current_hp_per_floor":[68,70,65,65,58,58,58,35,35,36,40,42,41,19,42,48,78,57,57,57,58,58,58,64,64,64,64,61,61,67,58,58,47,78,68,68,68,70,70,74,74,64,64,64,64,64,64,76,76,75],"items_purged":["Regret","Strike_R","Strike_R"],"gold":311,"score":621,"play_id":"680c95e5-95e5-43b9-a5d3-073952036742","local_time":"20180307124127","is_prod":false,"is_daily":false,"is_ascension_mode":false,"campfire_upgraded":9,"timestamp":1520437287,"path_taken":["M","M","?","?","?","R","$","?","T","?","M","M","?","M","R","BOSS","M","$","?","M","?","R","M","R","T","R","?","?","M","?","R","BOSS","M","$","?","M","?","E","R","?","T","R","M","R","?","M","R","BOSS"],"build_version":"2018-03-01-PROD1","purchased_purges":3,"victory":true,"master_deck":["Strike_R","Strike_R","Defend_R","Defend_R","Defend_R","Defend_R","Bash+1","Clash","Corruption+1","Burning Pact+1","Feel No Pain+1","Fiend Fire+1","Double Tap+1","True Grit","Rampage","Exhume","Offering+1","Anger","Barricade+1","Madness","Madness+1","Writhe","Rupture"],"max_hp_per_floor":[72,72,72,72,72,72,72,75,75,75,75,78,78,78,78,78,78,78,78,78,78,78,78,78,78,78,78,78,78,78,78,78,78,78,78,78,78,78,78,81,81,81,81,81,81,81,81,81,81,81],"relics":["Burning Blood","Dead Branch","Ancient Tea Set","Calipers","Smiling Mask","Ice Cream","White Beast Statue","Bottled Tornado","Bronze Scales","Cursed Key","Vajra","Blood Vial"],"card_choices":[{"not_picked":["Heavy Blade","Body Slam"],"picked":"Clash"},{"not_picked":["Cleave","Armaments"],"picked":"Corruption"},{"not_picked":["Havoc","Sword Boomerang"],"picked":"Burning Pact"},{"not_picked":["Power Through","Pommel Strike"],"picked":"Feel No Pain"},{"not_picked":["Headbutt","Cleave"],"picked":"Fiend Fire"},{"not_picked":["Fiend Fire","Barricade"],"picked":"Double Tap"},{"not_picked":["Warcry","Heavy Blade"],"picked":"True Grit"},{"not_picked":["Dual Wield","Sword Boomerang"],"picked":"Exhume"},{"not_picked":["Exhume","Fiend Fire"],"picked":"Offering"},{"not_picked":["Sword Boomerang","Reckless Charge"],"picked":"Anger"},{"not_picked":["Thunderclap","Clothesline"],"picked":"Barricade"},{"not_picked":["Battle Trance","Infernal Blade"],"picked":"Rupture"}],"player_experience":525318,"potions_floor_usage":[10,10,14,14,16,31,40,50],"damage_taken":[{"damage":10,"enemies":"Cultist","floor":1,"turns":4},{"damage":4,"enemies":"2 Louse","floor":2,"turns":3},{"damage":11,"enemies":"Jaw Worm","floor":3,"turns":2},{"damage":40,"enemies":"3 Sentries","floor":8,"turns":8},{"damage":5,"enemies":"Looter","floor":10,"turns":2},{"damage":2,"enemies":"2 Fungi Beasts","floor":11,"turns":4},{"damage":7,"enemies":"Large Slime","floor":12,"turns":6},{"damage":7,"enemies":"Blue Slaver","floor":13,"turns":2},{"damage":28,"enemies":"Exordium Wildlife","floor":14,"turns":7},{"damage":0,"enemies":"Slime Boss","floor":16,"turns":4},{"damage":27,"enemies":"Shell Parasite","floor":18,"turns":6},{"damage":5,"enemies":"3 Byrds","floor":21,"turns":4},{"damage":0,"enemies":"Centurion and Healer","floor":24,"turns":2},{"damage":9,"enemies":"Snake Plant","floor":28,"turns":3},{"damage":0,"enemies":"3 Cultists","floor":30,"turns":3},{"damage":21,"enemies":"Centurion and Healer","floor":31,"turns":3},{"damage":17,"enemies":"Champ","floor":33,"turns":10},{"damage":16,"enemies":"3 Darklings","floor":35,"turns":1},{"damage":4,"enemies":"Orb Walker","floor":38,"turns":2},{"damage":33,"enemies":"2 Orb Walkers","floor":40,"turns":2},{"damage":8,"enemies":"Maw","floor":45,"turns":2},{"damage":10,"enemies":"3 Darklings","floor":48,"turns":2},{"damage":9,"enemies":"Donu and Deca","floor":50,"turns":4}],"event_choices":[{"event_name":"Big Fish","player_choice":"Box","floor":4,"damage_taken":0},{"event_name":"Scrap Ooze","player_choice":"success","floor":5,"damage_taken":7},{"event_name":"Dead Adventurer","player_choice":"Searched \u00271\u0027 times","floor":8,"damage_taken":0},{"event_name":"Drug Dealer","player_choice":"Ignored","floor":20,"damage_taken":0},{"event_name":"The Library","player_choice":"Read","floor":22,"damage_taken":0},{"event_name":"The Woman in Blue","player_choice":"Bought 0 Potions","floor":29,"damage_taken":0},{"event_name":"Tomb of Lord Red Mask","player_choice":"Ignored","floor":37,"damage_taken":0},{"event_name":"Mysterious Sphere","player_choice":"Ignore","floor":39,"damage_taken":0},{"event_name":"Winding Halls","player_choice":"Embrace Madness","floor":42,"damage_taken":0}],"boss_relics":[{"not_picked":["Snecko Eye","Question Card"],"picked":"White Beast Statue"},{"not_picked":["Orrery","Astrolabe"],"picked":"Cursed Key"}],"potions_floor_spawned":[3,8,11,13,14,18,21,24,28,30,31,33,35,38,40,45,48],"seed_played":"-5320842047361954299","ascension_level":0,"is_trial":false}