{"gold_per_floor":[115,44,64,64,38,38,68,83,83,103,103,122,138,154,154,154],"floor_reached":16,"playtime":509,"items_purged":[],"score":139,"play_id":"e17d5e61-0625-4270-b3b8-58e80b7cee21","local_time":"20190223153416","is_ascension_mode":true,"campfire_choices":[{"data":"Zap","floor":6,"key":"SMITH"},{"data":"Genetic Algorithm","floor":11,"key":"SMITH"},{"floor":15,"key":"REST"}],"neow_cost":"PERCENT_DAMAGE","seed_source_timestamp":261244732527116,"circlet_count":0,"master_deck":["Strike_B","Strike_B","Strike_B","Defend_B","Defend_B","Defend_B","Defend_B","Zap+1","Dualcast","Beam Cell","Genetic Algorithm+1","Streamline","Ball Lightning","Redo+1","Tempest+1","Electrodynamics","Chill+1"],"relics":["Cracked Core","Toxic Egg 2","Pear"],"potions_floor_usage":[],"damage_taken":[{"damage":0,"enemies":"2 Louse","floor":1,"turns":3},{"damage":6,"enemies":"Cultist","floor":3,"turns":4},{"damage":32,"enemies":"Gremlin Nob","floor":7,"turns":4},{"damage":7,"enemies":"Jaw Worm","floor":8,"turns":2},{"damage":3,"enemies":"2 Fungi Beasts","floor":10,"turns":3},{"damage":24,"enemies":"3 Louse","floor":12,"turns":3},{"damage":2,"enemies":"Red Slaver","floor":13,"turns":3},{"damage":3,"enemies":"Blue Slaver","floor":14,"turns":3},{"damage":33,"enemies":"Hexaghost","floor":16,"turns":9}],"seed_played":"4774938836561306993","potions_obtained":[{"floor":8,"key":"Dexterity Potion"},{"floor":13,"key":"Energy Potion"},{"floor":14,"key":"FocusPotion"}],"is_trial":false,"path_per_floor":["M","$","M","?","$","R","E","M","T","M","R","M","M","M","R","B"],"character_chosen":"DEFECT","items_purchased":["Genetic Algorithm","Streamline"],"campfire_rested":1,"item_purchase_floors":[2,5],"current_hp_per_floor":[68,68,62,62,62,62,30,23,33,30,30,6,4,1,30,0],"gold":154,"neow_bonus":"TWENTY_PERCENT_HP_BONUS","is_prod":false,"is_daily":false,"chose_seed":false,"campfire_upgraded":2,"win_rate":0,"timestamp":1550957656,"path_taken":["M","$","M","?","?","R","E","M","T","M","R","M","M","?","R","BOSS"],"build_version":"2019-01-23","purchased_purges":0,"victory":false,"max_hp_per_floor":[89,89,89,89,89,89,89,89,99,99,99,99,99,99,99,99],"card_choices":[{"not_picked":["Redo","Steam"],"picked":"Beam Cell","floor":1},{"not_picked":["Lockon","Barrage","Compile Driver"],"picked":"SKIP","floor":3},{"not_picked":["Redo","Conserve Battery"],"picked":"Ball Lightning","floor":7},{"not_picked":["Go for the Eyes","Storm"],"picked":"Redo+1","floor":8},{"not_picked":["Redo+1","Conserve Battery+1"],"picked":"Tempest+1","floor":10},{"not_picked":["BootSequence+1","Conserve Battery+1"],"picked":"Electrodynamics","floor":12},{"not_picked":["Compile Driver","Force Field+1","Barrage"],"picked":"SKIP","floor":13},{"not_picked":["Leap+1","Ball Lightning"],"picked":"Chill+1","floor":14}],"player_experience":215150,"relics_obtained":[{"floor":7,"key":"Toxic Egg 2"},{"floor":9,"key":"Pear"}],"event_choices":[{"cards_removed":["Strike_B"],"damage_healed":0,"gold_gain":0,"player_choice":"Purged","damage_taken":0,"max_hp_gain":0,"max_hp_loss":0,"event_name":"Purifier","floor":4,"gold_loss":0}],"is_beta":false,"boss_relics":[],"items_purged_floors":[],"is_endless":false,"potions_floor_spawned":[8,13,14],"killed_by":"Hexaghost","ascension_level":2}