{"gold_per_floor":[117,137,137,151,26,52,52,2,51,51,67,67,67,77,77,175,175,193,211,211,211,211,211,227,227,227,227,238,251,151,26,26,26],"floor_reached":33,"playtime":1140,"items_purged":["Strike_R","Writhe","Defend_R"],"score":282,"play_id":"7324b41a-f83b-47ee-a04a-5d5e46a1dabe","local_time":"20190224143817","is_ascension_mode":true,"campfire_choices":[{"data":"Fire Breathing","floor":7,"key":"SMITH"},{"data":"Pommel Strike","floor":10,"key":"SMITH"},{"data":"Reaper","floor":13,"key":"SMITH"},{"data":"Headbutt","floor":15,"key":"SMITH"},{"data":"Body Slam","floor":23,"key":"SMITH"},{"data":"Demon Form","floor":25,"key":"SMITH"},{"data":"Pommel Strike","floor":27,"key":"SMITH"},{"floor":32,"key":"REST"}],"neow_cost":"NONE","seed_source_timestamp":286955266201393,"circlet_count":0,"master_deck":["Strike_R","Strike_R","Strike_R","Defend_R","Defend_R","Defend_R","Bash","Anger","Shrug It Off","Twin Strike","Pommel Strike+1","Fire Breathing+1","Reaper+1","Headbutt+1","Demon Form+1","Clash","Pommel Strike+1","Body Slam+1","Shrug It Off+1","Clash+1","Feed","Clash"],"special_seed":0,"relics":["Burning Blood","Potion Belt","Bronze Scales","Orichalcum","Orrery","Nilry\u0027s Codex","Shovel","Centennial Puzzle"],"potions_floor_usage":[6,33,33,33,33],"damage_taken":[{"damage":1.0,"enemies":"2 Louse","floor":1.0,"turns":4.0},{"damage":7,"enemies":"Jaw Worm","floor":2,"turns":3},{"damage":3,"enemies":"Small Slimes","floor":4,"turns":4},{"damage":27,"enemies":"Lagavulin","floor":6,"turns":5},{"damage":1,"enemies":"Looter","floor":11,"turns":3},{"damage":3,"enemies":"Blue Slaver","floor":14,"turns":3},{"damage":4,"enemies":"Slime Boss","floor":16,"turns":6},{"damage":6,"enemies":"Chosen","floor":18,"turns":3},{"damage":38,"enemies":"2 Thieves","floor":19,"turns":4},{"damage":8,"enemies":"Centurion and Healer","floor":24,"turns":8},{"damage":17,"enemies":"Shelled Parasite and Fungi","floor":28,"turns":4},{"damage":30,"enemies":"Snake Plant","floor":29,"turns":4},{"damage":51,"enemies":"Champ","floor":33,"turns":7}],"seed_played":"-1643698767155605966","potions_obtained":[{"floor":1.0,"key":"FearPotion"},{"floor":11,"key":"Energy Potion"},{"floor":16,"key":"Ancient Potion"},{"floor":18,"key":"Strength Potion"},{"floor":28,"key":"PowerPotion"}],"is_trial":false,"path_per_floor":["M","M","?","M","$","E","R","?","T","R","M","$","R","M","R","B",null,"M","M","?","?","?","R","M","R","T","R","M","M","$","$","R","B"],"character_chosen":"IRONCLAD","items_purchased":["Pommel Strike"],"campfire_rested":1,"item_purchase_floors":[5],"current_hp_per_floor":[88,87,80,83,83,62,62,62,62,62,67,67,67,70,70,82,88,88,62,46,46,46,46,49,49,49,49,38,17,17,17,44,0],"gold":26,"neow_bonus":"TEN_PERCENT_HP_BONUS","is_prod":false,"is_daily":false,"chose_seed":false,"campfire_upgraded":7,"win_rate":0,"timestamp":1551040697,"path_taken":["M","M","?","M","$","E","R","?","T","R","M","?","R","M","R","BOSS","M","M","?","?","?","R","M","R","T","R","M","M","?","$","R","BOSS"],"build_version":"2019-01-23","purchased_purges":3,"victory":false,"max_hp_per_floor":[88,88,88,88,88,88,88,88,88,88,88,88,88,88,88,88,88,88,88,88,88,88,88,88,88,88,88,88,91,91,91,91,91],"card_choices":[{"not_picked":["Shockwave","Evolve"],"picked":"Anger","floor":1.0},{"not_picked":["Armaments","Pommel Strike"],"picked":"Shrug It Off","floor":2},{"not_picked":["Body Slam","Clothesline"],"picked":"Twin Strike","floor":4},{"not_picked":["Clothesline","Twin Strike"],"picked":"Fire Breathing","floor":6},{"not_picked":["Clothesline","Body Slam"],"picked":"Reaper","floor":11},{"not_picked":["Warcry","Blood for Blood"],"picked":"Headbutt","floor":14},{"not_picked":["Juggernaut","Reaper"],"picked":"Demon Form","floor":16},{"not_picked":["Perfected Strike","Armaments"],"picked":"Clash","floor":17},{"not_picked":["Sword Boomerang","Havoc"],"picked":"Pommel Strike","floor":17},{"not_picked":["Clothesline","Power Through"],"picked":"Body Slam","floor":17},{"not_picked":["Power Through","Rupture"],"picked":"Shrug It Off+1","floor":18},{"not_picked":["Clothesline","Havoc","Searing Blow"],"picked":"SKIP","floor":19},{"not_picked":["Dual Wield+1","Feel No Pain"],"picked":"Clash+1","floor":24},{"not_picked":["Intimidate","Uppercut"],"picked":"Feed","floor":28},{"not_picked":["Wild Strike","Sentinel"],"picked":"Clash","floor":29}],"player_experience":221100,"relics_obtained":[{"floor":6,"key":"Bronze Scales"},{"floor":9,"key":"Orichalcum"},{"floor":20,"key":"Nilry\u0027s Codex"},{"floor":26,"key":"Centennial Puzzle"}],"event_choices":[{"damage_healed":0,"gold_gain":0,"player_choice":"Success","damage_taken":7,"relics_obtained":["Potion Belt"],"max_hp_gain":0,"max_hp_loss":0,"event_name":"Scrap Ooze","floor":3,"gold_loss":0},{"cards_removed":["Strike_R"],"damage_healed":0,"gold_gain":0,"player_choice":"Card Removal","damage_taken":0,"max_hp_gain":0,"max_hp_loss":0,"event_name":"The Cleric","floor":8,"gold_loss":50},{"damage_healed":0,"gold_gain":0,"player_choice":"Obtained Book","damage_taken":16,"max_hp_gain":0,"max_hp_loss":0,"event_name":"Cursed Tome","floor":20,"gold_loss":0},{"damage_healed":0,"gold_gain":0,"player_choice":"Opened","damage_taken":0,"relics_obtained":["Shovel"],"max_hp_gain":0,"max_hp_loss":0,"event_name":"The Mausoleum","floor":21,"gold_loss":0,"cards_obtained":["Writhe"]},{"damage_healed":0,"gold_gain":0,"player_choice":"Ignored","damage_taken":0,"max_hp_gain":0,"max_hp_loss":0,"event_name":"Ghosts","floor":22,"gold_loss":0}],"is_beta":false,"boss_relics":[{"not_picked":["Snecko Eye","Tiny House"],"picked":"Orrery"}],"items_purged_floors":[5,30,31],"is_endless":false,"potions_floor_spawned":[1,11,16,18,28],"killed_by":"Champ","ascension_level":3}