{"gold_per_floor":[117,42,60,60,60,93,93,111,111,126,141,141,141,155,155,258,258,269,287,187,199,199],"floor_reached":22,"playtime":1396,"items_purged":["Strike_R","Havoc"],"score":188,"play_id":"50995794-85a2-4f7f-9ff5-6a7ee344fbec","local_time":"20180922184931","is_ascension_mode":false,"campfire_choices":[{"data":"Barricade","floor":12,"key":"SMITH"},{"data":"Cleave","floor":15,"key":"SMITH"}],"neow_cost":"NONE","seed_source_timestamp":452804413429105,"circlet_count":0,"master_deck":["Strike_R","Strike_R","Defend_R","Defend_R","Defend_R","Defend_R","Bash","Heavy Blade+1","Offering","Shrug It Off","Cleave+1","Barricade+1","Pommel Strike","Exhume","Disarm"],"relics":["Black Blood","Mercury Hourglass","Letter Opener","Regal Pillow"],"potions_floor_usage":[6,16,18,19,21],"damage_taken":[{"damage":8,"enemies":"Cultist","floor":1,"turns":5},{"damage":0,"enemies":"Small Slimes","floor":3,"turns":3},{"damage":51,"enemies":"3 Sentries","floor":6,"turns":11},{"damage":7,"enemies":"Jaw Worm","floor":8,"turns":2},{"damage":6,"enemies":"Blue Slaver","floor":10,"turns":2},{"damage":13,"enemies":"3 Louse","floor":11,"turns":2},{"damage":11,"enemies":"Looter","floor":14,"turns":2},{"damage":25,"enemies":"Slime Boss","floor":16,"turns":10},{"damage":12,"enemies":"Spheric Guardian","floor":18,"turns":2},{"damage":39,"enemies":"3 Byrds","floor":19,"turns":4},{"damage":40,"enemies":"Centurion and Healer","floor":21,"turns":6},{"damage":28,"enemies":"3 Cultists","floor":22,"turns":4}],"seed_played":"7500379599335719947","potions_obtained":[{"floor":3,"key":"Regen Potion"},{"floor":10,"key":"Fire Potion"},{"floor":11,"key":"SpeedPotion"},{"floor":14,"key":"Energy Potion"},{"floor":16,"key":"Fire Potion"},{"floor":19,"key":"LiquidBronze"},{"floor":21,"key":"Weak Potion"}],"is_trial":false,"path_per_floor":["M","$","M","?","?","E","?","M","T","M","M","R","?","M","R","B",null,"M","M","$","M"],"character_chosen":"IRONCLAD","items_purchased":[],"campfire_rested":0,"item_purchase_floors":[],"current_hp_per_floor":[78,78,80,80,85,55,55,54,54,54,47,47,47,42,42,23,85,83,54,54,24,0],"gold":199,"neow_bonus":"REMOVE_CARD","is_prod":false,"is_daily":false,"chose_seed":false,"campfire_upgraded":2,"win_rate":0.0,"timestamp":1537660171,"path_taken":["M","$","M","?","?","E","?","M","T","M","?","R","?","M","R","BOSS","M","M","$","M","M"],"build_version":"2018-09-20","purchased_purges":2,"victory":false,"max_hp_per_floor":[80,80,80,80,85,85,85,85,85,85,85,85,85,85,85,85,85,85,85,85,85,85],"card_choices":[{"not_picked":["True Grit","Iron Wave"],"picked":"Heavy Blade","floor":1},{"not_picked":["Armaments","Warcry","Havoc"],"picked":"SKIP","floor":3},{"not_picked":["Second Wind","Flex"],"picked":"Offering","floor":6},{"not_picked":["Corruption","Flex"],"picked":"Shrug It Off","floor":8},{"not_picked":["Clash","Perfected Strike"],"picked":"Cleave","floor":10},{"not_picked":["Whirlwind","Hemokinesis"],"picked":"Barricade","floor":11},{"not_picked":["Clothesline","Dropkick"],"picked":"Pommel Strike","floor":14},{"not_picked":["Dark Embrace","Juggernaut"],"picked":"Exhume","floor":16},{"not_picked":["Flex","Sever Soul","Burning Pact"],"picked":"SKIP","floor":18},{"not_picked":["Blood for Blood","Pommel Strike","Clothesline+1"],"picked":"SKIP","floor":19},{"not_picked":["Clothesline+1","Second Wind+1"],"picked":"Disarm","floor":21}],"player_experience":73047,"relics_obtained":[{"floor":6,"key":"Mercury Hourglass"},{"floor":9,"key":"Letter Opener"}],"event_choices":[{"event_name":"Living Wall","player_choice":"Grow","floor":4,"damage_taken":0},{"event_name":"Big Fish","player_choice":"Donut","floor":5,"damage_taken":0},{"event_name":"Transmorgrifier","player_choice":"Transform","floor":7,"damage_taken":0},{"event_name":"Dead Adventurer","player_choice":"Searched \u00272\u0027 times","floor":13,"damage_taken":0}],"is_beta":false,"boss_relics":[{"not_picked":["Orrery","Runic Cube"],"picked":"Black Blood"}],"items_purged_floors":[2,20],"is_endless":false,"potions_floor_spawned":[3,10,11,14,16,19,21],"killed_by":"3 Cultists","ascension_level":0}