{"gold_per_floor":[110,110,185,196,212,212,241,241,241,272,272,272,300,312],"floor_reached":14,"playtime":392,"items_purged":[],"score":113,"play_id":"4fbd6e05-5640-472d-a680-3a828e404780","local_time":"20190226002728","is_ascension_mode":true,"campfire_choices":[{"data":"Zap","floor":6,"key":"SMITH"},{"data":"1","floor":8,"key":"LIFT"}],"neow_cost":"NONE","seed_source_timestamp":25692475479022,"circlet_count":0,"master_deck":["Strike_B","Strike_B","Strike_B","Defend_B","Defend_B","Defend_B","Defend_B","Zap+1","Dualcast","Steam","Electrodynamics","Darkness","Compile Driver","Cold Snap","BootSequence","Rebound"],"relics":["Cracked Core","NeowsBlessing","Girya","Torii","Shovel","Smiling Mask","MawBank"],"potions_floor_usage":[],"damage_taken":[{"damage":0,"enemies":"2 Louse","floor":1,"turns":1},{"damage":0,"enemies":"Small Slimes","floor":4,"turns":2},{"damage":0,"enemies":"Cultist","floor":5,"turns":1},{"damage":20,"enemies":"3 Sentries","floor":7,"turns":5},{"damage":19,"enemies":"Lagavulin","floor":10,"turns":4},{"damage":6,"enemies":"Large Slime","floor":13,"turns":3},{"damage":19,"enemies":"Exordium Thugs","floor":14,"turns":2}],"seed_played":"4489943995592182632","potions_obtained":[{"floor":1,"key":"FearPotion"},{"floor":10,"key":"Fire Potion"},{"floor":13,"key":"Block Potion"}],"is_trial":false,"path_per_floor":["M","?","?","M","M","R","E","R","T","E","?","?","M","M"],"character_chosen":"DEFECT","items_purchased":[],"campfire_rested":0,"item_purchase_floors":[],"current_hp_per_floor":[75,75,64,64,64,64,44,44,44,25,22,22,16,0],"gold":312,"neow_bonus":"THREE_ENEMY_KILL","is_prod":false,"is_daily":false,"chose_seed":false,"campfire_upgraded":1,"win_rate":0,"timestamp":1551162448,"path_taken":["M","?","?","M","M","R","E","R","T","E","?","?","M","?"],"build_version":"2019-01-23","purchased_purges":0,"victory":false,"max_hp_per_floor":[75,75,75,75,75,75,75,75,75,75,75,75,75,75],"card_choices":[{"not_picked":["Stack","Go for the Eyes"],"picked":"Steam","floor":1},{"not_picked":["Blizzard","Barrage"],"picked":"Darkness","floor":4},{"not_picked":["Barrage","Reprogram"],"picked":"Compile Driver","floor":5},{"not_picked":["Beam Cell","Conserve Battery"],"picked":"Cold Snap","floor":7},{"not_picked":["Barrage","Ball Lightning"],"picked":"BootSequence","floor":10},{"not_picked":["Steam","Coolheaded"],"picked":"Rebound","floor":13}],"player_experience":250430,"relics_obtained":[{"floor":7,"key":"Girya"},{"floor":9,"key":"Torii"},{"floor":10,"key":"Shovel"},{"floor":12,"key":"MawBank"}],"event_choices":[{"damage_healed":0,"gold_gain":0,"cards_transformed":["Strike_B"],"player_choice":"Change","damage_taken":0,"max_hp_gain":0,"max_hp_loss":0,"event_name":"Living Wall","floor":2,"gold_loss":0,"cards_obtained":["Electrodynamics"]},{"damage_healed":0,"gold_gain":75,"player_choice":"Gather Gold","damage_taken":11,"max_hp_gain":0,"max_hp_loss":0,"event_name":"World of Goop","floor":3,"gold_loss":0},{"damage_healed":0,"gold_gain":0,"player_choice":"Success","damage_taken":3,"relics_obtained":["Smiling Mask"],"max_hp_gain":0,"max_hp_loss":0,"event_name":"Scrap Ooze","floor":11,"gold_loss":0},{"damage_healed":0,"gold_gain":0,"player_choice":"Relic","damage_taken":0,"max_hp_gain":0,"max_hp_loss":0,"event_name":"Wheel of Change","floor":12,"gold_loss":0}],"is_beta":false,"boss_relics":[],"items_purged_floors":[],"is_endless":false,"potions_floor_spawned":[1,10,13],"killed_by":"Exordium Thugs","ascension_level":3}