{"gold_per_floor":[10,29,47,47,1,40,40,61,86,18,31,31],"floor_reached":12,"playtime":344,"items_purged":[],"score":104,"play_id":"e96cdabf-916c-43f3-8508-3e0546601829","local_time":"20190313120330","is_ascension_mode":true,"campfire_choices":[{"floor":7,"key":"REST"}],"neow_cost":"NO_GOLD","seed_source_timestamp":392618881415986,"circlet_count":0,"master_deck":["Strike_B","Strike_B","Strike_B","Strike_B","Defend_B","Defend_B","Defend_B","Defend_B","Zap","Dualcast","Echo Form","Steam","Chill","Conserve Battery","Reinforced Body","Beam Cell","FTL","Sunder"],"special_seed":0,"relics":["Cracked Core","Golden Idol","Bag of Preparation","Smiling Mask"],"potions_floor_usage":[1],"damage_taken":[{"damage":0.0,"enemies":"Small Slimes","floor":1.0,"turns":3.0},{"damage":2,"enemies":"2 Louse","floor":2,"turns":2},{"damage":0,"enemies":"Cultist","floor":3,"turns":3},{"damage":65,"enemies":"Gremlin Nob","floor":6,"turns":6},{"damage":3,"enemies":"Red Slaver","floor":8,"turns":3},{"damage":22,"enemies":"Exordium Thugs","floor":11,"turns":7},{"damage":3,"enemies":"Lots of Slimes","floor":12,"turns":1}],"seed_played":"-5282413854010986856","potions_obtained":[{"floor":1,"key":"Fruit Juice"},{"floor":8,"key":"SpeedPotion"}],"is_trial":false,"path_per_floor":["M","M","M","?","$","E","R","M","T","$","M","M"],"character_chosen":"DEFECT","items_purchased":["Conserve Battery","FTL"],"campfire_rested":1,"item_purchase_floors":[5,10],"current_hp_per_floor":[73,71,71,71,71,6,28,25,25,25,3,0],"gold":31,"neow_bonus":"THREE_RARE_CARDS","is_prod":false,"is_daily":false,"chose_seed":false,"campfire_upgraded":0,"win_rate":0,"timestamp":1552496610,"path_taken":["M","M","M","?","$","E","R","M","T","$","M","M"],"build_version":"2019-01-23","purchased_purges":0,"victory":false,"max_hp_per_floor":[80,80,80,74,74,74,74,74,74,74,74,74],"card_choices":[{"not_picked":["Thunder Strike","Seek"],"picked":"Echo Form","floor":0.0},{"not_picked":["Steam Power","Aggregate"],"picked":"Steam","floor":1},{"not_picked":["Cold Snap","Rebound"],"picked":"Chill","floor":2},{"not_picked":["Coolheaded","Heatsinks","Rebound"],"picked":"SKIP","floor":3},{"not_picked":["Fusion","Hologram"],"picked":"Reinforced Body","floor":6},{"not_picked":["Double Energy","Reprogram"],"picked":"Beam Cell","floor":8},{"not_picked":["Go for the Eyes","Melter"],"picked":"Sunder","floor":11}],"player_experience":348219,"relics_obtained":[{"floor":6,"key":"Bag of Preparation"},{"floor":9,"key":"Smiling Mask"}],"event_choices":[{"damage_healed":0,"gold_gain":0,"player_choice":"Lose Max HP","damage_taken":0,"relics_obtained":["Golden Idol"],"max_hp_gain":0,"max_hp_loss":6,"event_name":"Golden Idol","floor":4,"gold_loss":0}],"is_beta":false,"boss_relics":[],"items_purged_floors":[],"is_endless":false,"potions_floor_spawned":[1,8],"killed_by":"Lots of Slimes","ascension_level":6}