{"gold_per_floor":[110,110,110,110,120,120,148,148,148,148,167,167,192,204,204,281,281,291,391,306,69,87,87,50,82,82,82,410,425,438,448,448,523,523,538,233,233,156,173,173,208,208,208,234,234,257,357,369,369,369],"floor_reached":51,"playtime":3154,"items_purged":["Strike_G","Strike_G"],"score":1398,"play_id":"c9b93e2c-75ed-41b9-9246-bb1130ab52a9","local_time":"20190122180536","is_ascension_mode":true,"campfire_choices":[{"floor":6,"key":"REST"},{"floor":8,"key":"REST"},{"data":"Noxious Fumes","floor":12,"key":"SMITH"},{"data":"Noxious Fumes","floor":15,"key":"SMITH"},{"data":"Neutralize","floor":23,"key":"SMITH"},{"floor":27,"key":"REST"},{"data":"Footwork","floor":32,"key":"SMITH"},{"data":"Noxious Fumes","floor":40,"key":"SMITH"},{"data":"Caltrops","floor":42,"key":"SMITH"},{"data":"Bouncing Flask","floor":45,"key":"SMITH"},{"data":"Catalyst","floor":49,"key":"SMITH"}],"neow_cost":"NONE","seed_source_timestamp":21379651327269,"circlet_count":0,"master_deck":["AscendersBane","Defend_G","Defend_G","Defend_G","Defend_G","Defend_G+1","Strike_G","Strike_G","Strike_G","Survivor","Neutralize+1","Bullet Time+1","Footwork+1","Noxious Fumes+1","Bouncing Flask+1","Noxious Fumes+1","Tools of the Trade","Bouncing Flask","Dodge and Roll","Dagger Throw","Caltrops+1","Flying Knee+1","Distraction","Magnetism","Noxious Fumes+1","Well Laid Plans+1","Acrobatics","Catalyst+1","Blur+1"],"relics":["Ring of the Snake","Orichalcum","Pantograph","Bird Faced Urn","Mummified Hand","Snecko Eye","StoneCalendar","Bottled Flame","Sundial","Art of War","Anchor","Incense Burner","Old Coin","Philosopher\u0027s Stone","Bottled Tornado","Question Card","Du-Vu Doll","Boot","Shovel"],"potions_floor_usage":[16,18,19,25,33],"damage_taken":[{"damage":0,"enemies":"2 Louse","floor":1,"turns":2},{"damage":3,"enemies":"Jaw Worm","floor":5,"turns":5},{"damage":19,"enemies":"Gremlin Nob","floor":7,"turns":6},{"damage":2,"enemies":"Small Slimes","floor":11,"turns":4},{"damage":21,"enemies":"3 Sentries","floor":13,"turns":7},{"damage":8,"enemies":"2 Fungi Beasts","floor":14,"turns":4},{"damage":2,"enemies":"The Guardian","floor":16,"turns":9},{"damage":4,"enemies":"Chosen","floor":18,"turns":4},{"damage":27,"enemies":"Colosseum Slavers","floor":19,"turns":4},{"damage":12,"enemies":"Colosseum Nobs","floor":19,"turns":4},{"damage":0,"enemies":"Shell Parasite","floor":22,"turns":4},{"damage":49,"enemies":"Slavers","floor":25,"turns":5},{"damage":16,"enemies":"Book of Stabbing","floor":28,"turns":5},{"damage":7,"enemies":"Snake Plant","floor":29,"turns":4},{"damage":2,"enemies":"3 Cultists","floor":30,"turns":5},{"damage":1,"enemies":"Centurion and Healer","floor":31,"turns":5},{"damage":36,"enemies":"Collector","floor":33,"turns":7},{"damage":40,"enemies":"3 Darklings","floor":35,"turns":4},{"damage":3,"enemies":"Orb Walker","floor":39,"turns":4},{"damage":0,"enemies":"Reptomancer","floor":41,"turns":6},{"damage":25,"enemies":"Giant Head","floor":44,"turns":7},{"damage":0,"enemies":"Mind Bloom Boss Battle","floor":47,"turns":5},{"damage":16,"enemies":"4 Shapes","floor":48,"turns":5},{"damage":8,"enemies":"Time Eater","floor":50,"turns":7}],"seed_played":"-6822654251428227755","potions_obtained":[{"floor":7,"key":"SneckoOil"},{"floor":14,"key":"GhostInAJar"},{"floor":16,"key":"GhostInAJar"},{"floor":18,"key":"LiquidBronze"},{"floor":22,"key":"AttackPotion"},{"floor":28,"key":"Energy Potion"},{"floor":33,"key":"Swift Potion"},{"floor":41,"key":"Fire Potion"}],"is_trial":false,"path_per_floor":["?","?","?","?","M","?","?","$","M","?","T","?"],"character_chosen":"THE_SILENT","items_purchased":["Art of War","Caltrops","Magnetism","Noxious Fumes"],"campfire_rested":3,"item_purchase_floors":[21,24,36,38],"current_hp_per_floor":[59,39,21,21,18,37,18,37,37,59,59,59,42,40,40,64,66,64,39,39,39,45,45,45,6,6,25,19,22,30,39,39,34,58,28,28,28,28,37,37,53,53,53,38,38,38,63,61,61,63],"gold":369,"neow_bonus":"ONE_RANDOM_RARE_CARD","is_prod":false,"is_daily":false,"chose_seed":false,"campfire_upgraded":8,"win_rate":0,"timestamp":1548187536,"path_taken":["M","?","?","?","M","R","E","R","T","?","?","R","E","M","R","BOSS","M","?","?","?","M","R","$","E","T","R","E","?","M","M","R","BOSS","M","$","?","$","M","R","E","R","T","E","R","?","?","M","R","BOSS"],"build_version":"2019-01-20","purchased_purges":2,"victory":true,"max_hp_per_floor":[66,66,66,66,66,66,66,66,66,66,66,66,66,66,66,66,66,66,66,66,66,66,66,66,66,66,66,66,66,66,66,66,66,66,66,66,63,63,63,63,63,63,63,63,63,63,63,63,63,63],"card_choices":[{"not_picked":["PiercingWail","Bane"],"picked":"Footwork","floor":1},{"not_picked":["Backflip","Prepared"],"picked":"Noxious Fumes","floor":5},{"not_picked":["Eviscerate","Accuracy"],"picked":"Bouncing Flask","floor":7},{"not_picked":["Footwork","Quick Slash"],"picked":"Noxious Fumes","floor":11},{"not_picked":["Heel Hook","Cloak And Dagger","Accuracy"],"picked":"SKIP","floor":13},{"not_picked":["Cloak And Dagger","Expertise","Outmaneuver"],"picked":"SKIP","floor":14},{"not_picked":["Bullet Time","Unload"],"picked":"Tools of the Trade","floor":16},{"not_picked":["Poisoned Stab","Quick Slash"],"picked":"Bouncing Flask","floor":18},{"not_picked":["Dagger Throw","Poisoned Stab"],"picked":"Dodge and Roll","floor":19},{"not_picked":["PiercingWail+1","Deadly Poison"],"picked":"Dagger Throw","floor":22},{"not_picked":["Dodge and Roll","Accuracy","Finisher"],"picked":"SKIP","floor":25},{"not_picked":["Expertise","Slice+1"],"picked":"Flying Knee+1","floor":28},{"not_picked":["Terror","Reflex","Wraith Form v2"],"picked":"SKIP","floor":29},{"not_picked":["PiercingWail","Flying Knee","Deadly Poison+1"],"picked":"SKIP","floor":30},{"not_picked":["Dagger Spray","Deflect","Dodge and Roll"],"picked":"SKIP","floor":31},{"not_picked":["Endless Agony","Dagger Spray"],"picked":"Distraction","floor":35},{"not_picked":["Setup","PiercingWail"],"picked":"Well Laid Plans+1","floor":39},{"not_picked":["Concentrate+1","Bane","PiercingWail"],"picked":"SKIP","floor":41},{"not_picked":["Concentrate+1","Bane","PiercingWail"],"picked":"SKIP","floor":41},{"not_picked":["Bane","Masterful Stab+1","Dagger Spray"],"picked":"Acrobatics","floor":44},{"not_picked":["Calculated Gamble+1","Flying Knee","Expertise"],"picked":"Catalyst","floor":47},{"not_picked":["Deflect","Accuracy+1","Choke"],"picked":"Blur+1","floor":48}],"player_experience":939483,"relics_obtained":[{"floor":7,"key":"Pantograph"},{"floor":9,"key":"Bird Faced Urn"},{"floor":13,"key":"Mummified Hand"},{"floor":19,"key":"StoneCalendar"},{"floor":19,"key":"Bottled Flame"},{"floor":25,"key":"Anchor"},{"floor":26,"key":"Incense Burner"},{"floor":28,"key":"Old Coin"},{"floor":41,"key":"Bottled Tornado"},{"floor":43,"key":"Question Card"},{"floor":44,"key":"Du-Vu Doll"},{"floor":46,"key":"Boot"},{"floor":47,"key":"Shovel"}],"event_choices":[{"damage_healed":0,"gold_gain":0,"player_choice":"Entered Light","damage_taken":20,"max_hp_gain":0,"max_hp_loss":0,"event_name":"Shining Light","floor":2,"gold_loss":0,"cards_upgraded":["Bullet Time","Defend_G"]},{"damage_healed":0,"gold_gain":0,"player_choice":"Success","damage_taken":18,"relics_obtained":["Orichalcum"],"max_hp_gain":0,"max_hp_loss":0,"event_name":"Scrap Ooze","floor":3,"gold_loss":0},{"damage_healed":0,"gold_gain":0,"player_choice":"Ignored","damage_taken":0,"max_hp_gain":0,"max_hp_loss":0,"event_name":"Liars Game","floor":4,"gold_loss":0},{"damage_healed":22,"gold_gain":0,"player_choice":"Banana","damage_taken":0,"max_hp_gain":0,"max_hp_loss":0,"event_name":"Big Fish","floor":10,"gold_loss":0},{"damage_healed":0,"gold_gain":0,"player_choice":"Fight","damage_taken":0,"max_hp_gain":0,"max_hp_loss":0,"event_name":"Colosseum","floor":19,"gold_loss":0},{"damage_healed":0,"gold_gain":0,"player_choice":"Fought Nobs","damage_taken":0,"max_hp_gain":0,"max_hp_loss":0,"event_name":"Colosseum","floor":19,"gold_loss":0},{"damage_healed":0,"gold_gain":0,"player_choice":"Obtained Relic","damage_taken":0,"relics_obtained":["Sundial"],"max_hp_gain":0,"max_hp_loss":0,"event_name":"Addict","floor":20,"gold_loss":85},{"damage_healed":0,"gold_gain":0,"player_choice":"Max HP","damage_taken":0,"max_hp_gain":0,"max_hp_loss":3,"event_name":"Winding Halls","floor":37,"gold_loss":0},{"damage_healed":0,"gold_gain":0,"player_choice":"Fight","damage_taken":0,"max_hp_gain":0,"max_hp_loss":0,"event_name":"MindBloom","floor":47,"gold_loss":0}],"is_beta":true,"boss_relics":[{"not_picked":["Empty Cage","Runic Pyramid"],"picked":"Snecko Eye"},{"not_picked":["Orrery","Ring of the Serpent"],"picked":"Philosopher\u0027s Stone"}],"items_purged_floors":[21,36],"is_endless":false,"potions_floor_spawned":[7,14,16,18,19,22,28,33,41,44],"ascension_level":16}