{"gold_per_floor":[115,135,154,174,151,151,185,197,197,209,7,20,20,20,20,20],"floor_reached":16,"playtime":851,"items_purged":["Defend_G"],"score":207,"play_id":"174c1b34-8317-458c-a9a8-7f9ee01340f0","local_time":"20190308193511","is_ascension_mode":true,"campfire_choices":[{"data":"Neutralize","floor":6,"key":"SMITH"},{"floor":15,"key":"REST"}],"neow_cost":"NONE","seed_source_timestamp":179869079296198,"circlet_count":0,"master_deck":["AscendersBane","Defend_G","Defend_G","Defend_G","Defend_G","Strike_G","Strike_G","Strike_G","Strike_G","Strike_G","Survivor","Neutralize+1","Leg Sweep","Infinite Blades","Poisoned Stab","Dash","Blur","Unload","Blade Dance","Accuracy","Dagger Spray"],"special_seed":0,"relics":["Ring of the Snake","Centennial Puzzle","Matryoshka"],"potions_floor_usage":[1,7,8,10,12],"damage_taken":[{"damage":1,"enemies":"2 Louse","floor":1,"turns":5},{"damage":8,"enemies":"Small Slimes","floor":2,"turns":6},{"damage":1,"enemies":"Cultist","floor":3,"turns":5},{"damage":15,"enemies":"Lots of Slimes","floor":4,"turns":10},{"damage":12,"enemies":"Exordium Thugs","floor":5,"turns":8},{"damage":45,"enemies":"3 Sentries","floor":7,"turns":13},{"damage":1,"enemies":"Red Slaver","floor":8,"turns":5},{"damage":12,"enemies":"Exordium Wildlife","floor":10,"turns":8},{"damage":1,"enemies":"Large Slime","floor":12,"turns":6},{"damage":28,"enemies":"The Guardian","floor":16,"turns":9}],"seed_played":"-20171697801377383","potions_obtained":[{"floor":1,"key":"Fruit Juice"},{"floor":2,"key":"Weak Potion"},{"floor":5,"key":"Regen Potion"},{"floor":7,"key":"Regen Potion"},{"floor":12,"key":"Fruit Juice"}],"is_trial":false,"path_per_floor":["M","M","M","M","M","R","E","M","T","M","$","M","$","?","R","B"],"character_chosen":"THE_SILENT","items_purchased":["Blade Dance","Accuracy"],"campfire_rested":1,"item_purchase_floors":[11,11],"current_hp_per_floor":[69,61,60,45,33,33,3,16,16,4,4,8,8,3,27,0],"gold":20,"neow_bonus":"TEN_PERCENT_HP_BONUS","is_prod":false,"is_daily":false,"chose_seed":false,"campfire_upgraded":1,"win_rate":0,"timestamp":1552070111,"path_taken":["M","M","M","M","M","R","E","M","T","M","$","M","$","?","R","BOSS"],"build_version":"2019-01-23","purchased_purges":1,"victory":false,"max_hp_per_floor":[77,77,77,77,77,77,77,77,77,77,77,82,82,82,82,82],"card_choices":[{"not_picked":["Riddle With Holes","Blade Dance","All Out Attack"],"picked":"SKIP","floor":1},{"not_picked":["Concentrate","Quick Slash"],"picked":"Leg Sweep","floor":2},{"not_picked":["Slice","Deflect","Prepared"],"picked":"SKIP","floor":3},{"not_picked":["PiercingWail","Poisoned Stab"],"picked":"Infinite Blades","floor":4},{"not_picked":["Leg Sweep","Catalyst"],"picked":"Poisoned Stab","floor":5},{"not_picked":["Deflect","Infinite Blades"],"picked":"Dash","floor":7},{"not_picked":["Flying Knee","Backflip"],"picked":"Blur","floor":8},{"not_picked":["Terror","Poisoned Stab"],"picked":"Unload","floor":10},{"not_picked":["Flying Knee","Choke"],"picked":"Dagger Spray","floor":12}],"player_experience":942829,"relics_obtained":[{"floor":7,"key":"Centennial Puzzle"},{"floor":9,"key":"Matryoshka"}],"event_choices":[{"damage_healed":0,"gold_gain":0,"player_choice":"Fled","damage_taken":5,"max_hp_gain":0,"max_hp_loss":0,"event_name":"Scrap Ooze","floor":14,"gold_loss":0}],"is_beta":false,"boss_relics":[],"items_purged_floors":[11],"is_endless":false,"potions_floor_spawned":[1,2,5,7,12],"killed_by":"The Guardian","ascension_level":19}