{"path_per_floor":["M","M","M","$","?","R","?","R","T","M","M","?","R","M","R","B",null,"M","M","M"],"character_chosen":"THE_SILENT","items_purchased":["Panache","Acrobatics"],"gold_per_floor":[360,371,382,71,71,71,71,71,71,88,99,49,49,61,61,162,162,172,192,208],"floor_reached":21,"campfire_rested":0,"playtime":1003,"current_hp_per_floor":[62,61,61,61,66,66,59,59,59,59,59,59,59,59,59,26,68,61,59,41],"items_purged":["Defend_G"],"gold":208,"score":173,"play_id":"47046925-10ec-4fbe-b99a-6094a4d99b79","local_time":"20180321163043","is_prod":false,"is_daily":false,"is_ascension_mode":false,"campfire_upgraded":4,"timestamp":1521660643,"path_taken":["M","M","?","$","?","R","?","R","T","M","M","?","R","?","R","BOSS","M","M","M","?"],"build_version":"2018-03-15v3","purchased_purges":1,"victory":false,"master_deck":["Defend_G","Defend_G","Defend_G","Strike_G","Strike_G","Strike_G","Strike_G","Survivor+1","Neutralize+1","Backflip+1","Panache","Acrobatics","Cloak And Dagger+1","Dagger Throw+1"],"max_hp_per_floor":[63,63,63,63,68,68,68,68,68,68,68,68,68,68,68,68,68,68,68,68],"relics":["Ring of the Snake","Unceasing Top","Question Card"],"card_choices":[{"not_picked":["Concentrate","Finisher"],"picked":"Backflip"},{"not_picked":["Dash","Acrobatics"],"picked":"Cloak And Dagger"},{"not_picked":["Dagger Spray","Acrobatics","Well Laid Plans"],"picked":"Dagger Throw"}],"player_experience":627473,"potions_floor_usage":[],"damage_taken":[{"damage":1.0,"enemies":"Cultist","floor":1.0,"turns":5.0},{"damage":1.0,"enemies":"Jaw Worm","floor":2.0,"turns":6.0},{"damage":0.0,"enemies":"2 Louse","floor":3.0,"turns":4.0},{"damage":0.0,"enemies":"2 Fungi Beasts","floor":10.0,"turns":5.0},{"damage":0.0,"enemies":"Blue Slaver","floor":11.0,"turns":6.0},{"damage":0.0,"enemies":"Exordium Thugs","floor":14.0,"turns":4.0},{"damage":33.0,"enemies":"Slime Boss","floor":16.0,"turns":10.0},{"damage":7.0,"enemies":"Chosen","floor":18.0,"turns":5.0},{"damage":2.0,"enemies":"3 Byrds","floor":19.0,"turns":4.0},{"damage":18.0,"enemies":"Slaver and Parasite","floor":20.0,"turns":10.0},{"damage":0,"enemies":"Chosen and Byrds","floor":21,"turns":1}],"event_choices":[{"event_name":"Big Fish","player_choice":"Donut","floor":5.0,"damage_taken":0.0},{"event_name":"Golden Wing","player_choice":"Card Removal","floor":7.0,"damage_taken":0.0},{"event_name":"The Cleric","player_choice":"Card Removal","floor":12.0,"damage_taken":0.0}],"boss_relics":[],"potions_floor_spawned":[1,3,10,16,20],"seed_played":"-8432114340910224683","killed_by":"Chosen and Byrds","ascension_level":0,"is_trial":false}