{"path_per_floor":["M","M","?","$","M","R","E","R","T","M","T","M","R","?","R","B",null,"M","T","$","M","?"],"character_chosen":"THE_SILENT","items_purchased":["Cloak And Dagger"],"gold_per_floor":[112,129,204,104,120,120,145,145,145,156,156,166,166,166,166,262,262,272,297,197,212,212],"floor_reached":23,"campfire_rested":1,"playtime":1197,"current_hp_per_floor":[61,61,50,50,41,62,45,45,45,45,45,36,36,53,53,28,60,33,33,33,33,55],"items_purged":["Strike_G","Parasite"],"gold":212,"score":265,"play_id":"c848f8f6-5071-43f5-b7d4-82c2808ba248","is_prod":false,"is_daily":false,"is_ascension_mode":true,"campfire_upgraded":3,"path_taken":["M","?","?","$","M","R","E","R","T","M","?","M","R","?","R","BOSS","M","?","$","M","?","E"],"build_version":"2018-02-22-PROD2","purchased_purges":2,"victory":false,"master_deck":["Defend_G","Defend_G+1","Defend_G","Defend_G","Defend_G+1","Strike_G","Strike_G","Strike_G","Strike_G","Survivor","Neutralize+1","Predator","Prepared","Cloak And Dagger+1","Adrenaline+1","Dagger Spray","Choke","Dagger Throw","Bullet Time","Deflect","Reflex"],"max_hp_per_floor":[70,70,70,70,70,70,70,70,70,70,70,70,70,70,70,70,70,70,70,67,67,67],"relics":["Ring of the Snake","Orichalcum","Art of War","Ginger","War Paint","Eternal Feather","Ancient Tea Set"],"card_choices":[{"not_picked":["Deadly Poison","Footwork"],"picked":"Predator"},{"not_picked":["Sucker Punch","Quick Slash"],"picked":"Prepared"},{"not_picked":["Dodge and Roll","Quick Slash"],"picked":"Adrenaline"},{"not_picked":["Quick Slash","Bane"],"picked":"Dagger Spray"},{"not_picked":["Terror","Poisoned Stab"],"picked":"Choke"},{"not_picked":["Bouncing Flask","Flechettes"],"picked":"Dagger Throw"},{"not_picked":["Unload","Die Die Die"],"picked":"Bullet Time"},{"not_picked":["Slice","Leg Sweep"],"picked":"Deflect"},{"not_picked":["Bane","Flying Knee"],"picked":"Reflex"}],"player_experience":325832,"potions_floor_usage":[7,23],"damage_taken":[{"damage":2,"enemies":"Cultist","floor":1,"turns":4},{"damage":0,"enemies":"Jaw Worm","floor":2,"turns":4},{"damage":9,"enemies":"2 Louse","floor":5,"turns":2},{"damage":17,"enemies":"Gremlin Nob","floor":7,"turns":5},{"damage":0,"enemies":"2 Fungi Beasts","floor":10,"turns":2},{"damage":9,"enemies":"Exordium Wildlife","floor":12,"turns":5},{"damage":25,"enemies":"The Guardian","floor":16,"turns":18},{"damage":27,"enemies":"Shell Parasite","floor":18,"turns":8},{"damage":0,"enemies":"3 Byrds","floor":21,"turns":6},{"damage":58,"enemies":"Book of Stabbing","floor":23,"turns":8}],"event_choices":[{"event_name":"World of Goop","player_choice":"Gather Gold","floor":3,"damage_taken":0},{"event_name":"Mushrooms","player_choice":"Healed and dodged fight","floor":14,"damage_taken":0},{"event_name":"The Library","player_choice":"Heal","floor":22,"damage_taken":0}],"boss_relics":[{"not_picked":["Question Card","Pandora\u0027s Box"],"picked":"Eternal Feather"}],"potions_floor_spawned":[5,7,16],"seed_played":"3427586975824384823","killed_by":"Book of Stabbing","ascension_level":8,"is_trial":false}