{"gold_per_floor":[18,18,32,44,54,82,93,108,108,26,26,44,44,77,77,77],"floor_reached":16,"playtime":1586,"items_purged":[],"score":164,"play_id":"b115f76f-74b7-47b8-83f8-ef68bdbd45a3","local_time":"20190313221423","is_ascension_mode":false,"campfire_choices":[{"data":"Armaments","floor":11,"key":"SMITH"},{"data":"Whirlwind","floor":13,"key":"SMITH"},{"data":"True Grit","floor":15,"key":"SMITH"}],"neow_cost":"NO_GOLD","seed_source_timestamp":1547443031682,"circlet_count":0,"master_deck":["Strike_R","Strike_R","Strike_R","Strike_R","Defend_R","Defend_R","Defend_R","Bash","Shrug It Off","Armaments+1","Whirlwind+1","Anger","Immolate","Inflame","Warcry","Clothesline","True Grit+1"],"relics":["Burning Blood","Bottled Lightning","Dead Branch","Darkstone Periapt"],"potions_floor_usage":[7,16,16,16],"damage_taken":[{"damage":0,"enemies":"Small Slimes","floor":1,"turns":3},{"damage":6,"enemies":"Cultist","floor":3,"turns":4},{"damage":4,"enemies":"Jaw Worm","floor":4,"turns":5},{"damage":19,"enemies":"Exordium Wildlife","floor":5,"turns":6},{"damage":45,"enemies":"Lagavulin","floor":6,"turns":8},{"damage":3,"enemies":"Red Slaver","floor":7,"turns":4},{"damage":0,"enemies":"3 Louse","floor":8,"turns":1},{"damage":0,"enemies":"Blue Slaver","floor":12,"turns":3},{"damage":5,"enemies":"3 Sentries","floor":14,"turns":4}],"seed_played":"3668018935192211888","potions_obtained":[{"floor":3,"key":"SteroidPotion"},{"floor":5,"key":"EssenceOfSteel"},{"floor":8,"key":"PowerPotion"},{"floor":12,"key":"Weak Potion"},{"floor":14,"key":"Fruit Juice"}],"is_trial":false,"path_per_floor":["M","?","M","M","M","E","M","M","T","$","R","M","R","E","R","B"],"character_chosen":"IRONCLAD","items_purchased":["Inflame","Warcry"],"campfire_rested":0,"item_purchase_floors":[10,10],"current_hp_per_floor":[80,80,80,80,67,28,31,37,37,37,37,43,43,44,44,0],"gold":77,"neow_bonus":"REMOVE_TWO","is_prod":false,"is_daily":false,"chose_seed":false,"campfire_upgraded":3,"win_rate":0,"timestamp":1552529663,"path_taken":["M","?","M","M","M","E","M","?","T","$","R","M","R","E","R","BOSS"],"build_version":"2019-01-23","purchased_purges":0,"victory":false,"max_hp_per_floor":[80,80,80,80,80,80,80,80,80,80,80,80,80,80,80,85],"card_choices":[{"not_picked":["True Grit","Perfected Strike"],"picked":"Shrug It Off","floor":1},{"not_picked":["Infernal Blade","Perfected Strike"],"picked":"Armaments","floor":3},{"not_picked":["Pommel Strike","Clash"],"picked":"Whirlwind","floor":4},{"not_picked":["Thunderclap","True Grit"],"picked":"Anger","floor":5},{"not_picked":["Cleave","Body Slam"],"picked":"Immolate","floor":6},{"not_picked":["Searing Blow","Wild Strike","Seeing Red"],"picked":"SKIP","floor":7},{"not_picked":["Thunderclap","Fiend Fire","Clash"],"picked":"SKIP","floor":8},{"not_picked":["Intimidate","Pommel Strike"],"picked":"Clothesline","floor":12},{"not_picked":["Combust","Armaments"],"picked":"True Grit","floor":14}],"player_experience":598224,"relics_obtained":[{"floor":6,"key":"Bottled Lightning"},{"floor":9,"key":"Dead Branch"},{"floor":14,"key":"Darkstone Periapt"}],"event_choices":[{"damage_healed":0,"gold_gain":0,"player_choice":"Full Heal","damage_taken":0,"max_hp_gain":0,"max_hp_loss":0,"event_name":"Wheel of Change","floor":2,"gold_loss":0}],"is_beta":false,"boss_relics":[],"items_purged_floors":[],"is_endless":false,"potions_floor_spawned":[3,5,8,12,14],"killed_by":"The Guardian","ascension_level":0}