{"gold_per_floor":[115,40,58,58,58,75,88,106,133,133,133,150,150,150,150,246,246,260,175,192,212,230,230,258,258,258,275,305,305,305,316,316,419,419,433,103,115,126,138,138,138,166,166,41,41],"floor_reached":45,"playtime":2290,"items_purged":["Defend_G","Strike_G","Strike_G"],"score":502,"play_id":"b046dd40-d48a-481e-a202-c0eaefdd1dba","local_time":"20180725224200","is_ascension_mode":false,"campfire_choices":[{"data":"Dagger Spray","floor":11,"key":"SMITH"},{"data":"Crippling Poison","floor":13,"key":"SMITH"},{"data":"Corpse Explosion","floor":15,"key":"SMITH"},{"data":"Bullet Time","floor":23,"key":"SMITH"},{"floor":25,"key":"REST"},{"data":"Noxious Fumes","floor":32,"key":"SMITH"},{"data":"Tools of the Trade","floor":40,"key":"SMITH"}],"neow_cost":"NONE","seed_source_timestamp":461836265554196,"circlet_count":0,"master_deck":["Defend_G","Defend_G","Defend_G","Defend_G","Strike_G","Survivor","Neutralize+1","Dagger Spray+1","Cloak And Dagger","Corpse Explosion+1","Slice+1","Crippling Poison+1","Deflect","Bullet Time+1","Catalyst+1","Noxious Fumes+1","Cloak And Dagger+1","Dagger Spray+1","Outmaneuver+1","Distraction","Poisoned Stab+1","Tools of the Trade+1","Footwork","Noxious Fumes","Cloak And Dagger+1","Dagger Spray+1","Underhanded Strike+1","Noxious Fumes","Infinite Blades+1"],"relics":["Ring of the Snake","Happy Flower","Blood Vial","Bottled Lightning","Eternal Feather","Centennial Puzzle","Omamori","Snake Skull","Molten Egg 2","Sozu","Lantern","Meat on the Bone","Whetstone"],"potions_floor_usage":[28,33,45],"damage_taken":[{"damage":1,"enemies":"2 Louse","floor":1,"turns":3},{"damage":0,"enemies":"Jaw Worm","floor":3,"turns":5},{"damage":0,"enemies":"Small Slimes","floor":6,"turns":2},{"damage":7,"enemies":"Exordium Wildlife","floor":7,"turns":4},{"damage":1,"enemies":"Looter","floor":8,"turns":3},{"damage":8,"enemies":"2 Fungi Beasts","floor":12,"turns":2},{"damage":13,"enemies":"Hexaghost","floor":16,"turns":9},{"damage":0,"enemies":"3 Byrds","floor":18,"turns":2},{"damage":12,"enemies":"Shell Parasite","floor":20,"turns":3},{"damage":4,"enemies":"Cultist and Chosen","floor":21,"turns":3},{"damage":11,"enemies":"Snake Plant","floor":22,"turns":3},{"damage":35,"enemies":"Book of Stabbing","floor":24,"turns":6},{"damage":0,"enemies":"3 Cultists","floor":27,"turns":2},{"damage":17,"enemies":"Slavers","floor":28,"turns":2},{"damage":21,"enemies":"Slaver and Parasite","floor":31,"turns":3},{"damage":20,"enemies":"Champ","floor":33,"turns":8},{"damage":3,"enemies":"Flame Bruiser 1 Orb","floor":35,"turns":5},{"damage":13,"enemies":"3 Darklings","floor":37,"turns":2},{"damage":15,"enemies":"Maw","floor":38,"turns":5},{"damage":13,"enemies":"Transient","floor":39,"turns":5},{"damage":33,"enemies":"Nemesis","floor":42,"turns":5},{"damage":45,"floor":45,"turns":2}],"seed_played":"-3366697619630386978","potions_obtained":[{"floor":7,"key":"GhostInAJar"},{"floor":8,"key":"GhostInAJar"},{"floor":12,"key":"Energy Potion"},{"floor":27,"key":"Fruit Juice"},{"floor":29,"key":"FairyPotion"},{"floor":29,"key":"EntropicBrew"},{"floor":33,"key":"Fire Potion"}],"is_trial":false,"path_per_floor":["M","$","M","?","?","M","M","M","T","?","R","M","R","T","R","B",null,"M","?","M","M","M","R","E","R","T","M","E","?","?","M","R","B",null,"M","$","M","M","M","R","?","E","T","$"],"character_chosen":"THE_SILENT","items_purchased":["Lantern","Noxious Fumes"],"campfire_rested":1,"item_purchase_floors":[36,36],"current_hp_per_floor":[69,69,69,69,69,69,62,61,61,54,54,48,48,48,48,37,70,70,70,58,56,47,59,26,59,59,61,51,51,51,32,44,26,75,72,72,61,48,37,52,52,21,21,21,0],"gold":41,"neow_bonus":"UPGRADE_CARD","is_prod":false,"is_daily":false,"chose_seed":false,"campfire_upgraded":6,"win_rate":0,"timestamp":1532583720,"path_taken":["M","$","M","?","?","M","M","M","T","?","R","M","R","?","R","BOSS","M","?","M","M","M","R","E","R","T","M","E","?","?","M","R","BOSS","M","$","M","M","M","R","?","E","T","$","?"],"build_version":"2018-07-19v2","purchased_purges":3,"victory":false,"max_hp_per_floor":[70,70,70,70,70,70,70,70,70,70,70,70,70,70,70,70,70,70,70,70,70,70,70,70,70,70,70,75,75,75,75,75,75,75,75,75,75,75,75,75,75,75,75,75,75],"card_choices":[{"not_picked":["Well Laid Plans","Deflect"],"picked":"Dagger Spray","floor":1},{"not_picked":["Sucker Punch","Prepared"],"picked":"Cloak And Dagger","floor":3},{"not_picked":["Bane","Dash"],"picked":"Corpse Explosion","floor":6},{"not_picked":["Underhanded Strike","Backstab"],"picked":"Slice","floor":7},{"not_picked":["Deflect","PiercingWail"],"picked":"Crippling Poison","floor":8},{"not_picked":["Flechettes","Underhanded Strike"],"picked":"Deflect","floor":12},{"not_picked":["After Image","Storm of Steel"],"picked":"Bullet Time","floor":16},{"not_picked":["Masterful Stab","Escape Plan"],"picked":"Catalyst+1","floor":18},{"not_picked":["Finisher","Skewer+1"],"picked":"Noxious Fumes","floor":20},{"not_picked":["Dagger Throw","Backflip"],"picked":"Cloak And Dagger+1","floor":21},{"not_picked":["Expertise","Acrobatics"],"picked":"Dagger Spray","floor":22},{"not_picked":["PiercingWail+1","Dodge and Roll+1"],"picked":"Outmaneuver+1","floor":24},{"not_picked":["Outmaneuver","Slice","Blur"],"picked":"SKIP","floor":27},{"not_picked":["Cloak And Dagger","Deadly Poison"],"picked":"Distraction","floor":28},{"not_picked":["Flying Knee+1","Flechettes+1"],"picked":"Poisoned Stab+1","floor":31},{"not_picked":["Unload+1","Wraith Form v2"],"picked":"Tools of the Trade","floor":33},{"not_picked":["Acrobatics+1","Sucker Punch+1"],"picked":"Footwork","floor":35},{"not_picked":["Dagger Spray+1","Prepared"],"picked":"Cloak And Dagger+1","floor":37},{"not_picked":["Acrobatics","Dodge and Roll+1"],"picked":"Dagger Spray+1","floor":38},{"not_picked":["Flechettes+1","Deflect+1"],"picked":"Underhanded Strike+1","floor":39},{"not_picked":["Cloak And Dagger+1","Underhanded Strike+1"],"picked":"Infinite Blades+1","floor":42}],"player_experience":83000,"relics_obtained":[{"floor":9,"key":"Blood Vial"},{"floor":14,"key":"Bottled Lightning"},{"floor":24,"key":"Omamori"},{"floor":26,"key":"Snake Skull"},{"floor":28,"key":"Molten Egg 2"},{"floor":42,"key":"Meat on the Bone"},{"floor":43,"key":"Whetstone"}],"event_choices":[{"event_name":"Big Fish","player_choice":"Box","floor":4,"damage_taken":0},{"event_name":"Living Wall","player_choice":"Forget","floor":5,"damage_taken":0},{"event_name":"Golden Wing","player_choice":"Card Removal","floor":10,"damage_taken":0},{"event_name":"Addict","player_choice":"Obtained Relic","floor":19,"damage_taken":0},{"event_name":"The Lab","player_choice":"Got Potions","floor":29,"damage_taken":0},{"event_name":"Wheel of Change","player_choice":"Curse","floor":30,"damage_taken":0},{"event_name":"Transmorgrifier","player_choice":"Transform","floor":41,"damage_taken":0},{"event_name":"Mysterious Sphere","player_choice":"Fight","floor":45,"damage_taken":0}],"is_beta":false,"boss_relics":[{"not_picked":["Empty Cage","Velvet Choker"],"picked":"Eternal Feather"},{"not_picked":["Ring of the Serpent","Black Star"],"picked":"Sozu"}],"items_purged_floors":[2,36,44],"is_endless":false,"potions_floor_spawned":[7,8,12,21,24,27,33,35,37,39],"ascension_level":0}