{"gold_per_floor":[113,35,46,24,24,24,44,85,158,158,172,186,186,207],"floor_reached":14,"playtime":455,"items_purged":[],"score":97,"play_id":"2c912d73-8487-4c66-bd90-964e07ed8b13","local_time":"20190213132116","is_ascension_mode":true,"campfire_choices":[{"floor":10,"key":"REST"},{"data":"Body Slam","floor":13,"key":"SMITH"}],"neow_cost":"PERCENT_DAMAGE","seed_source_timestamp":13228457142350,"circlet_count":0,"master_deck":["Strike_R","Strike_R","Strike_R","Strike_R","Strike_R","Defend_R","Defend_R","Defend_R","Defend_R","Bash","Body Slam","Body Slam+1","Clothesline","Armaments","Feel No Pain+1"],"relics":["Burning Blood","Golden Idol","Potion Belt","Frozen Egg 2"],"potions_floor_usage":[3,14,14],"damage_taken":[{"damage":15,"enemies":"Jaw Worm","floor":1,"turns":5},{"damage":2,"enemies":"Small Slimes","floor":3,"turns":4},{"damage":6,"enemies":"2 Louse","floor":7,"turns":3},{"damage":71,"enemies":"Lagavulin","floor":8,"turns":9},{"damage":6,"enemies":"Exordium Wildlife","floor":11,"turns":3},{"damage":21,"enemies":"Large Slime","floor":12,"turns":6},{"damage":13,"enemies":"Exordium Thugs","floor":14,"turns":6}],"seed_played":"8614542589275535808","potions_obtained":[{"floor":8,"key":"Explosive Potion"},{"floor":11,"key":"FearPotion"},{"floor":12,"key":"Energy Potion"}],"is_trial":false,"path_per_floor":["M","$","M","$","?","?","M","E","T","R","M","M","R","M"],"character_chosen":"IRONCLAD","items_purchased":["BloodPotion","Body Slam"],"campfire_rested":1,"item_purchase_floors":[2,4],"current_hp_per_floor":[63,63,76,76,76,76,76,11,11,37,37,22,22,15],"gold":207,"neow_bonus":"TWENTY_PERCENT_HP_BONUS","is_prod":false,"is_daily":false,"chose_seed":false,"campfire_upgraded":1,"win_rate":0,"timestamp":1550085676,"path_taken":["M","$","M","$","?","?","M","E","T","R","M","M","R","M"],"build_version":"2019-01-23","purchased_purges":0,"victory":false,"max_hp_per_floor":[96,96,96,96,96,89,89,89,89,89,89,89,89,89],"card_choices":[{"not_picked":["True Grit","Clash"],"picked":"Body Slam","floor":1},{"not_picked":["Spot Weakness","Intimidate","Inflame"],"picked":"SKIP","floor":3},{"not_picked":["Rupture","Heavy Blade"],"picked":"Clothesline","floor":7},{"not_picked":["Iron Wave","Bludgeon"],"picked":"Armaments","floor":8},{"not_picked":["Havoc","Heavy Blade"],"picked":"Feel No Pain+1","floor":11},{"not_picked":["Spot Weakness","Sword Boomerang","Clash"],"picked":"SKIP","floor":12}],"player_experience":154626,"relics_obtained":[{"floor":8,"key":"Potion Belt"},{"floor":9,"key":"Frozen Egg 2"}],"event_choices":[{"damage_healed":0,"gold_gain":0,"player_choice":"Leave","damage_taken":0,"max_hp_gain":0,"max_hp_loss":0,"event_name":"The Cleric","floor":5,"gold_loss":0},{"damage_healed":0,"gold_gain":0,"player_choice":"Lose Max HP","damage_taken":0,"relics_obtained":["Golden Idol"],"max_hp_gain":0,"max_hp_loss":7,"event_name":"Golden Idol","floor":6,"gold_loss":0}],"is_beta":false,"boss_relics":[],"items_purged_floors":[],"is_endless":false,"potions_floor_spawned":[8,11,12],"killed_by":"Exordium Thugs","ascension_level":1}