{"gold_per_floor":[117,117,127,140,65,65,79,113,136,136,136,136,149,162,162,261,261,275,81,81,81,91,91,44,75,117,142,165,206,218,230,242,353,365,392,416,446,475,787,799,811,923,935,999,1021,1067,47,47,47,47],"floor_reached":50,"playtime":4273,"items_purged":["Strike_G","Defend_G"],"score":744,"play_id":"db286a25-c77b-4166-a5ab-112856b100cc","local_time":"20190210200911","is_ascension_mode":true,"campfire_choices":[{"data":"Neutralize","floor":6.0,"key":"SMITH"},{"floor":10.0,"key":"REST"},{"data":"Adrenaline","floor":12.0,"key":"SMITH"},{"floor":15.0,"key":"REST"},{"data":"Bane","floor":23.0,"key":"SMITH"},{"floor":30.0,"key":"REST"},{"data":"Bite","floor":32.0,"key":"SMITH"},{"data":"After Image","floor":40.0,"key":"SMITH"},{"data":"Noxious Fumes","floor":49,"key":"SMITH"}],"neow_cost":"NONE","seed_source_timestamp":0,"circlet_count":0,"master_deck":["Defend_G","Defend_G","Defend_G","Defend_G","Survivor","Neutralize+1","Crippling Poison","Dagger Spray","Deadly Poison","Blur","Adrenaline+1","Quick Slash","Poisoned Stab","Corpse Explosion","Cloak And Dagger+1","Bane+1","Flying Knee","Deadly Poison","Slice","Sucker Punch+1","Escape Plan","Prepared+1","Bite+1","Bite","Bite","Bite","Bite","After Image+1","Parasite","Backflip+1","Backflip+1","Dagger Throw+1","Deadly Poison+1","Tools of the Trade","Flying Knee","Flying Knee+1","Backflip+1","Panacea","Mayhem","Noxious Fumes+1","Transmutation"],"special_seed":0,"relics":["Ring of the Snake","Omamori","Ancient Tea Set","Happy Flower","Eternal Feather","Oddly Smooth Stone","Enchiridion","Tingsha","MawBank","Tiny Chest","Snake Skull","Calling Bell","Juzu Bracelet","Ornamental Fan","Du-Vu Doll","Turnip","Orichalcum","Dead Branch","Gambling Chip","Incense Burner","Centennial Puzzle"],"potions_floor_usage":[50,50,50],"damage_taken":[{"damage":6.0,"enemies":"Cultist","floor":1.0,"turns":4.0},{"damage":7.0,"enemies":"2 Louse","floor":3.0,"turns":3.0},{"damage":19.0,"enemies":"Jaw Worm","floor":4.0,"turns":7.0},{"damage":1.0,"enemies":"Exordium Wildlife","floor":7.0,"turns":2.0},{"damage":28.0,"enemies":"Lagavulin","floor":8.0,"turns":8.0},{"damage":0.0,"enemies":"Red Slaver","floor":13.0,"turns":3.0},{"damage":0.0,"enemies":"Lots of Slimes","floor":14.0,"turns":1.0},{"damage":1.0,"enemies":"The Guardian","floor":16.0,"turns":12.0},{"damage":14.0,"enemies":"Chosen","floor":18.0,"turns":5.0},{"damage":8.0,"enemies":"2 Thieves","floor":22.0,"turns":3.0},{"damage":0.0,"enemies":"Slavers","floor":25.0,"turns":2.0},{"damage":7.0,"enemies":"3 Cultists","floor":27.0,"turns":3.0},{"damage":4.0,"enemies":"Centurion and Healer","floor":28.0,"turns":4.0},{"damage":28.0,"enemies":"Book of Stabbing","floor":29.0,"turns":5.0},{"damage":59.0,"enemies":"Automaton","floor":33.0,"turns":10.0},{"damage":8.0,"enemies":"3 Darklings","floor":35.0,"turns":3.0},{"damage":5.0,"enemies":"Orb Walker","floor":36.0,"turns":3.0},{"damage":7.0,"enemies":"Jaw Worm Horde","floor":37.0,"turns":3.0},{"damage":17.0,"enemies":"Sphere and 2 Shapes","floor":38.0,"turns":9.0},{"damage":0.0,"enemies":"Mind Bloom Boss Battle","floor":42.0,"turns":4.0},{"damage":0.0,"enemies":"2 Orb Walkers","floor":44.0,"turns":3.0},{"damage":18.0,"enemies":"Writhing Mass","floor":45.0,"turns":6.0},{"damage":16.0,"enemies":"Reptomancer","floor":46.0,"turns":6.0},{"damage":66,"enemies":"Time Eater","floor":50,"turns":8}],"seed_played":"6455011068360648515","potions_obtained":[{"floor":1.0,"key":"Explosive Potion"},{"floor":8.0,"key":"Strength Potion"},{"floor":11.0,"key":"Fire Potion"},{"floor":11.0,"key":"PowerPotion"},{"floor":18.0,"key":"LiquidBronze"},{"floor":33.0,"key":"Explosive Potion"},{"floor":36.0,"key":"Fruit Juice"},{"floor":42.0,"key":"SmokeBomb"},{"floor":44.0,"key":"Fire Potion"}],"is_trial":false,"path_per_floor":["M","?","M","M","$","R","M","E","T","R","?","R","M","M","R","B",null,"M","$","?","T","M","R","$","E","T","M","M","E","R","?","R","B",null,"M","M","M","M","?","R","?","?","T","?","M","E","$","?","R","B"],"character_chosen":"THE_SILENT","items_purchased":["Oddly Smooth Stone","Bane","Deadly Poison","Incense Burner","Centennial Puzzle","Panacea","Mayhem","Poison Potion","Energy Potion","Noxious Fumes","Ancient Potion"],"campfire_rested":3,"item_purchase_floors":[19,19,24,47,47,47,47,47,47,47,47],"current_hp_per_floor":[71,71,64,45,45,45,44,16,16,39,39,39,39,39,62,61,73,59,59,43,43,35,47,47,47,47,40,36,8,46,46,53,5,41,42,43,48,46,46,58,58,58,58,58,41,32,32,32,56,0],"gold":47,"neow_bonus":"TEN_PERCENT_HP_BONUS","is_prod":false,"is_daily":false,"chose_seed":false,"campfire_upgraded":6,"win_rate":0,"timestamp":1549858151,"path_taken":["M","?","M","?","$","R","M","E","T","R","?","R","?","M","R","BOSS","M","$","?","?","?","R","?","E","T","M","M","E","R","?","R","BOSS","M","M","M","M","?","R","?","?","T","?","M","E","$","?","R","BOSS"],"build_version":"2019-01-23","purchased_purges":2,"victory":false,"max_hp_per_floor":[77,77,77,77,77,77,77,77,77,77,77,77,77,77,77,77,77,77,77,77,77,77,77,77,77,77,77,77,77,77,53,53,53,53,53,53,58,58,58,58,58,58,58,58,58,58,58,58,58,58],"card_choices":[{"not_picked":["Well Laid Plans","Cloak And Dagger"],"picked":"Crippling Poison","floor":1.0},{"not_picked":["Outmaneuver","Acrobatics"],"picked":"Dagger Spray","floor":3.0},{"not_picked":["Deflect","PiercingWail"],"picked":"Deadly Poison","floor":4.0},{"not_picked":["Deflect","Outmaneuver"],"picked":"Blur","floor":7.0},{"not_picked":["Phantasmal Killer","Prepared"],"picked":"Adrenaline","floor":8.0},{"not_picked":["Underhanded Strike","Dagger Throw"],"picked":"Quick Slash","floor":13.0},{"not_picked":["Slice","Concentrate"],"picked":"Poisoned Stab","floor":14.0},{"not_picked":["A Thousand Cuts","Malaise"],"picked":"Corpse Explosion","floor":16.0},{"not_picked":["PiercingWail","Slice"],"picked":"Cloak And Dagger+1","floor":18.0},{"not_picked":["PiercingWail","Endless Agony+1"],"picked":"Flying Knee","floor":22.0},{"not_picked":["Calculated Gamble+1","Leg Sweep+1"],"picked":"Slice","floor":25.0},{"not_picked":["Slice","Prepared"],"picked":"Sucker Punch+1","floor":27.0},{"not_picked":["PiercingWail+1","Skewer"],"picked":"Escape Plan","floor":28.0},{"not_picked":["Reflex+1","Dodge and Roll"],"picked":"Prepared+1","floor":29.0},{"not_picked":["Adrenaline","Night Terror"],"picked":"After Image","floor":33.0},{"not_picked":["Setup","Choke"],"picked":"Backflip+1","floor":35.0},{"not_picked":["PiercingWail","Deadly Poison"],"picked":"Backflip+1","floor":36.0},{"not_picked":["Underhanded Strike+1","Outmaneuver+1"],"picked":"Dagger Throw+1","floor":37.0},{"not_picked":["Dash+1","Masterful Stab"],"picked":"Deadly Poison+1","floor":38.0},{"not_picked":["Dagger Spray+1","Flechettes"],"picked":"Tools of the Trade","floor":42.0},{"not_picked":["Blade Dance","Dagger Throw"],"picked":"Flying Knee","floor":44.0},{"not_picked":["Concentrate","Reflex"],"picked":"Flying Knee+1","floor":45.0},{"not_picked":["Deadly Poison","Setup+1"],"picked":"Backflip+1","floor":46.0},{"not_picked":["Dark Shackles","Chrysalis"],"picked":"Transmutation","floor":48}],"player_experience":240424,"relics_obtained":[{"floor":8.0,"key":"Ancient Tea Set"},{"floor":9.0,"key":"Happy Flower"},{"floor":20.0,"key":"Enchiridion"},{"floor":21.0,"key":"Tingsha"},{"floor":25.0,"key":"MawBank"},{"floor":26.0,"key":"Tiny Chest"},{"floor":29.0,"key":"Snake Skull"},{"floor":34.0,"key":"Juzu Bracelet"},{"floor":34.0,"key":"Ornamental Fan"},{"floor":34.0,"key":"Du-Vu Doll"},{"floor":42.0,"key":"Turnip"},{"floor":43.0,"key":"Orichalcum"},{"floor":44.0,"key":"Dead Branch"},{"floor":46.0,"key":"Gambling Chip"}],"event_choices":[{"damage_healed":0.0,"max_hp_gain":0.0,"max_hp_loss":0.0,"gold_gain":0.0,"event_name":"WeMeetAgain","player_choice":"Gave Potion","floor":2.0,"gold_loss":0.0,"damage_taken":0.0,"relics_obtained":["Omamori"]},{"damage_healed":0.0,"max_hp_gain":0.0,"max_hp_loss":0.0,"gold_gain":0.0,"event_name":"Lab","player_choice":"Got Potions","floor":11.0,"gold_loss":0.0,"damage_taken":0.0},{"damage_healed":0.0,"max_hp_gain":0.0,"max_hp_loss":0.0,"gold_gain":0.0,"event_name":"Cursed Tome","player_choice":"Obtained Book","floor":20.0,"gold_loss":0.0,"damage_taken":16.0},{"damage_healed":0.0,"max_hp_gain":0.0,"max_hp_loss":24.0,"gold_gain":0.0,"event_name":"Vampires","player_choice":"Became a vampire","floor":31.0,"gold_loss":0.0,"damage_taken":0.0,"cards_obtained":["Bite","Bite","Bite","Bite","Bite"]},{"damage_healed":0.0,"max_hp_gain":0.0,"max_hp_loss":0.0,"gold_gain":300.0,"event_name":"Wheel of Change","player_choice":"Gold","floor":39.0,"gold_loss":0.0,"damage_taken":0.0},{"damage_healed":0.0,"max_hp_gain":0.0,"max_hp_loss":0.0,"gold_gain":0.0,"event_name":"Tomb of Lord Red Mask","player_choice":"Ignored","floor":41.0,"gold_loss":0.0,"damage_taken":0.0},{"damage_healed":0.0,"max_hp_gain":0.0,"max_hp_loss":0.0,"gold_gain":0.0,"event_name":"MindBloom","player_choice":"Fight","floor":42.0,"gold_loss":0.0,"damage_taken":0.0},{"damage_healed":0.0,"max_hp_gain":0.0,"max_hp_loss":0.0,"gold_gain":0.0,"event_name":"Mysterious Sphere","player_choice":"Fight","floor":44.0,"gold_loss":0.0,"damage_taken":0.0},{"damage_healed":0,"gold_gain":0,"player_choice":"Memory 1","damage_taken":0,"max_hp_gain":0,"max_hp_loss":0,"event_name":"SensoryStone","floor":48,"gold_loss":0}],"is_beta":false,"boss_relics":[{"not_picked":["White Beast Statue","Black Star"],"picked":"Eternal Feather"},{"not_picked":["Empty Cage","Coffee Dripper"],"picked":"Calling Bell"}],"items_purged_floors":[5,47],"is_endless":false,"potions_floor_spawned":[1,8,14,18,25,33,36,42,44],"killed_by":"Time Eater","ascension_level":5}