{"gold_per_floor":[116,116,8,8,26,53,53,85,161,176,176,202,127,138,138,213,263,283,293,293,310,132,158,158,185,210,243,51,51,51,51,51,123,123,135,135,65,165,18,18,18,33,56,56,86,106,106],"floor_reached":47,"playtime":2352,"items_purged":["Strike_G","Defend_G"],"score":1050,"play_id":"85e39dd8-7d78-45ec-b3c9-62962eb50962","local_time":"20190120152138","is_ascension_mode":true,"campfire_choices":[{"data":"Noxious Fumes","floor":7.0,"key":"SMITH"},{"data":"Neutralize","floor":11.0,"key":"SMITH"},{"data":"Flechettes","floor":15.0,"key":"SMITH"},{"floor":24.0,"key":"REST"},{"data":"Footwork","floor":32.0,"key":"SMITH"},{"data":"After Image","floor":40.0,"key":"SMITH"},{"data":"Catalyst","floor":44.0,"key":"SMITH"}],"neow_cost":"NONE","seed_source_timestamp":0,"circlet_count":0,"master_deck":["AscendersBane","Defend_G+1","Defend_G+1","Defend_G+1","Defend_G+1","Strike_G+1","Strike_G+1","Strike_G+1","Survivor","Neutralize+1","Blur","Noxious Fumes+1","Flechettes+1","Noxious Fumes+1","Cloak And Dagger","Escape Plan","Footwork","Venomology","Backflip","PiercingWail","Deadly Poison+1","Footwork+1","After Image+1","Calculated Gamble+1","Caltrops","Parasite","Catalyst+1","Backflip"],"special_seed":0,"relics":["Ring of the Snake","NeowsBlessing","Blood Vial","Centennial Puzzle","Ninja Scroll","Potion Belt","Tiny House","NlothsMask","Letter Opener","Gremlin Horn","Question Card","Lee\u0027s Waffle","Philosopher\u0027s Stone","Ginger","Bag of Preparation","StoneCalendar"],"potions_floor_usage":[47,47,47],"damage_taken":[{"damage":0.0,"enemies":"Jaw Worm","floor":1.0,"turns":1.0},{"damage":0.0,"enemies":"2 Louse","floor":5.0,"turns":1.0},{"damage":0.0,"enemies":"Lagavulin","floor":6.0,"turns":1.0},{"damage":15.0,"enemies":"3 Sentries","floor":8.0,"turns":6.0},{"damage":0.0,"enemies":"Small Slimes","floor":10.0,"turns":3.0},{"damage":16.0,"enemies":"Lagavulin","floor":12.0,"turns":7.0},{"damage":3.0,"enemies":"Blue Slaver","floor":14.0,"turns":4.0},{"damage":7.0,"enemies":"Slime Boss","floor":16.0,"turns":8.0},{"damage":1.0,"enemies":"Shell Parasite","floor":18.0,"turns":4.0},{"damage":12.0,"enemies":"Chosen","floor":19.0,"turns":6.0},{"damage":33.0,"enemies":"Snecko","floor":21.0,"turns":5.0},{"damage":33.0,"enemies":"Slavers","floor":23.0,"turns":7.0},{"damage":17.0,"enemies":"Book of Stabbing","floor":25.0,"turns":6.0},{"damage":0.0,"enemies":"Gremlin Leader","floor":27.0,"turns":6.0},{"damage":65.0,"enemies":"Collector","floor":33.0,"turns":9.0},{"damage":9.0,"enemies":"3 Darklings","floor":35.0,"turns":5.0},{"damage":3.0,"enemies":"Mind Bloom Boss Battle","floor":38.0,"turns":7.0},{"damage":9.0,"enemies":"Orb Walker","floor":42.0,"turns":5.0},{"damage":37.0,"enemies":"Nemesis","floor":45.0,"turns":7.0},{"damage":12.0,"enemies":"3 Darklings","floor":46.0,"turns":5.0},{"damage":16,"enemies":"Reptomancer","floor":47,"turns":2}],"seed_played":"-2938410115217568542","potions_obtained":[{"floor":5.0,"key":"Explosive Potion"},{"floor":6.0,"key":"Energy Potion"},{"floor":10.0,"key":"GamblersBrew"},{"floor":14.0,"key":"Fruit Juice"},{"floor":17.0,"key":"PowerPotion"},{"floor":18.0,"key":"GamblersBrew"},{"floor":23.0,"key":"GamblersBrew"},{"floor":27.0,"key":"Poison Potion"},{"floor":33.0,"key":"Explosive Potion"},{"floor":38.0,"key":"LiquidBronze"},{"floor":45.0,"key":"Poison Potion"},{"floor":46.0,"key":"LiquidBronze"}],"is_trial":false,"path_per_floor":["M","?","$","?","M","E","R","E","T","M","R","E","?","M","R","B",null,"M","M","?","M","$","E","R","E","T","E","$","?","?","$","R","B",null,"M","?","$","?","$","R","?","M","T","R","E","M","E"],"character_chosen":"THE_SILENT","items_purchased":["Noxious Fumes","Footwork","Lee\u0027s Waffle","Caltrops","Bag of Preparation"],"campfire_rested":1,"item_purchase_floors":[3,22,28,37,39],"current_hp_per_floor":[59,64,64,64,64,64,64,51,51,53,53,39,39,38,38,38,72,73,63,63,32,32,1,25,10,10,12,88,88,88,88,88,23,72,65,65,65,64,64,64,64,57,57,57,22,12,0],"gold":106,"neow_bonus":"THREE_ENEMY_KILL","is_prod":false,"is_daily":false,"chose_seed":false,"campfire_upgraded":6,"win_rate":0,"timestamp":1548004898,"path_taken":["M","?","$","?","M","E","R","E","T","M","R","E","?","M","R","BOSS","M","M","?","?","$","E","R","E","T","E","?","?","?","?","R","BOSS","M","?","$","?","$","R","?","?","T","R","E","M","E"],"build_version":"2019-01-19","purchased_purges":2,"victory":false,"max_hp_per_floor":[66,71,71,71,71,71,71,71,71,71,71,71,71,71,71,76,81,81,81,81,81,81,81,81,81,81,81,88,88,88,88,88,88,88,88,84,84,84,84,84,84,84,84,84,84,84,84],"card_choices":[{"not_picked":["Acrobatics","Deflect"],"picked":"Blur","floor":1.0},{"not_picked":["Accuracy","Sucker Punch"],"picked":"Flechettes","floor":5.0},{"not_picked":["Acrobatics","Skewer"],"picked":"Noxious Fumes","floor":6.0},{"not_picked":["Blade Dance","Deflect"],"picked":"Cloak And Dagger","floor":8.0},{"not_picked":["Distraction","Flechettes"],"picked":"Escape Plan","floor":10.0},{"not_picked":["Blade Dance","Tactician"],"picked":"Footwork","floor":12.0},{"not_picked":["Slice","Prepared","Accuracy"],"picked":"SKIP","floor":14.0},{"not_picked":["Wraith Form v2","Phantasmal Killer"],"picked":"Venomology","floor":16.0},{"not_picked":["Prepared","Dash"],"picked":"Backflip","floor":17.0},{"not_picked":["Prepared","Tactician"],"picked":"PiercingWail","floor":18.0},{"not_picked":["Tactician","Dagger Throw+1","Riddle With Holes"],"picked":"SKIP","floor":19.0},{"not_picked":["Prepared","Bane"],"picked":"Deadly Poison+1","floor":21.0},{"not_picked":["Noxious Fumes","Deadly Poison","Night Terror"],"picked":"SKIP","floor":23.0},{"not_picked":["Dodge and Roll","PiercingWail","Endless Agony"],"picked":"SKIP","floor":25.0},{"not_picked":["Heel Hook","Poisoned Stab","Bane"],"picked":"SKIP","floor":27.0},{"not_picked":["Malaise","Venomology","Night Terror"],"picked":"After Image","floor":33.0},{"not_picked":["Footwork+1","Masterful Stab","Setup"],"picked":"Calculated Gamble+1","floor":35.0},{"not_picked":["Accuracy+1","Calculated Gamble","Flying Knee"],"picked":"Catalyst","floor":42.0},{"not_picked":["All Out Attack","Doppelganger","Setup"],"picked":"Backflip","floor":45.0},{"not_picked":["Flying Knee","Choke","Accuracy","Slice"],"picked":"SKIP","floor":46.0}],"player_experience":916220,"relics_obtained":[{"floor":6.0,"key":"Blood Vial"},{"floor":8.0,"key":"Centennial Puzzle"},{"floor":9.0,"key":"Ninja Scroll"},{"floor":12.0,"key":"Potion Belt"},{"floor":23.0,"key":"Letter Opener"},{"floor":25.0,"key":"Gremlin Horn"},{"floor":27.0,"key":"Question Card"},{"floor":38.0,"key":"Ginger"},{"floor":45.0,"key":"StoneCalendar"}],"event_choices":[{"damage_healed":0.0,"max_hp_gain":5.0,"max_hp_loss":0.0,"gold_gain":0.0,"event_name":"Big Fish","player_choice":"Donut","floor":2.0,"gold_loss":0.0,"damage_taken":0.0},{"damage_healed":0.0,"max_hp_gain":0.0,"max_hp_loss":0.0,"gold_gain":0.0,"event_name":"Living Wall","player_choice":"Grow","floor":4.0,"gold_loss":0.0,"damage_taken":0.0,"cards_upgraded":["Noxious Fumes"]},{"cards_removed":["Strike_G"],"damage_healed":0.0,"max_hp_gain":0.0,"max_hp_loss":0.0,"gold_gain":0.0,"event_name":"The Cleric","player_choice":"Card Removal","floor":13.0,"gold_loss":75.0,"damage_taken":0.0},{"damage_healed":0.0,"max_hp_gain":0.0,"max_hp_loss":0.0,"gold_gain":0.0,"event_name":"FaceTrader","player_choice":"Trade","floor":20.0,"gold_loss":0.0,"damage_taken":0.0,"relics_obtained":["NlothsMask"]},{"damage_healed":0.0,"max_hp_gain":0.0,"max_hp_loss":0.0,"gold_gain":0.0,"event_name":"Back to Basics","player_choice":"Simplicity","floor":29.0,"gold_loss":0.0,"damage_taken":0.0,"cards_upgraded":["Defend_G","Defend_G","Defend_G","Defend_G","Strike_G","Strike_G"]},{"damage_healed":0.0,"max_hp_gain":0.0,"max_hp_loss":0.0,"gold_gain":0.0,"event_name":"Ghosts","player_choice":"Ignored","floor":30.0,"gold_loss":0.0,"damage_taken":0.0},{"damage_healed":0.0,"max_hp_gain":0.0,"max_hp_loss":4.0,"gold_gain":0.0,"event_name":"Winding Halls","player_choice":"Max HP","floor":36.0,"gold_loss":0.0,"damage_taken":0.0},{"damage_healed":0.0,"max_hp_gain":0.0,"max_hp_loss":0.0,"gold_gain":0.0,"event_name":"MindBloom","player_choice":"Fight","floor":38.0,"gold_loss":0.0,"damage_taken":0.0},{"damage_healed":0.0,"max_hp_gain":0.0,"max_hp_loss":0.0,"gold_gain":0.0,"event_name":"Match and Keep!","player_choice":"1 cards matched","floor":41.0,"gold_loss":0.0,"damage_taken":0.0,"cards_obtained":["Parasite"]}],"is_beta":true,"boss_relics":[{"not_picked":["Snecko Eye","Pandora\u0027s Box"],"picked":"Tiny House"},{"not_picked":["Ring of the Serpent","Lizard Tail"],"picked":"Philosopher\u0027s Stone"}],"items_purged_floors":[3,22],"is_endless":false,"potions_floor_spawned":[5,6,10,14,18,23,27,33,38,45,46],"killed_by":"Reptomancer","ascension_level":15}