{"gold_per_floor":[117,131,149,224,243,271,271,290,314,332,332,332,332,347,347,478,478,498,498,498,511,525,564,564,582,606,258,293,306,306,221,233,245],"floor_reached":33,"playtime":2935,"items_purged":[],"score":418,"play_id":"9a67acf0-8f3c-4bb1-9f4d-b556fe1fa44d","local_time":"20190211191933","is_ascension_mode":true,"campfire_choices":[{"data":"Quick Slash","floor":7,"key":"SMITH"},{"data":"Poisoned Stab","floor":11,"key":"SMITH"},{"data":"Neutralize","floor":13,"key":"SMITH"},{"floor":15,"key":"REST"},{"data":"Venomology","floor":24,"key":"SMITH"},{"floor":30,"key":"REST"},{"floor":32,"key":"REST"}],"neow_cost":"TEN_PERCENT_HP_LOSS","seed_source_timestamp":803167388706971,"circlet_count":0,"master_deck":["Defend_G+1","Defend_G+1","Defend_G","Defend_G","Survivor","Neutralize+1","Backflip","Quick Slash+1","Poisoned Stab+1","Well Laid Plans","Riddle With Holes","Injury","Flying Knee","Venomology+1","All Out Attack+1","Bite","Bite","Bite","Bite","Bite","A Thousand Cuts","Dash","All Out Attack","Bane","Flying Knee"],"relics":["Ring of the Snake","Pocketwatch","Mercury Hourglass","War Paint","Golden Idol","Empty Cage","Snake Skull","Lantern","TwistedFunnel","Vajra","Centennial Puzzle","MawBank"],"potions_floor_usage":[6,16,16,16,21,22,22,23,25,25,28,28,28,28,28,29,33,33],"damage_taken":[{"damage":0,"enemies":"Small Slimes","floor":1,"turns":3},{"damage":0,"enemies":"Cultist","floor":2,"turns":4},{"damage":0,"enemies":"2 Louse","floor":3,"turns":4},{"damage":3,"enemies":"Gremlin Gang","floor":5,"turns":5},{"damage":20,"enemies":"Gremlin Nob","floor":6,"turns":4},{"damage":0,"enemies":"3 Louse","floor":8,"turns":2},{"damage":0,"enemies":"2 Fungi Beasts","floor":10,"turns":2},{"damage":2,"enemies":"Exordium Thugs","floor":14,"turns":4},{"damage":17,"enemies":"The Guardian","floor":16,"turns":8},{"damage":9,"enemies":"3 Byrds","floor":18,"turns":5},{"damage":3,"enemies":"Spheric Guardian","floor":21,"turns":3},{"damage":10,"enemies":"Chosen and Byrds","floor":22,"turns":4},{"damage":20,"enemies":"Gremlin Leader","floor":23,"turns":6},{"damage":39,"enemies":"Centurion and Healer","floor":25,"turns":5},{"damage":0,"enemies":"Slavers","floor":28,"turns":2},{"damage":14,"enemies":"Shelled Parasite and Fungi","floor":29,"turns":5},{"damage":53,"enemies":"Champ","floor":33,"turns":9}],"seed_played":"-9137199510121261636","potions_obtained":[{"floor":2,"key":"PowerPotion"},{"floor":5,"key":"Poison Potion"},{"floor":6,"key":"Strength Potion"},{"floor":8,"key":"AttackPotion"},{"floor":16,"key":"Energy Potion"},{"floor":18,"key":"Block Potion"},{"floor":22,"key":"Regen Potion"},{"floor":29,"key":"Strength Potion"}],"is_trial":false,"path_per_floor":["M","M","M","?","M","E","R","M","T","M","R","?","R","M","R","B",null,"M","?","?","M","M","E","R","M","T","$","E","M","R","?","R","B"],"character_chosen":"THE_SILENT","items_purchased":["TwistedFunnel","Vajra"],"campfire_rested":3,"item_purchase_floors":[27,27],"current_hp_per_floor":[63,63,63,57,54,34,34,34,34,34,34,34,34,32,50,33,56,47,44,44,43,41,34,34,5,5,5,7,13,26,26,39,0],"gold":245,"neow_bonus":"ONE_RARE_RELIC","is_prod":false,"is_daily":false,"chose_seed":false,"campfire_upgraded":4,"win_rate":0,"timestamp":1549941573,"path_taken":["M","M","M","?","M","E","R","?","T","M","R","?","R","M","R","BOSS","M","?","?","M","M","E","R","M","T","$","E","?","R","?","R","BOSS"],"build_version":"2019-01-23","purchased_purges":0,"victory":false,"max_hp_per_floor":[63,63,63,63,63,63,63,63,63,63,63,63,63,63,63,63,63,63,44,44,44,44,44,44,44,44,44,44,44,44,44,44,44],"card_choices":[{"not_picked":["Outmaneuver","Prepared"],"picked":"Backflip","floor":1},{"not_picked":["PiercingWail","Acrobatics"],"picked":"Escape Plan","floor":2},{"not_picked":["Slice","Endless Agony"],"picked":"Quick Slash","floor":3},{"not_picked":["Setup","Reflex"],"picked":"Poisoned Stab","floor":5},{"not_picked":["Tactician","Dagger Spray"],"picked":"Well Laid Plans","floor":6},{"not_picked":["Bane","Infinite Blades"],"picked":"Riddle With Holes","floor":8},{"not_picked":["Grand Finale","Blade Dance","Cloak And Dagger"],"picked":"SKIP","floor":10},{"not_picked":["Acrobatics","Prepared"],"picked":"Flying Knee","floor":14},{"not_picked":["Storm of Steel","Wraith Form v2"],"picked":"Venomology","floor":16},{"not_picked":["Prepared+1","Blade Dance"],"picked":"All Out Attack+1","floor":18},{"not_picked":["Underhanded Strike","Deflect+1"],"picked":"A Thousand Cuts","floor":21},{"not_picked":["Bane","Cloak And Dagger"],"picked":"Dash","floor":22},{"not_picked":["Sucker Punch","Deflect+1"],"picked":"All Out Attack","floor":23},{"not_picked":["Dagger Spray","Deflect"],"picked":"Bane","floor":25},{"not_picked":["Slice","Blade Dance"],"picked":"Flying Knee","floor":28},{"not_picked":["Underhanded Strike","Dagger Spray","Acrobatics+1"],"picked":"SKIP","floor":29}],"player_experience":244697,"relics_obtained":[{"floor":6,"key":"Mercury Hourglass"},{"floor":9,"key":"War Paint"},{"floor":23,"key":"Snake Skull"},{"floor":26,"key":"Lantern"},{"floor":28,"key":"Centennial Puzzle"}],"event_choices":[{"damage_healed":0,"gold_gain":75,"player_choice":"Touch","damage_taken":6,"max_hp_gain":0,"max_hp_loss":0,"event_name":"FaceTrader","floor":4,"gold_loss":0},{"damage_healed":0,"gold_gain":0,"player_choice":"Take Wound","damage_taken":0,"relics_obtained":["Golden Idol"],"max_hp_gain":0,"max_hp_loss":0,"event_name":"Golden Idol","floor":12,"gold_loss":0,"cards_obtained":["Injury"]},{"damage_healed":0,"gold_gain":0,"player_choice":"Became a vampire","damage_taken":0,"max_hp_gain":0,"max_hp_loss":19,"event_name":"Vampires","floor":19,"gold_loss":0,"cards_obtained":["Bite","Bite","Bite","Bite","Bite"]},{"cards_removed":["Escape Plan"],"damage_healed":0,"gold_gain":0,"player_choice":"Offered Uncommon","damage_taken":0,"max_hp_gain":0,"max_hp_loss":0,"event_name":"Bonfire Elementals","floor":20,"gold_loss":0},{"damage_healed":0,"gold_gain":0,"player_choice":"Obtained Relic","damage_taken":0,"relics_obtained":["MawBank"],"max_hp_gain":0,"max_hp_loss":0,"event_name":"Addict","floor":31,"gold_loss":85}],"is_beta":false,"boss_relics":[{"not_picked":["White Beast Statue","HoveringKite"],"picked":"Empty Cage"}],"items_purged_floors":[],"is_endless":false,"potions_floor_spawned":[2,5,6,8,16,18,22,29],"killed_by":"Champ","ascension_level":5}