{"gold_per_floor":[116,116,132,153,103,143,14,38,38,38,38,38,52,70,70,199,199,124,124,64,64,64,64,64,64,64,64,64,64,64,28,28,28,28,28,28,28,28,0,0],"floor_reached":40,"playtime":2104,"items_purged":["Strike_B"],"score":485,"play_id":"94f8d93b-db47-4ac9-99be-1584fa3d51c8","local_time":"20181108173907","is_ascension_mode":true,"campfire_choices":[{"floor":10,"key":"REST"},{"floor":12,"key":"REST"},{"floor":15,"key":"REST"},{"floor":23,"key":"REST"},{"floor":27,"key":"REST"},{"floor":29,"key":"REST"},{"floor":32,"key":"REST"}],"neow_cost":"NONE","seed_source_timestamp":0,"circlet_count":0,"master_deck":["Strike_B","Strike_B","Defend_B","Defend_B","Defend_B","Defend_B","Zap","Dualcast","Coolheaded","Gash","Gash","Self Repair","Thunder Strike","Glacier","Ball Lightning","Darkness","Sunder","Tempest","Static Discharge","Conserve Battery","Electrodynamics","Consume+1","Madness","Madness","Finesse"],"special_seed":0,"relics":["Fusion Hammer","Golden Idol","The Courier","Letter Opener","Ectoplasm","Enchiridion","Mercury Hourglass","Mango","PreservedInsect","Runic Dome","Red Mask"],"potions_floor_usage":[16,16,18,25,33],"damage_taken":[{"damage":0.0,"enemies":"Small Slimes","floor":1.0,"turns":3.0},{"damage":0.0,"enemies":"2 Louse","floor":3.0,"turns":2.0},{"damage":0.0,"enemies":"Cultist","floor":4.0,"turns":3.0},{"damage":38.0,"enemies":"Lagavulin","floor":6.0,"turns":6.0},{"damage":9,"enemies":"Large Slime","floor":8,"turns":5},{"damage":2,"enemies":"Exordium Wildlife","floor":13,"turns":5},{"damage":0,"enemies":"3 Louse","floor":14,"turns":3},{"damage":17,"enemies":"Slime Boss","floor":16,"turns":7},{"damage":31,"enemies":"2 Thieves","floor":18,"turns":4},{"damage":22,"enemies":"Shell Parasite","floor":21,"turns":5},{"damage":5,"enemies":"Snecko","floor":22,"turns":4},{"damage":41,"enemies":"Colosseum Slavers","floor":24,"turns":3},{"damage":10,"enemies":"Book of Stabbing","floor":25,"turns":4},{"damage":13,"enemies":"Cultist and Chosen","floor":30,"turns":4},{"damage":55,"enemies":"Automaton","floor":33,"turns":8},{"damage":11,"enemies":"Orb Walker","floor":35,"turns":4},{"damage":26,"enemies":"3 Shapes","floor":38,"turns":2},{"damage":48,"enemies":"Nemesis","floor":40,"turns":4}],"seed_played":"-533517812481173541","potions_obtained":[{"floor":4.0,"key":"Strength Potion"},{"floor":8,"key":"Regen Potion"},{"floor":14,"key":"FearPotion"},{"floor":21,"key":"PowerPotion"},{"floor":25,"key":"PowerPotion"},{"floor":33,"key":"LiquidBronze"},{"floor":38,"key":"FearPotion"}],"is_trial":false,"path_per_floor":["M","?","M","M","?","E","$","M","T","R","$","R","M","M","R","B",null,"M","?","$","M","M","R","?","E","T","R","?","R","M","$","R","B",null,"M","?","?","M","?","E"],"character_chosen":"DEFECT","items_purchased":["Thunder Strike","Conserve Battery"],"campfire_rested":7,"item_purchase_floors":[7,31],"current_hp_per_floor":[75,57,57,57,57,19,19,17,17,39,39,61,66,73,75,65,75,60,44,44,29,24,46,12,16,30,56,56,82,76,76,89,48,89,78,67,62,43,43,0],"gold":0,"neow_bonus":"BOSS_RELIC","is_prod":false,"is_daily":false,"chose_seed":false,"campfire_upgraded":0,"win_rate":0,"timestamp":1541705947,"path_taken":["M","?","M","?","?","E","$","M","T","R","?","R","M","?","R","BOSS","M","?","$","M","M","R","?","E","T","R","?","R","M","?","R","BOSS","M","?","?","M","?","E"],"build_version":"2018-11-07","purchased_purges":1,"victory":false,"max_hp_per_floor":[75,75,75,75,75,75,75,75,75,75,75,75,75,75,75,75,75,75,75,75,75,75,75,75,75,89,89,89,89,89,89,89,89,89,89,89,89,89,89,89],"card_choices":[{"not_picked":["Turbo","Barrage"],"picked":"Coolheaded","floor":1.0},{"not_picked":["Conserve Battery","Compile Driver"],"picked":"Gash","floor":3.0},{"not_picked":["Hologram","Steam Power"],"picked":"Gash","floor":4.0},{"not_picked":["Hello World","Double Energy"],"picked":"Self Repair","floor":6.0},{"not_picked":["Streamline","Redo"],"picked":"Glacier","floor":8},{"not_picked":["Darkness","Chill"],"picked":"Ball Lightning","floor":13},{"not_picked":["Melter","Aggregate","Go for the Eyes"],"picked":"SKIP","floor":14},{"not_picked":["Hologram","Ball Lightning+1"],"picked":"Darkness","floor":18},{"not_picked":["Barrage","Beam Cell"],"picked":"Sunder","floor":21},{"not_picked":["Barrage","Undo"],"picked":"Tempest","floor":22},{"not_picked":["Thunder Strike","Sweeping Beam","Fusion"],"picked":"SKIP","floor":25},{"not_picked":["Lockon","Ball Lightning"],"picked":"Static Discharge","floor":30},{"not_picked":["Rainbow","All For One"],"picked":"Electrodynamics","floor":33},{"not_picked":["Stack+1","Go for the Eyes+1"],"picked":"Consume+1","floor":35},{"not_picked":["Purity","Mind Blast"],"picked":"Finesse","floor":37},{"not_picked":["Ball Lightning","Sweeping Beam","Gash"],"picked":"SKIP","floor":38}],"player_experience":867969,"relics_obtained":[{"floor":6.0,"key":"The Courier"},{"floor":9,"key":"Letter Opener"},{"floor":19,"key":"Enchiridion"},{"floor":25,"key":"Mercury Hourglass"},{"floor":26,"key":"Mango"}],"event_choices":[{"event_name":"Golden Idol","player_choice":"Take Damage","floor":2.0,"damage_taken":0.0},{"event_name":"The Cleric","player_choice":"Card Removal","floor":5.0,"damage_taken":0.0},{"damage_healed":0,"gold_gain":0,"player_choice":"Obtained Book","damage_taken":16,"max_hp_gain":0,"max_hp_loss":0,"event_name":"Cursed Tome","floor":19,"gold_loss":0},{"damage_healed":0,"gold_gain":0,"player_choice":"Fight","damage_taken":0,"max_hp_gain":0,"max_hp_loss":0,"event_name":"Colosseum","floor":24,"gold_loss":0},{"damage_healed":0,"gold_gain":0,"player_choice":"Fled From Nobs","damage_taken":0,"max_hp_gain":0,"max_hp_loss":0,"event_name":"Colosseum","floor":24,"gold_loss":0},{"damage_healed":0,"gold_gain":0,"player_choice":"Opened","damage_taken":0,"relics_obtained":["PreservedInsect"],"max_hp_gain":0,"max_hp_loss":0,"event_name":"The Mausoleum","floor":28,"gold_loss":0},{"damage_healed":0,"gold_gain":0,"player_choice":"Embrace Madness","damage_taken":11,"max_hp_gain":0,"max_hp_loss":0,"event_name":"Winding Halls","floor":36,"gold_loss":0,"cards_obtained":["Madness","Madness"]},{"damage_healed":0,"gold_gain":0,"player_choice":"Memory 2","damage_taken":5,"max_hp_gain":0,"max_hp_loss":0,"event_name":"SensoryStone","floor":37,"gold_loss":0},{"damage_healed":0,"gold_gain":0,"player_choice":"Paid","damage_taken":0,"relics_obtained":["Red Mask"],"max_hp_gain":0,"max_hp_loss":0,"event_name":"Tomb of Lord Red Mask","floor":39,"gold_loss":28}],"is_beta":true,"boss_relics":[{"not_picked":["Snecko Eye","Tiny House"],"picked":"Ectoplasm"},{"not_picked":["Nuclear Battery","Runic Pyramid"],"picked":"Runic Dome"}],"items_purged_floors":[20],"is_endless":false,"potions_floor_spawned":[4,8,14,21,24,25,33,38],"killed_by":"Nemesis","ascension_level":4}