{"gold_per_floor":[118,136,147,147,161,161,161,161,187,203,203,221,221,239,239,343,343,363,288,288,288,288,288,302,322,322,333,352,370,370],"floor_reached":30,"playtime":980,"items_purged":[],"score":328,"play_id":"8f6f8626-fcbd-4a11-93d0-11e65cdef644","local_time":"20180731183515","is_ascension_mode":true,"campfire_choices":[{"floor":6,"key":"REST"},{"data":"Inflame","floor":8,"key":"SMITH"},{"data":"Clash","floor":15,"key":"SMITH"},{"data":"Demon Form","floor":23,"key":"SMITH"}],"neow_cost":"FIFTY_PERCENT_DAMAGE","seed_source_timestamp":27773866114262,"circlet_count":0,"master_deck":["Strike_R+1","Strike_R+1","Strike_R+1","Strike_R+1","Strike_R+1","Defend_R+1","Defend_R+1","Defend_R+1","Bash","Clash+1","Inflame+1","Evolve","Iron Wave","Rage","Demon Form+1","Pummel","Second Wind+1","Double Tap","Clothesline+1","Thunderclap","Combust"],"relics":["Burning Blood","Bird Faced Urn","War Paint","Bronze Scales","GremlinMask","Gambling Chip","Sozu","Question Card"],"potions_floor_usage":[5,16],"damage_taken":[{"damage":6,"enemies":"Cultist","floor":1,"turns":3},{"damage":2,"enemies":"2 Louse","floor":2,"turns":4},{"damage":0,"enemies":"Jaw Worm","floor":3,"turns":3},{"damage":0,"enemies":"Blue Slaver","floor":5,"turns":3},{"damage":8,"enemies":"3 Louse","floor":10,"turns":3},{"damage":2,"enemies":"Large Slime","floor":12,"turns":6},{"damage":0,"enemies":"2 Fungi Beasts","floor":14,"turns":3},{"damage":52,"enemies":"The Guardian","floor":16,"turns":10},{"damage":22,"enemies":"Shell Parasite","floor":18,"turns":5},{"damage":10,"enemies":"3 Byrds","floor":24,"turns":4},{"damage":12,"enemies":"Centurion and Healer","floor":25,"turns":5},{"damage":20,"enemies":"Slaver and Parasite","floor":27,"turns":5},{"damage":36,"enemies":"Sentry and Sphere","floor":28,"turns":4},{"damage":12,"enemies":"Centurion and Healer","floor":29,"turns":5},{"damage":20,"enemies":"Snake Plant","floor":30,"turns":3}],"seed_played":"-1181190830042598013","potions_obtained":[{"floor":2,"key":"Block Potion"},{"floor":3,"key":"Fire Potion"},{"floor":5,"key":"Dexterity Potion"}],"is_trial":false,"path_per_floor":["M","M","M","?","M","R","?","R","T","M","?","M","T","M","R","B",null,"M","?","?","?","?","R","M","M","T","M","M","M"],"character_chosen":"IRONCLAD","items_purchased":[],"campfire_rested":1,"item_purchase_floors":[],"current_hp_per_floor":[36,40,46,21,29,53,37,37,37,39,39,47,47,55,55,13,63,53,53,53,53,53,53,53,51,51,39,15,13,0],"gold":370,"neow_bonus":"ONE_RARE_RELIC","is_prod":false,"is_daily":false,"chose_seed":false,"campfire_upgraded":3,"win_rate":0,"timestamp":1533072915,"path_taken":["M","M","?","?","M","R","?","R","T","M","?","?","?","M","R","BOSS","M","?","?","?","?","R","M","M","T","?","M","M","M"],"build_version":"2018-07-30","purchased_purges":0,"victory":false,"max_hp_per_floor":[80,80,80,80,80,80,80,80,80,80,80,80,80,80,80,80,80,80,80,80,80,80,80,80,80,80,80,80,80,80],"card_choices":[{"not_picked":["Body Slam","Battle Trance","Hemokinesis"],"picked":"SKIP","floor":1},{"not_picked":["Power Through","Havoc"],"picked":"Clash","floor":2},{"not_picked":["Flex","Havoc"],"picked":"Inflame","floor":3},{"not_picked":["Twin Strike","Body Slam"],"picked":"Evolve","floor":5},{"not_picked":["Flame Barrier","Perfected Strike"],"picked":"Iron Wave","floor":10},{"not_picked":["Flame Barrier","Shrug It Off"],"picked":"Rage","floor":12},{"not_picked":["Sentinel","Uppercut","Blood for Blood"],"picked":"SKIP","floor":14},{"not_picked":["Feed","Dark Embrace"],"picked":"Demon Form","floor":16},{"not_picked":["Iron Wave","Perfected Strike"],"picked":"Pummel","floor":18},{"not_picked":["Sword Boomerang","Inflame","Iron Wave"],"picked":"SKIP","floor":24},{"not_picked":["Cleave","Searing Blow"],"picked":"Double Tap","floor":25},{"not_picked":["Ghostly Armor+1","Armaments","Bloodletting"],"picked":"Clothesline+1","floor":27},{"not_picked":["Inflame+1","Entrench","Cleave+1"],"picked":"Thunderclap","floor":28},{"not_picked":["Rampage+1","Wild Strike","Searing Blow"],"picked":"Combust","floor":29}],"player_experience":855048,"relics_obtained":[{"floor":9,"key":"Bronze Scales"},{"floor":13,"key":"Gambling Chip"},{"floor":26,"key":"Question Card"}],"event_choices":[{"event_name":"Scrap Ooze","player_choice":"success","floor":4,"damage_taken":25},{"event_name":"Shining Light","player_choice":"Entered Light","floor":7,"damage_taken":0},{"event_name":"FaceTrader","player_choice":"Trade","floor":11,"damage_taken":0},{"event_name":"Beggar","player_choice":"Gave Gold","floor":19,"damage_taken":0},{"event_name":"Back to Basics","player_choice":"Simplicity","floor":20,"damage_taken":0},{"event_name":"The Library","player_choice":"Read","floor":21,"damage_taken":0},{"event_name":"Accursed Blacksmith","player_choice":"Forge","floor":22,"damage_taken":0}],"is_beta":true,"boss_relics":[{"not_picked":["Runic Pyramid","Runic Cube"],"picked":"Sozu"}],"items_purged_floors":[],"is_endless":false,"potions_floor_spawned":[2,3,5,18,24],"killed_by":"Snake Plant","ascension_level":9}