{"gold_per_floor":[113,113,113,74,74,74,113,113,113,157,4,35,35,71,71,191,191,216,236,256,13,29,29,29,29,29,62,62,103,118,151,151,271,271,287,412,436,12,32,32,52,68,139,153,153,153,33,54,54,54],"floor_reached":50,"playtime":2591,"items_purged":["Strike_G","Strike_G"],"score":799,"play_id":"07d0ad34-1b11-43af-8864-1e21811e1c93","local_time":"20190311152025","is_ascension_mode":true,"campfire_choices":[{"data":"Neutralize","floor":6.0,"key":"SMITH"},{"data":"Dagger Spray","floor":8.0,"key":"SMITH"},{"data":"Infinite Blades","floor":13.0,"key":"SMITH"},{"data":"Noxious Fumes","floor":15,"key":"SMITH"},{"floor":23,"key":"REST"},{"floor":25,"key":"REST"},{"data":"Burst","floor":28,"key":"SMITH"},{"floor":32,"key":"REST"},{"data":"Infinite Blades","floor":40,"key":"SMITH"},{"floor":45,"key":"REST"},{"data":"Catalyst","floor":49,"key":"SMITH"}],"neow_cost":"NONE","seed_source_timestamp":342180856428508,"circlet_count":0,"master_deck":["Defend_G","Defend_G","Defend_G","Defend_G","Defend_G","Strike_G","Strike_G","Survivor","Neutralize+1","Dagger Spray+1","Skewer","Dagger Throw","Dodge and Roll","Infinite Blades+1","Noxious Fumes+1","Well Laid Plans","Burst+1","Terror","Blade Dance+1","Cloak And Dagger+1","All Out Attack+1","Concentrate","Catalyst+1","Deadly Poison+1","Infinite Blades+1","Envenom","Reflex+1","Acrobatics+1","Tactician","Bouncing Flask+1","Deadly Poison+1","Deadly Poison+1","Underhanded Strike","Backflip+1","Dash","Cloak And Dagger+1"],"special_seed":0,"relics":["Ring of the Snake","NeowsBlessing","Golden Idol","Shuriken","FossilizedHelix","Dodecahedron","Regal Pillow","Bottled Lightning","Bird Faced Urn","Runic Pyramid","Mummified Hand","Enchiridion","Pantograph","Blood Vial","Bottled Flame","PreservedInsect","HoveringKite","Incense Burner","Bottled Tornado","Toxic Egg 2"],"potions_floor_usage":[18,19,20,27,44,50,50],"damage_taken":[{"damage":0.0,"enemies":"Small Slimes","floor":1.0,"turns":1.0},{"damage":0.0,"enemies":"3 Sentries","floor":7.0,"turns":1.0},{"damage":0.0,"enemies":"Gremlin Nob","floor":10.0,"turns":1.0},{"damage":2.0,"enemies":"Lagavulin","floor":12.0,"turns":6.0},{"damage":15,"enemies":"3 Sentries","floor":14,"turns":4},{"damage":20,"enemies":"Hexaghost","floor":16,"turns":9},{"damage":22,"enemies":"2 Thieves","floor":18,"turns":4},{"damage":16,"enemies":"Spheric Guardian","floor":19,"turns":5},{"damage":20,"enemies":"Snake Plant","floor":20,"turns":6},{"damage":18,"enemies":"3 Cultists","floor":22,"turns":5},{"damage":10,"enemies":"Gremlin Leader","floor":27,"turns":5},{"damage":38,"enemies":"Slavers","floor":29,"turns":5},{"damage":0,"enemies":"Cultist and Chosen","floor":30,"turns":4},{"damage":16,"enemies":"Gremlin Leader","floor":31,"turns":5},{"damage":30,"enemies":"Automaton","floor":33,"turns":7},{"damage":17,"enemies":"Orb Walker","floor":35,"turns":4},{"damage":15,"enemies":"Mind Bloom Boss Battle","floor":36,"turns":6},{"damage":29,"enemies":"3 Darklings","floor":37,"turns":4},{"damage":6,"enemies":"Writhing Mass","floor":39,"turns":4},{"damage":16,"enemies":"4 Shapes","floor":41,"turns":4},{"damage":27,"enemies":"Sphere and 2 Shapes","floor":42,"turns":6},{"damage":30,"enemies":"Writhing Mass","floor":44,"turns":4},{"damage":0,"enemies":"3 Darklings","floor":48,"turns":3},{"damage":68,"enemies":"Time Eater","floor":50,"turns":9}],"seed_played":"4866801335642344755","potions_obtained":[{"floor":10.0,"key":"EssenceOfSteel"},{"floor":14,"key":"PowerPotion"},{"floor":18,"key":"AttackPotion"},{"floor":20,"key":"Strength Potion"},{"floor":22,"key":"AttackPotion"},{"floor":30,"key":"Ancient Potion"},{"floor":33,"key":"SpeedPotion"},{"floor":36,"key":"LiquidBronze"},{"floor":41,"key":"Explosive Potion"},{"floor":44,"key":"Weak Potion"}],"is_trial":false,"path_per_floor":["M","?","T","$","?","R","E","R","T","E","$","E","R","E","R","B",null,"M","M","M","$","M","R","?","R","T","E","R","E","M","E","R","B",null,"M","?","M","$","M","R","M","M","T","M","R","?","$","M","R","B"],"character_chosen":"THE_SILENT","items_purchased":["Skewer","Infinite Blades","Mummified Hand","Tactician","Bottled Tornado","Backflip+1","Dash"],"campfire_rested":4,"item_purchase_floors":[4,11,21,38,38,47,47],"current_hp_per_floor":[63,63,63,63,56,56,56,56,56,56,56,54,54,39,39,25,55,41,31,15,15,1,35,19,53,53,51,51,21,27,17,51,38,58,48,50,33,33,41,41,37,22,22,6,40,40,40,52,52,0],"gold":54,"neow_bonus":"THREE_ENEMY_KILL","is_prod":false,"is_daily":false,"chose_seed":false,"campfire_upgraded":7,"win_rate":0,"timestamp":1552335625,"path_taken":["M","?","?","$","?","R","E","R","T","E","?","E","R","E","R","BOSS","M","M","M","$","M","R","?","R","T","E","R","E","M","E","R","BOSS","M","?","M","$","M","R","M","M","T","M","R","?","$","M","R","BOSS"],"build_version":"2019-01-23","purchased_purges":2,"victory":false,"max_hp_per_floor":[70,65,65,65,65,65,65,65,65,65,65,65,65,65,65,65,65,65,65,65,65,65,65,65,65,65,65,65,65,65,65,65,65,65,65,65,65,65,65,65,65,65,65,65,65,65,65,65,65,65],"card_choices":[{"not_picked":["Dodge and Roll","Infinite Blades"],"picked":"Dagger Spray","floor":1.0},{"not_picked":["Sucker Punch","Concentrate"],"picked":"Dagger Throw","floor":7.0},{"not_picked":["Poisoned Stab","Bane"],"picked":"Dodge and Roll","floor":10.0},{"not_picked":["Deadly Poison","Blur"],"picked":"Noxious Fumes","floor":12.0},{"not_picked":["Bullet Time","Skewer"],"picked":"Well Laid Plans","floor":14},{"not_picked":["Venomology","Tools of the Trade"],"picked":"Burst","floor":16},{"not_picked":["Outmaneuver+1","Deadly Poison"],"picked":"Terror","floor":18},{"not_picked":["Dodge and Roll+1","PiercingWail"],"picked":"Blade Dance+1","floor":19},{"not_picked":["Sucker Punch","Backflip"],"picked":"Cloak And Dagger+1","floor":20},{"not_picked":["Bane+1","Blade Dance+1"],"picked":"All Out Attack+1","floor":22},{"not_picked":["Dagger Throw","Expertise"],"picked":"Concentrate","floor":27},{"not_picked":["Caltrops+1","Prepared"],"picked":"Catalyst","floor":29},{"not_picked":["Bane","Expertise"],"picked":"Deadly Poison+1","floor":30},{"not_picked":["Venomology","Deflect"],"picked":"Infinite Blades","floor":31},{"not_picked":["Phantasmal Killer","Night Terror"],"picked":"Envenom","floor":33},{"not_picked":["Deflect+1","Dagger Spray+1"],"picked":"Reflex+1","floor":35},{"not_picked":["Masterful Stab","Blade Dance"],"picked":"Acrobatics+1","floor":36},{"not_picked":["Bane","Riddle With Holes+1","All Out Attack+1"],"picked":"SKIP","floor":37},{"not_picked":["Well Laid Plans+1","Glass Knife"],"picked":"Bouncing Flask+1","floor":39},{"not_picked":["Well Laid Plans+1","Dagger Throw+1"],"picked":"Deadly Poison+1","floor":41},{"not_picked":["Skewer+1","Prepared"],"picked":"Deadly Poison+1","floor":42},{"not_picked":["Distraction+1","Poisoned Stab+1"],"picked":"Underhanded Strike","floor":44},{"not_picked":["Prepared+1","Deflect+1"],"picked":"Cloak And Dagger+1","floor":48}],"player_experience":335411,"relics_obtained":[{"floor":3.0,"key":"Shuriken"},{"floor":7.0,"key":"FossilizedHelix"},{"floor":9.0,"key":"Dodecahedron"},{"floor":10.0,"key":"Regal Pillow"},{"floor":12.0,"key":"Bottled Lightning"},{"floor":14,"key":"Bird Faced Urn"},{"floor":24,"key":"Enchiridion"},{"floor":26,"key":"Pantograph"},{"floor":27,"key":"Blood Vial"},{"floor":29,"key":"Bottled Flame"},{"floor":31,"key":"PreservedInsect"},{"floor":36,"key":"Incense Burner"},{"floor":43,"key":"Toxic Egg 2"}],"event_choices":[{"damage_healed":0.0,"max_hp_gain":0.0,"max_hp_loss":5.0,"gold_gain":0.0,"event_name":"Golden Idol","player_choice":"Lose Max HP","floor":2.0,"gold_loss":0.0,"damage_taken":0.0,"relics_obtained":["Golden Idol"]},{"cards_removed":["Strike_G"],"damage_healed":0.0,"max_hp_gain":0.0,"max_hp_loss":0.0,"gold_gain":0.0,"event_name":"Golden Wing","player_choice":"Card Removal","floor":5.0,"gold_loss":0.0,"damage_taken":7.0},{"damage_healed":0,"gold_gain":0,"player_choice":"Obtained Book","damage_taken":16,"max_hp_gain":0,"max_hp_loss":0,"event_name":"Cursed Tome","floor":24,"gold_loss":0},{"damage_healed":0,"gold_gain":0,"player_choice":"Fight","damage_taken":0,"max_hp_gain":0,"max_hp_loss":0,"event_name":"MindBloom","floor":36,"gold_loss":0},{"damage_healed":0,"gold_gain":0,"player_choice":"Ignored","damage_taken":0,"max_hp_gain":0,"max_hp_loss":0,"event_name":"SecretPortal","floor":46,"gold_loss":0}],"is_beta":false,"boss_relics":[{"not_picked":["Velvet Choker","Pandora\u0027s Box"],"picked":"Runic Pyramid"},{"not_picked":["Coffee Dripper","Fusion Hammer"],"picked":"HoveringKite"}],"items_purged_floors":[11,38],"is_endless":false,"potions_floor_spawned":[10,14,18,20,22,30,33,36,39,41,44],"killed_by":"Time Eater","ascension_level":6}