{"gold_per_floor":[115,43,43,43,61,89,105,130,156,170,170,196,196],"floor_reached":13,"playtime":374,"items_purged":[],"score":154,"play_id":"824a4cd2-e505-4609-b464-f4e6614b434a","local_time":"20190227123125","is_ascension_mode":true,"campfire_choices":[],"neow_cost":"NONE","seed_source_timestamp":59717646416574,"circlet_count":0,"master_deck":["Strike_B","Strike_B","Strike_B","Defend_B","Defend_B","Defend_B","Defend_B","Zap","Dualcast","Self Repair","Consume","Capacitor","Chill","Coolheaded","Hologram"],"relics":["Cracked Core","NeowsBlessing","PreservedInsect","Art of War","Boot","Dodecahedron"],"potions_floor_usage":[13],"damage_taken":[{"damage":0,"enemies":"Cultist","floor":1,"turns":1},{"damage":0,"enemies":"Jaw Worm","floor":5,"turns":1},{"damage":0,"enemies":"3 Sentries","floor":6,"turns":1},{"damage":0,"enemies":"Small Slimes","floor":7,"turns":3},{"damage":35,"enemies":"Lagavulin","floor":8,"turns":6},{"damage":15,"enemies":"Exordium Wildlife","floor":10,"turns":5},{"damage":47,"enemies":"Gremlin Nob","floor":12,"turns":5},{"damage":24,"enemies":"Large Slime","floor":13,"turns":8}],"seed_played":"813487451170227372","potions_obtained":[{"floor":1,"key":"Strength Potion"},{"floor":7,"key":"PowerPotion"},{"floor":10,"key":"AttackPotion"}],"is_trial":false,"path_per_floor":["M","$","?","?","M","E","M","E","T","M","?","E","M"],"character_chosen":"DEFECT","items_purchased":["Consume"],"campfire_rested":0,"item_purchase_floors":[2],"current_hp_per_floor":[75,75,75,68,75,75,75,47,47,39,64,24,0],"gold":196,"neow_bonus":"THREE_ENEMY_KILL","is_prod":false,"is_daily":false,"chose_seed":false,"campfire_upgraded":0,"win_rate":0,"timestamp":1551292285,"path_taken":["M","$","?","?","M","E","M","E","T","M","?","E","?"],"build_version":"2019-01-23","purchased_purges":0,"victory":false,"max_hp_per_floor":[75,75,75,75,75,75,75,75,75,75,75,75,75],"card_choices":[{"not_picked":["Streamline","Chaos"],"picked":"Self Repair","floor":1},{"not_picked":["Beam Cell","Go for the Eyes","Stack"],"picked":"SKIP","floor":5},{"not_picked":["Double Energy","Darkness"],"picked":"Capacitor","floor":6},{"not_picked":["Gash","Conserve Battery"],"picked":"Chill","floor":7},{"not_picked":["Go for the Eyes","Reinforced Body","Compile Driver"],"picked":"SKIP","floor":8},{"not_picked":["Meteor Strike","Sweeping Beam"],"picked":"Coolheaded","floor":10},{"not_picked":["Rip and Tear","Conserve Battery"],"picked":"Hologram","floor":12}],"player_experience":261343,"relics_obtained":[{"floor":6,"key":"PreservedInsect"},{"floor":8,"key":"Art of War"},{"floor":9,"key":"Boot"},{"floor":12,"key":"Dodecahedron"}],"event_choices":[{"damage_healed":0,"gold_gain":0,"player_choice":"Leave","damage_taken":0,"max_hp_gain":0,"max_hp_loss":0,"event_name":"The Cleric","floor":3,"gold_loss":0},{"cards_removed":["Strike_B"],"damage_healed":0,"gold_gain":0,"player_choice":"Card Removal","damage_taken":7,"max_hp_gain":0,"max_hp_loss":0,"event_name":"Golden Wing","floor":4,"gold_loss":0},{"damage_healed":25,"gold_gain":0,"player_choice":"Banana","damage_taken":0,"max_hp_gain":0,"max_hp_loss":0,"event_name":"Big Fish","floor":11,"gold_loss":0}],"is_beta":false,"boss_relics":[],"items_purged_floors":[],"is_endless":false,"potions_floor_spawned":[1,7,10],"killed_by":"Large Slime","ascension_level":4}