{"gold_per_floor":[112,112,262,280,355,382,382,95,148,48,65,65,105,135,135,228,228,228,128,3,3,3,3,3],"floor_reached":24,"playtime":546,"items_purged":["Doubt","Regret","Strike_G"],"score":450,"play_id":"7cefd222-78bc-48dc-83c3-3a8c8bab58fb","local_time":"20190314200616","is_ascension_mode":true,"campfire_choices":[{"data":"Deadly Poison","floor":7.0,"key":"SMITH"},{"data":"Apotheosis","floor":15.0,"key":"SMITH"},{"data":"Dagger Spray","floor":23,"key":"SMITH"}],"neow_cost":"NONE","seed_source_timestamp":74905908359042,"circlet_count":0,"master_deck":["AscendersBane","Defend_G","Defend_G","Defend_G","Defend_G","Defend_G","Strike_G","Strike_G","Strike_G","Strike_G","Survivor","Neutralize","Deadly Poison+1","Apotheosis+1","Backflip","Night Terror","Blur","Dagger Spray+1"],"special_seed":0,"relics":["Ring of the Snake","NeowsBlessing","Regal Pillow","Sundial","Boot","Golden Idol","Girya","Ectoplasm"],"potions_floor_usage":[24],"damage_taken":[{"damage":0.0,"enemies":"2 Louse","floor":1.0,"turns":1.0},{"damage":0.0,"enemies":"Jaw Worm","floor":4.0,"turns":1.0},{"damage":0.0,"enemies":"Lagavulin","floor":6.0,"turns":1.0},{"damage":4.0,"enemies":"Small Slimes","floor":11.0,"turns":4.0},{"damage":19.0,"enemies":"Gremlin Nob","floor":13.0,"turns":4.0},{"damage":16.0,"enemies":"Hexaghost","floor":16.0,"turns":10.0},{"damage":10.0,"enemies":"Spheric Guardian","floor":18.0,"turns":6.0},{"damage":14.0,"enemies":"2 Thieves","floor":19.0,"turns":5.0},{"damage":37,"enemies":"Book of Stabbing","floor":24,"turns":7}],"seed_played":"-137107429176986846","potions_obtained":[{"floor":1.0,"key":"Dexterity Potion"},{"floor":6.0,"key":"FearPotion"},{"floor":13.0,"key":"GamblersBrew"},{"floor":18.0,"key":"Explosive Potion"},{"floor":19.0,"key":"SpeedPotion"}],"is_trial":false,"path_per_floor":["M","?","?","M","?","E","R","$","T","$","M","?","E","?","R","B",null,"M","M","$","?","?","R","E"],"character_chosen":"THE_SILENT","items_purchased":["Apotheosis"],"campfire_rested":0,"item_purchase_floors":[8],"current_hp_per_floor":[59,59,59,59,48,48,48,48,48,48,44,44,25,25,25,9,47,37,23,23,35,35,35,0],"gold":3,"neow_bonus":"THREE_ENEMY_KILL","is_prod":false,"is_daily":false,"chose_seed":false,"campfire_upgraded":3,"win_rate":0,"timestamp":1552590376,"path_taken":["M","?","?","M","?","E","R","$","T","$","M","?","E","?","R","BOSS","M","M","$","?","?","R","E"],"build_version":"2019-01-23","purchased_purges":3,"victory":false,"max_hp_per_floor":[66,66,66,66,66,66,66,66,66,66,66,60,60,60,60,60,60,60,60,60,60,60,60,60],"card_choices":[{"not_picked":["Infinite Blades","Escape Plan"],"picked":"Deadly Poison","floor":1.0},{"not_picked":["Poisoned Stab","Deflect","Dagger Throw"],"picked":"SKIP","floor":4.0},{"not_picked":["Infinite Blades","Quick Slash","Prepared"],"picked":"SKIP","floor":6.0},{"not_picked":["Terror","Sucker Punch"],"picked":"Backflip","floor":11.0},{"not_picked":["Blade Dance","Doppelganger","Deflect"],"picked":"SKIP","floor":13.0},{"not_picked":["A Thousand Cuts","After Image"],"picked":"Night Terror","floor":16.0},{"not_picked":["Backstab","Blade Dance"],"picked":"Blur","floor":18.0},{"not_picked":["Bane","Backflip"],"picked":"Dagger Spray","floor":19.0}],"player_experience":1014872,"relics_obtained":[{"floor":6.0,"key":"Sundial"},{"floor":9.0,"key":"Boot"},{"floor":13.0,"key":"Girya"}],"event_choices":[{"damage_healed":0.0,"max_hp_gain":0.0,"max_hp_loss":0.0,"gold_gain":0.0,"event_name":"Big Fish","player_choice":"Box","floor":2.0,"gold_loss":0.0,"damage_taken":0.0,"relics_obtained":["Regal Pillow"],"cards_obtained":["Regret"]},{"damage_healed":0.0,"max_hp_gain":0.0,"max_hp_loss":0.0,"gold_gain":150.0,"event_name":"Liars Game","player_choice":"AGREE","floor":3.0,"gold_loss":0.0,"damage_taken":0.0,"cards_obtained":["Doubt"]},{"damage_healed":0.0,"max_hp_gain":0.0,"max_hp_loss":0.0,"gold_gain":75.0,"event_name":"World of Goop","player_choice":"Gather Gold","floor":5.0,"gold_loss":0.0,"damage_taken":11.0},{"damage_healed":0.0,"max_hp_gain":0.0,"max_hp_loss":6.0,"gold_gain":0.0,"event_name":"Golden Idol","player_choice":"Lose Max HP","floor":12.0,"gold_loss":0.0,"damage_taken":0.0,"relics_obtained":["Golden Idol"]},{"damage_healed":0.0,"max_hp_gain":0.0,"max_hp_loss":0.0,"gold_gain":30.0,"event_name":"Dead Adventurer","player_choice":"Searched \u00271\u0027 times","floor":14.0,"gold_loss":0.0,"damage_taken":0.0},{"damage_healed":12,"gold_gain":0,"player_choice":"Heal","damage_taken":0,"max_hp_gain":0,"max_hp_loss":0,"event_name":"The Library","floor":21,"gold_loss":0},{"damage_healed":0,"gold_gain":0,"player_choice":"Ignored","damage_taken":0,"max_hp_gain":0,"max_hp_loss":0,"event_name":"N\u0027loth","floor":22,"gold_loss":0}],"is_beta":false,"boss_relics":[{"not_picked":["HoveringKite","WristBlade"],"picked":"Ectoplasm"}],"items_purged_floors":[8,10,20],"is_endless":false,"potions_floor_spawned":[1,6,13,18,19],"killed_by":"Book of Stabbing","ascension_level":20}