{"gold_per_floor":[110,110,121,121,138,138,165,177,177,177,188,188,221,3,3,106,106,116,116,126,126,26,51,51,76,148,96,112,112,112,127,127,230,230,245,345,345,345,305,331,346,376,425,452,464,494,394,412,412,412],"floor_reached":51,"playtime":3410,"items_purged":["Strike_R","Strike_R"],"score":1329,"play_id":"96a6900b-7960-48ae-af3f-f6ac5c25460d","local_time":"20190114151328","is_ascension_mode":true,"campfire_choices":[{"data":"Bash","floor":6,"key":"SMITH"},{"data":"Corruption","floor":10,"key":"SMITH"},{"floor":12,"key":"REST"},{"data":"Rampage","floor":15,"key":"SMITH"},{"floor":24,"key":"REST"},{"data":"Offering","floor":30,"key":"SMITH"},{"data":"Double Tap","floor":32,"key":"SMITH"},{"data":"Rupture","floor":49,"key":"SMITH"}],"neow_cost":"NONE","seed_source_timestamp":15785606759853,"circlet_count":0,"master_deck":["AscendersBane","Strike_R","Strike_R","Strike_R","Defend_R","Defend_R+1","Defend_R+1","Bash+1","Brutality","Pommel Strike","Clothesline","Dark Embrace","Cleave","Double Tap+1","Corruption+1","Infernal Blade","Combust","Rampage+1","Offering+1","Evolve+1","True Grit","Feed","Clash","Havoc","Blood for Blood","Barricade+1","Shrug It Off","Secret Weapon","Bandage Up","True Grit+1","Rupture+1","Decay","Pummel+1","Fire Breathing+1","Spot Weakness+1"],"relics":["Black Blood","War Paint","Du-Vu Doll","Mummified Hand","Pear","Red Skull","MutagenicStrength","Enchiridion","PreservedInsect","Bronze Scales","Meat on the Bone","Cursed Key","Magic Flower","Orichalcum","Mercury Hourglass","Centennial Puzzle","Bag of Marbles","Torii"],"potions_floor_usage":[16,23,35,40,46,50],"damage_taken":[{"damage":13,"enemies":"2 Louse","floor":1,"turns":4},{"damage":1,"enemies":"Cultist","floor":3,"turns":3},{"damage":19,"enemies":"Small Slimes","floor":5,"turns":4},{"damage":26,"enemies":"Lagavulin","floor":7,"turns":5},{"damage":8,"enemies":"2 Fungi Beasts","floor":8,"turns":4},{"damage":8,"enemies":"Looter","floor":11,"turns":3},{"damage":6,"enemies":"Gremlin Nob","floor":13,"turns":3},{"damage":5,"enemies":"Slime Boss","floor":16,"turns":6},{"damage":25,"enemies":"3 Byrds","floor":18,"turns":4},{"damage":28,"enemies":"Spheric Guardian","floor":20,"turns":4},{"damage":17,"enemies":"Book of Stabbing","floor":23,"turns":3},{"damage":22,"enemies":"Gremlin Leader","floor":25,"turns":3},{"damage":8,"enemies":"Snake Plant","floor":28,"turns":2},{"damage":18,"enemies":"Cultist and Chosen","floor":31,"turns":4},{"damage":45,"enemies":"Champ","floor":33,"turns":6},{"damage":20,"enemies":"Orb Walker","floor":35,"turns":3},{"damage":30,"enemies":"Mind Bloom Boss Battle","floor":36,"turns":4},{"damage":45,"enemies":"Nemesis","floor":40,"turns":5},{"damage":11,"enemies":"3 Darklings","floor":41,"turns":3},{"damage":18,"enemies":"Giant Head","floor":42,"turns":5},{"damage":12,"enemies":"Nemesis","floor":44,"turns":3},{"damage":20,"enemies":"Sphere and 2 Shapes","floor":45,"turns":4},{"damage":29,"enemies":"Reptomancer","floor":46,"turns":3},{"damage":27,"enemies":"Maw","floor":48,"turns":5},{"damage":55,"enemies":"Donu and Deca","floor":50,"turns":5}],"seed_played":"1309875500510570141","potions_obtained":[{"floor":3,"key":"Block Potion"},{"floor":5,"key":"FairyPotion"},{"floor":11,"key":"Fire Potion"},{"floor":20,"key":"PowerPotion"},{"floor":23,"key":"SteroidPotion"},{"floor":40,"key":"Weak Potion"},{"floor":41,"key":"BloodPotion"},{"floor":46,"key":"Fire Potion"}],"is_trial":false,"path_per_floor":["M","?","M","?","M","R","E","M","T","R","M","R","E","$","R","B",null,"M","?","M","?","$","E","R","E","T","$","M","?","R","M","R","B",null,"M","?","?","?","?","E","M","E","T","E","M","E","$","M","R","B",null],"character_chosen":"IRONCLAD","items_purchased":["Red Skull","Rampage","True Grit","Havoc"],"campfire_rested":2,"item_purchase_floors":[14,14,22,27],"current_hp_per_floor":[65,65,70,70,57,57,37,35,35,35,33,57,67,67,67,68,85,70,70,52,36,36,29,56,47,47,47,61,92,92,84,84,61,85,75,67,62,62,62,56,66,69,69,83,83,69,69,81,81,79],"gold":412,"neow_bonus":"ONE_RANDOM_RARE_CARD","is_prod":false,"is_daily":false,"chose_seed":false,"campfire_upgraded":6,"win_rate":0,"timestamp":1547486008,"path_taken":["M","?","?","?","M","R","E","M","T","R","?","R","E","$","R","BOSS","M","?","M","?","$","E","R","E","T","$","M","?","R","M","R","BOSS","M","?","?","?","?","E","?","E","T","E","M","E","$","M","R","BOSS"],"build_version":"2019-01-10","purchased_purges":2,"victory":true,"max_hp_per_floor":[80,80,80,80,80,80,80,80,80,80,80,80,90,90,90,90,90,90,90,90,90,90,90,90,93,93,93,93,93,93,93,93,93,93,93,93,93,93,93,93,93,93,93,96,99,99,99,99,99,99],"card_choices":[{"not_picked":["Heavy Blade","Bloodletting"],"picked":"Pommel Strike","floor":1},{"not_picked":["Dropkick","Iron Wave"],"picked":"Clothesline","floor":3},{"not_picked":["Headbutt","Metallicize"],"picked":"Cleave","floor":5},{"not_picked":["Clothesline","Bloodletting"],"picked":"Double Tap","floor":7},{"not_picked":["Inflame","Iron Wave"],"picked":"Corruption","floor":8},{"not_picked":["Sever Soul","Pummel"],"picked":"Infernal Blade","floor":11},{"not_picked":["Thunderclap","Anger"],"picked":"Combust","floor":13},{"not_picked":["Barricade","Exhume"],"picked":"Offering","floor":16},{"not_picked":["Armaments","Rage"],"picked":"Evolve+1","floor":18},{"not_picked":["Entrench+1","Twin Strike","Hemokinesis"],"picked":"SKIP","floor":20},{"not_picked":["Pommel Strike","Anger+1"],"picked":"Feed","floor":23},{"not_picked":["Wild Strike","Iron Wave"],"picked":"Clash","floor":25},{"not_picked":["Evolve+1","Havoc+1"],"picked":"Intimidate+1","floor":28},{"not_picked":["Twin Strike","Iron Wave"],"picked":"Blood for Blood","floor":31},{"not_picked":["Double Tap","Dark Embrace"],"picked":"Barricade","floor":33},{"not_picked":["Twin Strike","Sword Boomerang"],"picked":"Shrug It Off","floor":35},{"not_picked":["Transmutation","Dramatic Entrance"],"picked":"Secret Weapon","floor":37},{"not_picked":["Purity","Panacea"],"picked":"Bandage Up","floor":37},{"not_picked":["Anger","Body Slam+1","Wild Strike+1"],"picked":"SKIP","floor":40},{"not_picked":["Anger+1","Headbutt+1"],"picked":"True Grit+1","floor":41},{"not_picked":["Uppercut","Battle Trance+1"],"picked":"Rupture","floor":42},{"not_picked":["Clothesline","Perfected Strike","Uppercut"],"picked":"SKIP","floor":44},{"not_picked":["Havoc","Clothesline"],"picked":"Pummel+1","floor":45},{"not_picked":["Searing Blow+1","Dropkick"],"picked":"Fire Breathing+1","floor":46},{"not_picked":["Reckless Charge","Clash+1"],"picked":"Spot Weakness+1","floor":48}],"player_experience":902484,"relics_obtained":[{"floor":2,"key":"War Paint"},{"floor":7,"key":"Du-Vu Doll"},{"floor":9,"key":"Mummified Hand"},{"floor":13,"key":"Pear"},{"floor":21,"key":"Enchiridion"},{"floor":23,"key":"PreservedInsect"},{"floor":25,"key":"Bronze Scales"},{"floor":26,"key":"Meat on the Bone"},{"floor":36,"key":"Magic Flower"},{"floor":40,"key":"Orichalcum"},{"floor":42,"key":"Mercury Hourglass"},{"floor":43,"key":"Centennial Puzzle"},{"floor":44,"key":"Bag of Marbles"},{"floor":46,"key":"Torii"}],"event_choices":[{"damage_healed":0,"gold_gain":0,"player_choice":"Relic","damage_taken":0,"max_hp_gain":0,"max_hp_loss":0,"event_name":"Wheel of Change","floor":2,"gold_loss":0},{"damage_healed":0,"gold_gain":0,"cards_transformed":["Defend_R"],"player_choice":"Transformed","damage_taken":0,"max_hp_gain":0,"max_hp_loss":0,"event_name":"Transmorgrifier","floor":4,"gold_loss":0,"cards_obtained":["Dark Embrace"]},{"damage_healed":0,"gold_gain":0,"player_choice":"Inject Mutagens","damage_taken":0,"relics_obtained":["MutagenicStrength"],"max_hp_gain":0,"max_hp_loss":0,"event_name":"Drug Dealer","floor":19,"gold_loss":0},{"damage_healed":0,"gold_gain":0,"player_choice":"Obtained Book","damage_taken":16,"max_hp_gain":0,"max_hp_loss":0,"event_name":"Cursed Tome","floor":21,"gold_loss":0},{"damage_healed":31,"gold_gain":0,"player_choice":"Heal","damage_taken":0,"max_hp_gain":0,"max_hp_loss":0,"event_name":"The Library","floor":29,"gold_loss":0},{"damage_healed":0,"gold_gain":0,"player_choice":"Fight","damage_taken":0,"max_hp_gain":0,"max_hp_loss":0,"event_name":"MindBloom","floor":36,"gold_loss":0},{"damage_healed":0,"gold_gain":0,"player_choice":"Memory 2","damage_taken":5,"max_hp_gain":0,"max_hp_loss":0,"event_name":"SensoryStone","floor":37,"gold_loss":0},{"cards_removed":["Intimidate"],"damage_healed":0,"gold_gain":0,"player_choice":"Removed Skill","damage_taken":0,"max_hp_gain":0,"max_hp_loss":0,"event_name":"Falling","floor":38,"gold_loss":0},{"damage_healed":0,"gold_gain":0,"player_choice":"Upgrade","damage_taken":0,"max_hp_gain":0,"max_hp_loss":0,"event_name":"Designer","floor":39,"gold_loss":40,"cards_upgraded":["Barricade"]}],"is_beta":true,"boss_relics":[{"not_picked":["Mark of Pain","Runic Pyramid"],"picked":"Black Blood"},{"not_picked":["Coffee Dripper","Tiny House"],"picked":"Cursed Key"}],"items_purged_floors":[22,47],"is_endless":false,"potions_floor_spawned":[3,5,11,20,23,31,40,41,42,46,48],"ascension_level":10}