{"gold_per_floor":[144,189,234,234,159,159,204,294,294,384,384,429,519,519,519,819,819,864,532,577,622,622,622,622,712,712,712,712,712,802,847,847,1147,1297,1342,592,637,682,727,727,772,772,797,887,932,932,1022,307,307,307],"floor_reached":51,"playtime":4495,"items_purged":["Meteor Strike","Creative AI","Biased Cognition"],"score":790,"play_id":"8b1efcba-c554-4ebe-ba4e-a8179f2a36ea","local_time":"20180727191410","daily_mods":["Shiny","Midas","Elite Swarm"],"is_ascension_mode":false,"campfire_choices":[{"floor":6,"key":"REST"},{"floor":11,"key":"REST"},{"floor":15,"key":"REST"},{"floor":23,"key":"REST"},{"floor":27,"key":"REST"},{"floor":29,"key":"REST"},{"floor":32,"key":"REST"},{"floor":40,"key":"REST"},{"floor":42,"key":"REST"},{"floor":46,"key":"REST"},{"floor":49,"key":"REST"}],"neow_cost":"","seed_source_timestamp":0,"circlet_count":0,"master_deck":["Hyperbeam","Machine Learning","Electrodynamics","Buffer","Rainbow","Seek","Echo Form","All For One","Reboot","Amplify","Fission","Core Surge","Beam Cell+1","Auto Shields","Chill","Rebound","Rainbow","Machine Learning","Streamline","Core Surge","Rainbow","Apotheosis","Static Discharge+1","Rebound","RitualDagger","Seek","Seek","Seek","Defragment","Conserve Battery+1","Redo+1","Conserve Battery+1","Loop"],"special_seed":17740,"relics":["Cracked Core","Lantern","Cables","Incense Burner","Gremlin Horn","Sundial","Empty Cage","Regal Pillow","Potion Belt","StoneCalendar","Anchor","Tiny House","Strange Spoon","Ice Cream","Juzu Bracelet","Orichalcum","Pantograph","Dead Branch","Symbiotic Virus","HandDrill"],"potions_floor_usage":[13,25,39,39,44,45,50,50,50,50],"damage_taken":[{"damage":16,"enemies":"Jaw Worm","floor":1,"turns":3},{"damage":3,"enemies":"2 Louse","floor":2,"turns":3},{"damage":0,"enemies":"Small Slimes","floor":3,"turns":2},{"damage":0,"enemies":"Exordium Wildlife","floor":7,"turns":1},{"damage":28,"enemies":"Gremlin Nob","floor":8,"turns":4},{"damage":13,"enemies":"Lagavulin","floor":10,"turns":6},{"damage":1,"enemies":"Large Slime","floor":12,"turns":4},{"damage":24,"enemies":"Gremlin Nob","floor":13,"turns":4},{"damage":39,"enemies":"Hexaghost","floor":16,"turns":6},{"damage":4,"enemies":"Chosen","floor":18,"turns":4},{"damage":26,"enemies":"Shell Parasite","floor":20,"turns":6},{"damage":36,"enemies":"Snake Plant","floor":21,"turns":4},{"damage":24,"enemies":"Book of Stabbing","floor":25,"turns":5},{"damage":3,"enemies":"Slavers","floor":30,"turns":3},{"damage":36,"enemies":"Snecko","floor":31,"turns":6},{"damage":12,"enemies":"Champ","floor":33,"turns":11},{"damage":16,"enemies":"Orb Walker","floor":35,"turns":3},{"damage":0,"enemies":"3 Shapes","floor":37,"turns":2},{"damage":62,"enemies":"Spire Growth","floor":38,"turns":5},{"damage":6,"enemies":"3 Darklings","floor":39,"turns":3},{"damage":38,"enemies":"Transient","floor":41,"turns":5},{"damage":3,"enemies":"Giant Head","floor":44,"turns":9},{"damage":10,"enemies":"Sphere and 2 Shapes","floor":45,"turns":4},{"damage":46,"enemies":"2 Orb Walkers","floor":47,"turns":4},{"damage":60,"enemies":"Donu and Deca","floor":50,"turns":8}],"seed_played":"2203350338382633815","potions_obtained":[{"floor":3,"key":"SneckoOil"},{"floor":8,"key":"Energy Potion"},{"floor":10,"key":"Regen Potion"},{"floor":13,"key":"Explosive Potion"},{"floor":16,"key":"SkillPotion"},{"floor":20,"key":"Explosive Potion"},{"floor":25,"key":"Explosive Potion"},{"floor":31,"key":"Block Potion"},{"floor":33,"key":"Regen Potion"},{"floor":38,"key":"Regen Potion"},{"floor":44,"key":"Strength Potion"},{"floor":47,"key":"GamblersBrew"}],"is_trial":false,"path_per_floor":["M","M","M","?","$","R","M","E","T","E","R","M","E","?","R","B",null,"M","$","M","M","?","R","?","E","T","R","?","R","E","M","R","B",null,"M","$","M","M","M","R","M","R","T","E","M","R","E","$","R","B"],"character_chosen":"DEFECT","items_purchased":["Apotheosis","Regal Pillow","Strange Spoon","Ice Cream","Juzu Bracelet","Symbiotic Virus","HandDrill","Loop","SkillPotion","FearPotion"],"campfire_rested":11,"item_purchase_floors":[19,19,36,36,36,48,48,48,48,48],"current_hp_per_floor":[59,56,56,49,49,71,71,43,43,30,52,51,36,36,58,19,75,71,71,45,9,9,46,40,16,16,53,39,78,75,39,78,66,85,69,69,69,7,20,60,22,62,62,59,49,85,39,39,79,25],"gold":307,"neow_bonus":"","is_prod":false,"is_daily":true,"chose_seed":false,"campfire_upgraded":0,"win_rate":0.0,"timestamp":1532744050,"path_taken":["M","M","M","?","$","R","M","E","T","E","R","M","E","?","R","BOSS","M","$","?","M","?","R","?","E","T","R","?","R","E","M","R","BOSS","M","$","M","M","M","R","M","R","T","E","M","R","E","$","R","BOSS"],"build_version":"2018-07-26","purchased_purges":3,"victory":true,"max_hp_per_floor":[75,75,75,75,75,75,75,75,75,75,75,75,75,75,75,75,75,75,75,75,75,75,75,75,75,75,75,80,80,80,80,80,80,85,85,85,85,85,85,85,85,85,85,85,85,85,85,85,85,85],"card_choices":[{"not_picked":["Barrage","Ball Lightning"],"picked":"Beam Cell","floor":1},{"not_picked":["Ball Lightning","Glacier"],"picked":"Auto Shields","floor":2},{"not_picked":["Creative AI","Undo"],"picked":"Chill","floor":3},{"not_picked":["Barrage","Auto Shields"],"picked":"Rebound","floor":7},{"not_picked":["Multi-Cast","Meteor Strike"],"picked":"Rainbow","floor":8},{"not_picked":["Biased Cognition","Echo Form"],"picked":"Machine Learning","floor":10},{"not_picked":["Beam Cell","Auto Shields"],"picked":"Streamline","floor":12},{"not_picked":["Amplify","Thunder Strike"],"picked":"Core Surge","floor":13},{"not_picked":["Amplify","Reboot"],"picked":"Rainbow","floor":16},{"not_picked":["Turbo","Stack","Gash"],"picked":"SKIP","floor":18},{"not_picked":["Sweeping Beam+1","Barrage"],"picked":"Static Discharge+1","floor":20},{"not_picked":["Reinforced Body","Gash"],"picked":"Rebound","floor":21},{"not_picked":["Machine Learning","Rainbow"],"picked":"Seek","floor":25},{"not_picked":["Core Surge","Machine Learning"],"picked":"Seek","floor":30},{"not_picked":["Rebound","Blizzard","Compile Driver"],"picked":"SKIP","floor":31},{"not_picked":["Fission","Creative AI"],"picked":"Seek","floor":33},{"not_picked":["Steam Power","Stack"],"picked":"Defragment","floor":34},{"not_picked":["Aggregate","Turbo","Stack+1"],"picked":"SKIP","floor":35},{"not_picked":["Stack+1","Steam+1"],"picked":"Conserve Battery+1","floor":37},{"not_picked":["Hologram+1","Turbo+1","Lockon+1"],"picked":"SKIP","floor":38},{"not_picked":["Coolheaded","Auto Shields"],"picked":"Redo+1","floor":39},{"not_picked":["Barrage","Turbo+1","Sweeping Beam+1"],"picked":"SKIP","floor":41},{"not_picked":["Electrodynamics","Buffer","Machine Learning"],"picked":"SKIP","floor":44},{"not_picked":["Barrage","Stack+1"],"picked":"Conserve Battery+1","floor":45},{"not_picked":["Creative AI","Buffer","Fission"],"picked":"SKIP","floor":47}],"player_experience":88463,"relics_obtained":[{"floor":8,"key":"Cables"},{"floor":9,"key":"Incense Burner"},{"floor":10,"key":"Gremlin Horn"},{"floor":13,"key":"Sundial"},{"floor":25,"key":"Potion Belt"},{"floor":26,"key":"StoneCalendar"},{"floor":30,"key":"Anchor"},{"floor":43,"key":"Orichalcum"},{"floor":44,"key":"Pantograph"},{"floor":47,"key":"Dead Branch"}],"event_choices":[{"event_name":"Scrap Ooze","player_choice":"success","floor":4,"damage_taken":7},{"event_name":"Liars Game","player_choice":"disagreed","floor":14,"damage_taken":0},{"event_name":"Drug Dealer","player_choice":"Ignored","floor":22,"damage_taken":0},{"event_name":"Nest","player_choice":"Joined the Cult","floor":24,"damage_taken":0},{"event_name":"Forgotten Altar","player_choice":"Shed Blood","floor":28,"damage_taken":0}],"is_beta":false,"boss_relics":[{"not_picked":["Runic Dome","Runic Pyramid"],"picked":"Empty Cage"},{"not_picked":["Orrery","Sozu"],"picked":"Tiny House"}],"items_purged_floors":[5,36,48],"is_endless":false,"potions_floor_spawned":[3,8,10,13,16,20,25,31,33,37,38,44,47],"ascension_level":0}