{"path_per_floor":["M","M","?","?","?","R","M","M","T","$","R","M","$","M","R","B",null,"M","M","$","?","M","R","M","$","T","?","?","M","R","$","R","B",null,"M","$","M","?","M","R","M","R","T","R","$","M","E","?","R"],"character_chosen":"IRONCLAD","items_purchased":["Paper Frog","Flash of Steel","Rage","Flash of Steel"],"gold_per_floor":[359,375,375,375,375,375,390,410,436,114,114,131,34,52,52,155,155,167,186,86,86,104,104,121,121,147,147,147,158,158,79,79,182,212,226,12,27,27,41,41,52,52,105,105,105,120,150,150,150],"floor_reached":50,"campfire_rested":2,"playtime":1260,"current_hp_per_floor":[67,72,72,72,65,65,61,57,57,57,57,63,63,69,72,7,72,63,53,53,72,72,72,72,72,72,56,56,52,52,52,52,45,77,77,77,77,77,77,77,52,52,52,75,75,77,77,77,77],"items_purged":["Defend_R","Defend_R","Strike_R"],"gold":150,"score":512,"play_id":"fd39bdd3-1893-481f-a205-0c3af8c8266f","local_time":"20180318234902","is_prod":false,"is_daily":false,"is_ascension_mode":false,"campfire_upgraded":8,"timestamp":1521427742,"path_taken":["M","M","?","?","?","R","M","?","T","$","R","M","$","M","R","BOSS","M","M","$","?","M","R","M","$","T","?","?","M","R","$","R","BOSS","M","$","M","?","M","R","M","R","T","R","$","M","E","?","R","BOSS"],"build_version":"2018-03-15v3","purchased_purges":4,"victory":false,"master_deck":["Strike_R+1","Strike_R+1","Bash+1","Double Tap+1","Flash of Steel+1","Clash+1","Dropkick+1","Rage+1","Flash of Steel+1","Writhe"],"max_hp_per_floor":[72,72,72,72,72,72,72,72,72,72,72,72,72,72,72,72,72,72,72,72,72,72,72,72,72,72,72,72,72,72,72,72,72,77,77,77,77,77,77,77,77,77,77,77,77,77,77,77,77],"relics":["Burning Blood","Pen Nib","Paper Frog","Question Card","Bag of Marbles","Tiny House","Lantern","Vajra"],"card_choices":[{"not_picked":["Hemokinesis","Anger"],"picked":"Double Tap"},{"not_picked":["Cleave","Anger"],"picked":"Clash"},{"not_picked":["Heavy Blade","Thunderclap","Rupture"],"picked":"Dropkick"}],"player_experience":615763,"potions_floor_usage":[12,14,33,35,35,50,50,50],"damage_taken":[{"damage":11,"enemies":"2 Louse","floor":1,"turns":3},{"damage":1,"enemies":"Cultist","floor":2,"turns":3},{"damage":10,"enemies":"Small Slimes","floor":7,"turns":3},{"damage":10,"enemies":"Looter","floor":8,"turns":2},{"damage":0,"enemies":"3 Louse","floor":12,"turns":2},{"damage":0,"enemies":"Gremlin Gang","floor":14,"turns":2},{"damage":71,"enemies":"The Guardian","floor":16,"turns":8},{"damage":15,"enemies":"2 Thieves","floor":18,"turns":3},{"damage":16,"enemies":"3 Byrds","floor":19,"turns":5},{"damage":0,"enemies":"Snake Plant","floor":22,"turns":2},{"damage":0,"enemies":"Snecko","floor":24,"turns":2},{"damage":10,"enemies":"Sentry and Sphere","floor":29,"turns":3},{"damage":13,"enemies":"Automaton","floor":33,"turns":6},{"damage":0,"enemies":"3 Darklings","floor":35,"turns":2},{"damage":0,"enemies":"Orb Walker","floor":37,"turns":1},{"damage":5,"enemies":"Maw","floor":39,"turns":3},{"damage":31,"enemies":"4 Shapes","floor":41,"turns":3},{"damage":0,"enemies":"3 Darklings","floor":46,"turns":2},{"damage":0,"enemies":"Nemesis","floor":47,"turns":1},{"damage":77,"enemies":"Time Eater","floor":50,"turns":6}],"event_choices":[{"event_name":"Match and Keep!","player_choice":"0 cards matched","floor":3,"damage_taken":0},{"event_name":"Living Wall","player_choice":"Forget","floor":4,"damage_taken":0},{"event_name":"Golden Wing","player_choice":"Card Removal","floor":5,"damage_taken":0},{"event_name":"Wheel of Change","player_choice":"Full Heal","floor":21,"damage_taken":0},{"event_name":"Cursed Tome","player_choice":"Obtained Book","floor":27,"damage_taken":0},{"event_name":"Bonfire Elementals","player_choice":"BASIC","floor":28,"damage_taken":0},{"event_name":"Purifier","player_choice":"One Purge","floor":38,"damage_taken":0},{"event_name":"Winding Halls","player_choice":"Writhe","floor":48,"damage_taken":0}],"boss_relics":[{"not_picked":["Philosopher\u0027s Stone","Runic Dome"],"picked":"Question Card"},{"not_picked":["Snecko Eye","Sozu"],"picked":"Tiny House"}],"potions_floor_spawned":[2,7,8,14,24,33,39,46],"seed_played":"129256384730820418","killed_by":"Time Eater","ascension_level":0,"is_trial":false}