{"path_per_floor":["M","?","?","M","?","E","$","R","T","?","M","R","M","$","R","B",null,"M","?","?","?","M","R","$","M","T","M","$","R","M","M","R","B",null,"M","$","?","?","M","R","T","?","T"],"character_chosen":"IRONCLAD","items_purchased":["Flex","Dual Wield"],"gold_per_floor":[114,114,114,130,305,331,256,256,307,307,319,319,338,238,238,342,342,357,272,272,272,282,282,106,117,117,136,136,136,149,163,163,264,264,282,58,0,0,15,15,15,15,40],"floor_reached":44,"campfire_rested":2,"playtime":971,"current_hp_per_floor":[70,70,70,72,72,42,42,42,42,66,72,72,58,58,58,57,72,68,68,68,68,56,56,56,29,29,24,24,45,52,45,66,32,72,68,68,68,68,34,34,34,34,34],"items_purged":["Doubt","Defend_R","Strike_R","Body Slam"],"gold":40,"score":404,"play_id":"313ccdf4-8bb5-462c-a953-b6f17440ba49","local_time":"20180318105012","is_prod":false,"is_daily":false,"is_ascension_mode":false,"campfire_upgraded":5,"timestamp":1521381012,"path_taken":["M","?","?","M","?","E","$","R","T","?","?","R","M","$","R","BOSS","M","?","?","?","M","R","$","M","T","M","?","R","M","M","R","BOSS","M","$","?","?","M","R","?","?","T","M"],"build_version":"2018-03-15v3","purchased_purges":4,"victory":false,"master_deck":["Strike_R","Strike_R","Bash+1","Twin Strike","Rampage+1","Spot Weakness+1","Thunderclap+1","Flex+1","Twin Strike+1","Reckless Charge+1","Dual Wield","Decay"],"max_hp_per_floor":[72,72,72,72,72,72,72,72,72,72,72,72,72,72,72,72,72,72,72,72,72,72,72,72,72,72,72,72,72,72,72,72,72,72,72,72,72,72,72,72,72,72,72],"relics":["Burning Blood","Du-Vu Doll","Blood Vial","Runic Dome","Nloth\u0027s Gift","Champion Belt","Astrolabe","Red Mask","Unceasing Top","Bag of Preparation"],"card_choices":[{"not_picked":["Wild Strike","Thunderclap"],"picked":"Rampage"},{"not_picked":["Burning Pact","Fire Breathing"],"picked":"Spot Weakness"},{"not_picked":["Clothesline","Burning Pact"],"picked":"Thunderclap"}],"player_experience":587264,"potions_floor_usage":[6,18,27,30,33],"damage_taken":[{"damage":8,"enemies":"Small Slimes","floor":1,"turns":3},{"damage":0,"enemies":"Cultist","floor":4,"turns":2},{"damage":36,"enemies":"Lagavulin","floor":6,"turns":6},{"damage":1,"enemies":"Jaw Worm","floor":11,"turns":2},{"damage":20,"enemies":"Lots of Slimes","floor":13,"turns":3},{"damage":9,"enemies":"Slime Boss","floor":16,"turns":6},{"damage":10,"enemies":"Shell Parasite","floor":18,"turns":3},{"damage":20,"enemies":"2 Thieves","floor":22,"turns":4},{"damage":35,"enemies":"Slaver and Parasite","floor":25,"turns":3},{"damage":13,"enemies":"Cultist and Chosen","floor":27,"turns":5},{"damage":1,"enemies":"Snecko","floor":30,"turns":3},{"damage":15,"enemies":"Snake Plant","floor":31,"turns":3},{"damage":48,"enemies":"Collector","floor":33,"turns":7},{"damage":10,"enemies":"Orb Walker","floor":35,"turns":2},{"damage":42,"enemies":"3 Shapes","floor":39,"turns":3},{"damage":42,"enemies":"Sphere and 2 Shapes","floor":44,"turns":6}],"event_choices":[{"event_name":"Transmorgrifier","player_choice":"Transform","floor":2,"damage_taken":0},{"event_name":"The Woman in Blue","player_choice":"Bought 0 Potions","floor":3,"damage_taken":0},{"event_name":"Liars Game","player_choice":"agreed","floor":5,"damage_taken":0},{"event_name":"Big Fish","player_choice":"Banana","floor":10,"damage_taken":0},{"event_name":"Addict","player_choice":"Obtained Relic","floor":19,"damage_taken":0},{"event_name":"Back to Basics","player_choice":"Elegance","floor":20,"damage_taken":0},{"event_name":"N\u0027loth","player_choice":"Traded a Prayer Wheel","floor":21,"damage_taken":0},{"event_name":"Tomb of Lord Red Mask","player_choice":"Paid","floor":37,"damage_taken":0},{"event_name":"Mysterious Sphere","player_choice":"Ignore","floor":38,"damage_taken":0},{"event_name":"Wheel of Change","player_choice":"Curse","floor":42,"damage_taken":0}],"boss_relics":[{"not_picked":["Tiny House","Pandora\u0027s Box"],"picked":"Runic Dome"},{"not_picked":["Snecko Eye","Lizard Tail"],"picked":"Astrolabe"}],"potions_floor_spawned":[4,11,13,16,22,31,33,35],"seed_played":"-6831730332161349905","killed_by":"Sphere and 2 Shapes","ascension_level":0,"is_trial":false}