{"gold_per_floor":[112,112,126,126,144,169,169,187,187,362,289,299,56,71,71,171,171,181,28,47,47,2,2,0,0,0,10,10,38,38,54,54,54],"floor_reached":33,"playtime":1637,"items_purged":[],"score":317,"play_id":"fe4b49b5-920f-416d-bb95-ddd5b19776c9","local_time":"20190310012814","is_ascension_mode":false,"campfire_choices":[{"floor":7,"key":"RECALL"},{"data":"Double Energy","floor":15,"key":"SMITH"},{"floor":23,"key":"REST"},{"data":"Consume","floor":25,"key":"SMITH"},{"floor":30,"key":"REST"},{"floor":32,"key":"REST"}],"neow_cost":"NONE","seed_source_timestamp":766127472841728,"circlet_count":0,"master_deck":["Strike_B","Strike_B","Strike_B","Defend_B","Defend_B","Defend_B","Defend_B","Zap","Dualcast","Consume+1","Leap","Double Energy+1","FTL","Echo Form","Leap","Doubt","Aggregate","Thunder Strike","Normality","Injury","Writhe","Tempest","Tempest","Conserve Battery","White Noise+1","BootSequence","Tempest"],"relics":["Cracked Core","NeowsBlessing","Darkstone Periapt","Cables","Question Card","Pear","Calling Bell","Blood Vial","Kunai","Incense Burner","DataDisk","Bird Faced Urn"],"potions_floor_usage":[16,21,29,33],"damage_taken":[{"damage":0,"enemies":"2 Louse","floor":1,"turns":1},{"damage":0,"enemies":"Cultist","floor":3,"turns":1},{"damage":0,"enemies":"Jaw Worm","floor":5,"turns":1},{"damage":35,"enemies":"3 Sentries","floor":6,"turns":7},{"damage":11,"enemies":"3 Louse","floor":8,"turns":3},{"damage":7,"enemies":"Large Slime","floor":12,"turns":5},{"damage":20,"enemies":"Exordium Thugs","floor":14,"turns":6},{"damage":4,"enemies":"Hexaghost","floor":16,"turns":9},{"damage":24,"enemies":"Chosen","floor":18,"turns":5},{"damage":48,"enemies":"3 Byrds","floor":20,"turns":5},{"damage":0,"enemies":"Snake Plant","floor":21,"turns":1},{"damage":21,"enemies":"Centurion and Healer","floor":27,"turns":7},{"damage":47,"enemies":"Gremlin Leader","floor":29,"turns":8},{"damage":25,"enemies":"Sentry and Sphere","floor":31,"turns":5},{"damage":61,"enemies":"Champ","floor":33,"turns":15}],"seed_played":"7908702621884531715","potions_obtained":[{"floor":1,"key":"SmokeBomb"},{"floor":6,"key":"GamblersBrew"},{"floor":14,"key":"PowerPotion"},{"floor":20,"key":"EssenceOfSteel"}],"is_trial":false,"path_per_floor":["M","?","M","$","M","E","R","M","T","?","?","M","$","M","R","B",null,"M","$","M","M","$","R","?","R","T","M","?","E","R","M","R","B"],"character_chosen":"DEFECT","items_purchased":["Pear","DataDisk","Conserve Battery"],"campfire_rested":3,"item_purchase_floors":[13,19,22],"current_hp_per_floor":[75,75,75,75,75,40,40,29,29,35,35,28,38,18,18,14,109,85,85,39,41,41,73,73,73,73,54,54,9,41,22,54,0],"gold":54,"neow_bonus":"THREE_ENEMY_KILL","is_prod":false,"is_daily":false,"chose_seed":false,"campfire_upgraded":2,"win_rate":0,"timestamp":1552199294,"path_taken":["M","?","M","$","?","E","R","?","T","?","?","?","$","M","R","BOSS","M","$","M","M","$","R","?","R","T","M","?","E","R","M","R","BOSS"],"build_version":"2019-01-23","purchased_purges":0,"victory":false,"max_hp_per_floor":[75,75,75,75,75,75,75,75,75,81,81,81,91,91,91,91,109,109,109,109,109,109,109,109,109,109,109,109,109,109,109,109,109],"card_choices":[{"not_picked":["Stack","Sweeping Beam"],"picked":"Consume","floor":1},{"not_picked":["Steam","Sweeping Beam"],"picked":"Double Energy","floor":3},{"not_picked":["Compile Driver","Streamline"],"picked":"FTL","floor":5},{"not_picked":["Compile Driver","Fission"],"picked":"Echo Form","floor":6},{"not_picked":["Streamline","Rebound"],"picked":"Leap","floor":8},{"not_picked":["Redo","Leap","Streamline","Doom and Gloom"],"picked":"SKIP","floor":12},{"not_picked":["Hologram","Redo","Force Field"],"picked":"Aggregate","floor":14},{"not_picked":["Amplify","Rainbow","Hyperbeam"],"picked":"Thunder Strike","floor":16},{"not_picked":["Chaos","Coolheaded","Rebound"],"picked":"Tempest","floor":18},{"not_picked":["Darkness+1","Aggregate+1","Double Energy"],"picked":"Tempest","floor":20},{"not_picked":["Skim+1","Go for the Eyes","Reprogram"],"picked":"White Noise+1","floor":27},{"not_picked":["Double Energy","Go for the Eyes","Steam"],"picked":"BootSequence","floor":29},{"not_picked":["Rebound","FTL","Recycle+1"],"picked":"Tempest","floor":31}],"player_experience":1180789,"relics_obtained":[{"floor":6,"key":"Darkstone Periapt"},{"floor":9,"key":"Cables"},{"floor":17,"key":"Blood Vial"},{"floor":17,"key":"Kunai"},{"floor":17,"key":"Incense Burner"},{"floor":29,"key":"Bird Faced Urn"}],"event_choices":[{"damage_healed":0,"gold_gain":0,"cards_transformed":["Strike_B"],"player_choice":"Transformed","damage_taken":0,"max_hp_gain":0,"max_hp_loss":0,"event_name":"Transmorgrifier","floor":2,"gold_loss":0,"cards_obtained":["Leap"]},{"damage_healed":0,"gold_gain":175,"player_choice":"AGREE","damage_taken":0,"max_hp_gain":0,"max_hp_loss":0,"event_name":"Liars Game","floor":10,"gold_loss":0,"cards_obtained":["Doubt"]},{"damage_healed":0,"gold_gain":0,"player_choice":"Paid Gold","damage_taken":0,"relics_obtained":["Question Card"],"max_hp_gain":0,"max_hp_loss":0,"event_name":"WeMeetAgain","floor":11,"gold_loss":73},{"damage_healed":0,"gold_gain":0,"player_choice":"Paid Fearfully","damage_taken":0,"max_hp_gain":0,"max_hp_loss":0,"event_name":"Masked Bandits","floor":24,"gold_loss":2},{"damage_healed":0,"gold_gain":0,"player_choice":"Ignored","damage_taken":0,"max_hp_gain":0,"max_hp_loss":0,"event_name":"Ghosts","floor":28,"gold_loss":0}],"is_beta":false,"boss_relics":[{"not_picked":["Astrolabe","Black Star"],"picked":"Calling Bell"}],"items_purged_floors":[],"is_endless":false,"potions_floor_spawned":[1,6,14,20],"killed_by":"Champ","ascension_level":0}