{"gold_per_floor":[12,30,30,30,44,44,59,59,59,59,78,78,104,119,119,214,214,228,228,228,248,36,36,70,70,70,81,81,81,109,122,122,224,224,241,241,260,260,33,33,45,45,45,73,92,0,16,35,35,35],"floor_reached":50,"playtime":2220,"items_purged":["Strike_G","Strike_G"],"score":618,"play_id":"b58df016-8cfe-4a94-a43d-baebc146fdf8","local_time":"20190216010949","is_ascension_mode":true,"campfire_choices":[{"data":"Blade Dance","floor":6.0,"key":"SMITH"},{"data":"Dagger Spray","floor":8.0,"key":"SMITH"},{"data":"Neutralize","floor":12.0,"key":"SMITH"},{"data":"Terror","floor":15.0,"key":"SMITH"},{"data":"A Thousand Cuts","floor":23.0,"key":"SMITH"},{"data":"Cloak And Dagger","floor":25.0,"key":"SMITH"},{"floor":29.0,"key":"REST"},{"floor":32.0,"key":"REST"},{"data":"After Image","floor":40.0,"key":"SMITH"},{"data":"Accuracy","floor":42.0,"key":"SMITH"},{"data":"Infinite Blades","floor":49,"key":"SMITH"}],"neow_cost":"NO_GOLD","seed_source_timestamp":96803289697070,"circlet_count":0,"master_deck":["Defend_G","Defend_G","Defend_G","Defend_G+1","Defend_G+1","Strike_G","Survivor","Neutralize+1","Backflip+1","Dagger Spray+1","Blade Dance+1","Terror+1","Slice+1","Flying Knee+1","A Thousand Cuts+1","Caltrops","Endless Agony+1","Infinite Blades+1","Flash of Steel+1","Cloak And Dagger+1","Finisher+1","Deflect","Slice+1","After Image+1","Accuracy+1","Endless Agony+1","Well Laid Plans+1"],"special_seed":0,"relics":["Ring of the Snake","Peace Pipe","Paper Crane","Molten Egg 2","WristBlade","War Paint","Oddly Smooth Stone","Happy Flower","Busted Crown","Mercury Hourglass","Meat on the Bone","Red Mask"],"potions_floor_usage":[45,49,50],"damage_taken":[{"damage":0.0,"enemies":"2 Louse","floor":1.0,"turns":3.0},{"damage":7.0,"enemies":"Small Slimes","floor":2.0,"turns":4.0},{"damage":0.0,"enemies":"Cultist","floor":5.0,"turns":4.0},{"damage":4.0,"enemies":"2 Fungi Beasts","floor":7.0,"turns":3.0},{"damage":4.0,"enemies":"Looter","floor":11.0,"turns":3.0},{"damage":9.0,"enemies":"3 Sentries","floor":13.0,"turns":6.0},{"damage":0.0,"enemies":"Exordium Thugs","floor":14.0,"turns":2.0},{"damage":33.0,"enemies":"Slime Boss","floor":16.0,"turns":10.0},{"damage":19.0,"enemies":"Spheric Guardian","floor":18.0,"turns":4.0},{"damage":0.0,"enemies":"3 Byrds","floor":21.0,"turns":2.0},{"damage":29.0,"enemies":"Slavers","floor":24.0,"turns":3.0},{"damage":18.0,"enemies":"Snake Plant","floor":27.0,"turns":3.0},{"damage":12.0,"enemies":"Book of Stabbing","floor":30.0,"turns":5.0},{"damage":2.0,"enemies":"Centurion and Healer","floor":31.0,"turns":3.0},{"damage":31.0,"enemies":"Automaton","floor":33.0,"turns":7.0},{"damage":16.0,"enemies":"3 Shapes","floor":35.0,"turns":5.0},{"damage":0.0,"enemies":"3 Darklings","floor":37.0,"turns":3.0},{"damage":22.0,"enemies":"Writhing Mass","floor":41.0,"turns":5.0},{"damage":0.0,"enemies":"Giant Head","floor":44.0,"turns":6.0},{"damage":8,"enemies":"Spire Growth","floor":45,"turns":4},{"damage":18,"enemies":"Sphere and 2 Shapes","floor":47,"turns":4},{"damage":5,"enemies":"Transient","floor":48,"turns":5},{"damage":51,"enemies":"Awakened One","floor":50,"turns":7}],"seed_played":"-6461651442772134596","potions_obtained":[{"floor":2.0,"key":"Poison Potion"},{"floor":11.0,"key":"Fire Potion"},{"floor":13.0,"key":"FearPotion"},{"floor":14.0,"key":"GhostInAJar"},{"floor":27.0,"key":"Dexterity Potion"},{"floor":30.0,"key":"Block Potion"},{"floor":33.0,"key":"Energy Potion"},{"floor":37.0,"key":"Fire Potion"},{"floor":44.0,"key":"Swift Potion"},{"floor":48,"key":"Fruit Juice"}],"is_trial":false,"path_per_floor":["M","M","?","?","M","R","M","R","T","?","M","R","E","M","R","B",null,"M","?","?","M","$","R","E","R","T","M","?","R","E","M","R","B",null,"M","?","M","?","$","R","M","R","T","E","M","?","M","M","R","B"],"character_chosen":"THE_SILENT","items_purchased":["Flash of Steel+1","Cloak And Dagger","Endless Agony+1","Block Potion"],"campfire_rested":2,"item_purchase_floors":[22,22,39,39],"current_hp_per_floor":[70,63,63,60,60,60,56,56,56,56,52,52,43,43,43,10,70,51,51,51,51,51,51,22,22,22,4,4,25,13,11,32,1,70,54,54,54,59,59,59,37,37,37,37,41,41,35,42,47,0],"gold":35,"neow_bonus":"REMOVE_TWO","is_prod":false,"is_daily":false,"chose_seed":false,"campfire_upgraded":9,"win_rate":0,"timestamp":1550300989,"path_taken":["M","M","?","?","M","R","M","R","T","?","?","R","E","M","R","BOSS","M","?","?","M","$","R","E","R","T","M","?","R","E","M","R","BOSS","M","?","M","?","$","R","M","R","T","E","?","?","M","M","R","BOSS"],"build_version":"2019-01-23","purchased_purges":2,"victory":false,"max_hp_per_floor":[70,70,70,70,70,70,70,70,70,70,70,70,70,70,70,70,70,70,70,70,70,70,70,70,70,70,70,70,70,70,70,70,70,70,70,66,66,66,66,66,66,66,66,66,66,66,66,66,71,71],"card_choices":[{"not_picked":["Masterful Stab","Reflex"],"picked":"Backflip","floor":1.0},{"not_picked":["Well Laid Plans","Dagger Throw"],"picked":"Dagger Spray","floor":2.0},{"not_picked":["Poisoned Stab","Backflip"],"picked":"Blade Dance","floor":5.0},{"not_picked":["Heel Hook","Poisoned Stab","PiercingWail"],"picked":"SKIP","floor":7.0},{"not_picked":["Heel Hook","Blur"],"picked":"Terror","floor":11.0},{"not_picked":["Bullet Time","Reflex"],"picked":"Slice","floor":13.0},{"not_picked":["Distraction","PiercingWail"],"picked":"Flying Knee+1","floor":14.0},{"not_picked":["Adrenaline","Malaise"],"picked":"A Thousand Cuts","floor":16.0},{"not_picked":["Bane+1","Sucker Punch+1"],"picked":"Caltrops","floor":18.0},{"not_picked":["Bouncing Flask+1","Footwork"],"picked":"Infinite Blades","floor":21.0},{"not_picked":["Heel Hook+1","Dagger Throw+1","Flying Knee+1"],"picked":"SKIP","floor":24.0},{"not_picked":["Choke+1","Reflex"],"picked":"Finisher+1","floor":27.0},{"not_picked":["Underhanded Strike+1","Poisoned Stab+1"],"picked":"Deflect","floor":30.0},{"not_picked":["Skewer+1","Dagger Throw+1"],"picked":"Slice+1","floor":31.0},{"not_picked":["Tools of the Trade","Malaise"],"picked":"After Image","floor":33.0},{"not_picked":[],"picked":"Accuracy","floor":35.0},{"not_picked":[],"picked":"Dagger Throw+1","floor":37.0},{"not_picked":["Riddle With Holes+1"],"picked":"SKIP","floor":41.0},{"not_picked":["Poisoned Stab+1"],"picked":"SKIP","floor":44.0},{"not_picked":[],"picked":"Well Laid Plans+1","floor":45},{"not_picked":["Dagger Throw+1"],"picked":"SKIP","floor":47},{"not_picked":["Underhanded Strike+1"],"picked":"SKIP","floor":48}],"player_experience":190030,"relics_obtained":[{"floor":9.0,"key":"Paper Crane"},{"floor":13.0,"key":"Molten Egg 2"},{"floor":24.0,"key":"War Paint"},{"floor":26.0,"key":"Oddly Smooth Stone"},{"floor":30.0,"key":"Happy Flower"},{"floor":43.0,"key":"Mercury Hourglass"},{"floor":44.0,"key":"Meat on the Bone"}],"event_choices":[{"damage_healed":0.0,"max_hp_gain":0.0,"max_hp_loss":0.0,"gold_gain":0.0,"event_name":"Living Wall","player_choice":"Grow","floor":3.0,"gold_loss":0.0,"damage_taken":0.0,"cards_upgraded":["Backflip"]},{"damage_healed":0.0,"max_hp_gain":0.0,"max_hp_loss":0.0,"gold_gain":0.0,"event_name":"Scrap Ooze","player_choice":"Success","floor":4.0,"gold_loss":0.0,"damage_taken":3.0,"relics_obtained":["Peace Pipe"]},{"damage_healed":0.0,"max_hp_gain":0.0,"max_hp_loss":0.0,"gold_gain":0.0,"event_name":"Transmorgrifier","player_choice":"Ignored","floor":10.0,"gold_loss":0.0,"damage_taken":0.0},{"damage_healed":0.0,"max_hp_gain":0.0,"max_hp_loss":0.0,"gold_gain":0.0,"event_name":"Ghosts","player_choice":"Ignored","floor":19.0,"gold_loss":0.0,"damage_taken":0.0},{"damage_healed":0.0,"max_hp_gain":0.0,"max_hp_loss":0.0,"gold_gain":0.0,"event_name":"The Library","player_choice":"Read","floor":20.0,"gold_loss":0.0,"damage_taken":0.0,"cards_obtained":["Endless Agony"]},{"damage_healed":0.0,"max_hp_gain":0.0,"max_hp_loss":0.0,"gold_gain":0.0,"event_name":"FaceTrader","player_choice":"Leave","floor":28.0,"gold_loss":0.0,"damage_taken":0.0},{"damage_healed":0.0,"max_hp_gain":0.0,"max_hp_loss":4.0,"gold_gain":0.0,"event_name":"Winding Halls","player_choice":"Max HP","floor":36.0,"gold_loss":0.0,"damage_taken":0.0},{"cards_removed":["Dagger Throw"],"damage_healed":5.0,"max_hp_gain":0.0,"max_hp_loss":0.0,"gold_gain":0.0,"event_name":"Bonfire Elementals","player_choice":"Offered Common","floor":38.0,"gold_loss":0.0,"damage_taken":0.0},{"cards_removed":["Dagger Throw"],"damage_healed":5.0,"max_hp_gain":0.0,"max_hp_loss":0.0,"gold_gain":0.0,"event_name":"Bonfire Elementals","player_choice":"Offered Special","floor":38.0,"gold_loss":0.0,"damage_taken":0.0},{"damage_healed":0,"gold_gain":0,"player_choice":"Paid","damage_taken":0,"relics_obtained":["Red Mask"],"max_hp_gain":0,"max_hp_loss":0,"event_name":"Tomb of Lord Red Mask","floor":46,"gold_loss":92}],"is_beta":false,"boss_relics":[{"not_picked":["Velvet Choker","Calling Bell"],"picked":"WristBlade"},{"not_picked":["Black Star","Fusion Hammer"],"picked":"Busted Crown"}],"items_purged_floors":[22,39],"is_endless":false,"potions_floor_spawned":[2,11,13,14,27,30,33,37,44,48],"killed_by":"Awakened One","ascension_level":3}