{"gold_per_floor":[119,194,208,208,226,226,241,241,241,5,21,21,21,49,49,123,123,143,143,161,161],"floor_reached":21,"playtime":731,"items_purged":[],"score":340,"play_id":"3421e945-fd8c-4f27-b97c-8efcde7c18ce","local_time":"20190313170227","is_ascension_mode":true,"campfire_choices":[{"data":"Rip and Tear","floor":6,"key":"SMITH"},{"data":"Go for the Eyes","floor":8,"key":"SMITH"},{"floor":13,"key":"REST"},{"data":"Discovery","floor":15,"key":"SMITH"}],"neow_cost":"TEN_PERCENT_HP_LOSS","seed_source_timestamp":602860051029358,"circlet_count":0,"master_deck":["AscendersBane","Strike_B+1","Strike_B+1","Strike_B","Strike_B","Defend_B","Defend_B","Defend_B","Defend_B","Zap","Dualcast","Go for the Eyes+1","Rip and Tear+1","Rebound","Conserve Battery","Glacier","Discovery+1","Auto Shields","Hologram","Multi-Cast","Reinforced Body","FTL","Cold Snap","Ball Lightning","Streamline+1"],"relics":["Cracked Core","Torii","PreservedInsect","Meat on the Bone","Orrery"],"potions_floor_usage":[14,16,20,21],"damage_taken":[{"damage":7,"enemies":"Small Slimes","floor":1,"turns":3},{"damage":1,"enemies":"2 Louse","floor":3,"turns":2},{"damage":7,"enemies":"Jaw Worm","floor":5,"turns":3},{"damage":2,"enemies":"Blue Slaver","floor":7,"turns":3},{"damage":2,"enemies":"Exordium Thugs","floor":11,"turns":4},{"damage":1,"enemies":"Lagavulin","floor":14,"turns":4},{"damage":1,"enemies":"Hexaghost","floor":16,"turns":10},{"damage":13,"enemies":"Shell Parasite","floor":18,"turns":8},{"damage":4,"enemies":"3 Byrds","floor":20,"turns":6},{"damage":50,"enemies":"3 Cultists","floor":21,"turns":5}],"seed_played":"-951447387945264871","potions_obtained":[{"floor":5,"key":"FearPotion"},{"floor":11,"key":"Block Potion"},{"floor":16,"key":"SkillPotion"},{"floor":18,"key":"SpeedPotion"}],"is_trial":false,"path_per_floor":["M","?","M","?","M","R","M","R","T","$","M","$","R","E","R","B",null,"M","?","M","M"],"character_chosen":"DEFECT","items_purchased":["Glacier","Discovery","Weak Potion"],"campfire_rested":1,"item_purchase_floors":[10,10,10],"current_hp_per_floor":[57,46,45,26,19,19,17,17,17,17,15,15,34,33,33,44,59,46,29,37,0],"gold":161,"neow_bonus":"ONE_RARE_RELIC","is_prod":false,"is_daily":false,"chose_seed":false,"campfire_upgraded":3,"win_rate":0,"timestamp":1552492947,"path_taken":["M","?","M","?","M","R","M","R","T","$","M","$","R","E","R","BOSS","M","?","M","M"],"build_version":"2019-01-23","purchased_purges":0,"victory":false,"max_hp_per_floor":[64,64,64,64,64,64,64,64,64,64,64,64,64,64,64,64,64,64,69,69,69],"card_choices":[{"not_picked":["Undo","Beam Cell"],"picked":"Go for the Eyes","floor":1},{"not_picked":["Melter","Redo"],"picked":"Rip and Tear","floor":3},{"not_picked":["Sweeping Beam","Turbo"],"picked":"Rebound","floor":5},{"not_picked":["Static Discharge","Leap"],"picked":"Conserve Battery","floor":7},{"not_picked":["Ball Lightning","Steam Power"],"picked":"Auto Shields","floor":11},{"not_picked":["Amplify","Ball Lightning"],"picked":"Hologram","floor":14},{"not_picked":["Meteor Strike","Fission"],"picked":"Multi-Cast","floor":16},{"not_picked":["Hello World","Ball Lightning"],"picked":"Reinforced Body","floor":17},{"not_picked":["Go for the Eyes","Machine Learning"],"picked":"FTL","floor":17},{"not_picked":["Compile Driver","Steam"],"picked":"Cold Snap","floor":17},{"not_picked":["Melter","Redo"],"picked":"Ball Lightning","floor":17},{"not_picked":["Melter","Sweeping Beam+1"],"picked":"Streamline+1","floor":18},{"not_picked":["Reprogram","Sweeping Beam","Steam Power+1"],"picked":"SKIP","floor":20}],"player_experience":997641,"relics_obtained":[{"floor":9,"key":"PreservedInsect"},{"floor":14,"key":"Meat on the Bone"}],"event_choices":[{"damage_healed":0,"gold_gain":75,"player_choice":"Gather Gold","damage_taken":11,"max_hp_gain":0,"max_hp_loss":0,"event_name":"World of Goop","floor":2,"gold_loss":0},{"damage_healed":0,"gold_gain":0,"player_choice":"Entered Light","damage_taken":19,"max_hp_gain":0,"max_hp_loss":0,"event_name":"Shining Light","floor":4,"gold_loss":0,"cards_upgraded":["Strike_B","Strike_B"]},{"damage_healed":0,"gold_gain":0,"player_choice":"Shed Blood","damage_taken":22,"max_hp_gain":5,"max_hp_loss":0,"event_name":"Forgotten Altar","floor":19,"gold_loss":0}],"is_beta":false,"boss_relics":[{"not_picked":["Astrolabe","Nuclear Battery"],"picked":"Orrery"}],"items_purged_floors":[],"is_endless":false,"potions_floor_spawned":[5,11,16,18],"killed_by":"3 Cultists","ascension_level":18}