{"gold_per_floor":[369,274,288,307,325,359,359,359,359,29,45,45,45,64,64,161,161,174,185,11,11],"floor_reached":21,"playtime":1808,"items_purged":["Strike_B","Strike_B"],"score":226,"play_id":"62105888-14b1-43e7-ae44-ab00808b2fe5","local_time":"20190307113814","is_ascension_mode":true,"campfire_choices":[{"data":"Loop","floor":7,"key":"SMITH"},{"floor":12,"key":"REST"},{"floor":15,"key":"REST"}],"neow_cost":"PERCENT_DAMAGE","seed_source_timestamp":247801243426097,"circlet_count":0,"master_deck":["Strike_B","Strike_B+1","Defend_B","Defend_B+1","Defend_B","Defend_B","Zap","Dualcast","Ball Lightning","Loop+1","Conserve Battery","BootSequence","Sweeping Beam","Consume","Loop","Storm","Leap","Steam","Seek","Capacitor","Beam Cell","Storm"],"relics":["Cracked Core","Ancient Tea Set","Orichalcum","Philosopher\u0027s Stone"],"potions_floor_usage":[16,19],"damage_taken":[{"damage":4,"enemies":"Small Slimes","floor":1,"turns":3},{"damage":5,"enemies":"Jaw Worm","floor":3,"turns":3},{"damage":0,"enemies":"2 Louse","floor":4,"turns":2},{"damage":6,"enemies":"Large Slime","floor":5,"turns":5},{"damage":23,"enemies":"3 Sentries","floor":6,"turns":6},{"damage":14,"enemies":"Exordium Thugs","floor":11,"turns":4},{"damage":1,"enemies":"Blue Slaver","floor":14,"turns":3},{"damage":34,"enemies":"Hexaghost","floor":16,"turns":10},{"damage":13,"enemies":"Spheric Guardian","floor":18,"turns":5},{"damage":33,"enemies":"3 Byrds","floor":19,"turns":4},{"damage":20,"enemies":"Snecko","floor":21,"turns":3}],"seed_played":"1569602970807741494","potions_obtained":[{"floor":3,"key":"FearPotion"},{"floor":11,"key":"Ancient Potion"},{"floor":16,"key":"Dexterity Potion"}],"is_trial":false,"path_per_floor":["M","$","M","M","M","E","R","?","T","$","M","R","?","M","R","B",null,"M","M","$","M"],"character_chosen":"DEFECT","items_purchased":["Loop","Conserve Battery","Storm","FairyPotion","LiquidBronze","Storm"],"campfire_rested":2,"item_purchase_floors":[2,2,10,10,10,20],"current_hp_per_floor":[50,50,45,45,39,16,16,13,13,13,7,29,14,13,35,1,57,44,11,11,0],"gold":11,"neow_bonus":"TWO_FIFTY_GOLD","is_prod":false,"is_daily":false,"chose_seed":false,"campfire_upgraded":1,"win_rate":0,"timestamp":1551980294,"path_taken":["M","$","M","M","M","E","R","?","T","$","M","R","?","M","R","BOSS","M","M","$","M"],"build_version":"2019-01-23","purchased_purges":2,"victory":false,"max_hp_per_floor":[75,75,75,75,75,75,75,75,75,75,75,75,75,75,75,75,75,75,75,75,75],"card_choices":[{"not_picked":["Hologram","Reinforced Body"],"picked":"Ball Lightning","floor":1},{"not_picked":["Scrape","Barrage"],"picked":"BootSequence","floor":3},{"not_picked":["Coolheaded","Rebound"],"picked":"Sweeping Beam","floor":4},{"not_picked":["Coolheaded","Turbo"],"picked":"Consume","floor":5},{"not_picked":["Tempest","Rebound"],"picked":"Loop","floor":6},{"not_picked":["Lockon","Consume"],"picked":"Leap","floor":11},{"not_picked":["Compile Driver","Reboot"],"picked":"Steam","floor":14},{"not_picked":["Rainbow","Meteor Strike"],"picked":"Seek","floor":16},{"not_picked":["Steam","Conserve Battery"],"picked":"Capacitor","floor":18},{"not_picked":["Ball Lightning","Turbo"],"picked":"Beam Cell","floor":19}],"player_experience":329372,"relics_obtained":[{"floor":6,"key":"Ancient Tea Set"},{"floor":9,"key":"Orichalcum"}],"event_choices":[{"damage_healed":0,"gold_gain":0,"player_choice":"Fled","damage_taken":3,"max_hp_gain":0,"max_hp_loss":0,"event_name":"Scrap Ooze","floor":8,"gold_loss":0},{"damage_healed":0,"gold_gain":0,"player_choice":"Entered Light","damage_taken":15,"max_hp_gain":0,"max_hp_loss":0,"event_name":"Shining Light","floor":13,"gold_loss":0,"cards_upgraded":["Strike_B","Defend_B"]}],"is_beta":false,"boss_relics":[{"not_picked":["Tiny House","Lizard Tail"],"picked":"Philosopher\u0027s Stone"}],"items_purged_floors":[10,20],"is_endless":false,"potions_floor_spawned":[3,11,16],"killed_by":"Snecko","ascension_level":5}