{"gold_per_floor":[113,63,63,81,9,9,41,61,86,105,105,105,128,128,128,254,254,274,274,263,188,188,188,33,33,59,59,59,78,92,103,103,103],"floor_reached":33,"playtime":2101,"items_purged":["Defend_R"],"score":351,"play_id":"83f450db-27d2-4757-9c3f-4b27703c944d","local_time":"20190224135933","is_ascension_mode":true,"campfire_choices":[{"data":"Metallicize","floor":6,"key":"SMITH"},{"data":"Armaments","floor":12,"key":"SMITH"},{"data":"Infernal Blade","floor":15,"key":"SMITH"},{"data":"Fire Breathing","floor":23,"key":"SMITH"},{"data":"Shrug It Off","floor":25,"key":"SMITH"},{"data":"Bludgeon","floor":27,"key":"SMITH"},{"data":"Iron Wave","floor":32,"key":"SMITH"}],"neow_cost":"NONE","seed_source_timestamp":761183768641596,"circlet_count":0,"master_deck":["Strike_R","Strike_R","Defend_R","Defend_R","Bash","Heavy Blade","Second Wind","Armaments+1","Metallicize+1","Infernal Blade+1","Shrug It Off+1","Clash","Bludgeon+1","Fire Breathing+1","Warcry+1","Iron Wave+1","Twin Strike+1","Iron Wave"],"relics":["Burning Blood","NeowsBlessing","Omamori","Strawberry","Bloody Idol","Eternal Feather","Darkstone Periapt","PreservedInsect","Lantern"],"potions_floor_usage":[10,16,30,33,33,33],"damage_taken":[{"damage":0,"enemies":"Small Slimes","floor":1,"turns":1},{"damage":0,"enemies":"2 Louse","floor":4,"turns":1},{"damage":0,"enemies":"3 Sentries","floor":7,"turns":2},{"damage":6,"enemies":"Jaw Worm","floor":8,"turns":3},{"damage":11,"enemies":"Large Slime","floor":10,"turns":6},{"damage":0,"enemies":"Exordium Wildlife","floor":13,"turns":4},{"damage":57,"enemies":"Slime Boss","floor":16,"turns":16},{"damage":29,"enemies":"3 Byrds","floor":18,"turns":7},{"damage":30,"enemies":"2 Thieves","floor":20,"turns":4},{"damage":16,"enemies":"Snecko","floor":29,"turns":5},{"damage":15,"enemies":"3 Cultists","floor":30,"turns":6},{"damage":0,"enemies":"Sentry and Sphere","floor":31,"turns":4},{"damage":78,"enemies":"Champ","floor":33,"turns":17}],"seed_played":"-1743797221590559294","potions_obtained":[{"floor":1,"key":"Fire Potion"},{"floor":7,"key":"Explosive Potion"},{"floor":13,"key":"Strength Potion"},{"floor":29,"key":"SkillPotion"},{"floor":30,"key":"PowerPotion"},{"floor":31,"key":"Fruit Juice"}],"is_trial":false,"path_per_floor":["M","?","?","M","$","R","E","M","T","M","?","R","M","?","R","B",null,"M","?","M","$","?","R","$","R","T","R","?","M","M","M","R","B"],"character_chosen":"IRONCLAD","items_purchased":["Metallicize","PreservedInsect"],"campfire_rested":0,"item_purchase_floors":[5,24],"current_hp_per_floor":[78,78,78,80,80,80,80,80,87,82,82,82,87,80,80,29,73,50,50,26,26,26,35,35,44,44,53,53,48,44,55,64,0],"gold":103,"neow_bonus":"THREE_ENEMY_KILL","is_prod":false,"is_daily":false,"chose_seed":false,"campfire_upgraded":7,"win_rate":0,"timestamp":1551045573,"path_taken":["M","?","?","M","?","R","E","M","T","M","?","R","?","?","R","BOSS","M","?","M","$","?","R","$","R","T","R","?","M","M","M","R","BOSS"],"build_version":"2019-01-23","purchased_purges":1,"victory":false,"max_hp_per_floor":[80,80,80,80,80,80,80,80,87,87,87,87,87,87,87,87,87,87,87,87,87,87,87,87,87,87,87,87,87,87,87,87,92],"card_choices":[{"not_picked":["Dropkick","Feel No Pain"],"picked":"Heavy Blade","floor":1},{"not_picked":["Uppercut","Wild Strike"],"picked":"Armaments","floor":4},{"not_picked":["Anger","Demon Form"],"picked":"Infernal Blade","floor":7},{"not_picked":["Entrench","Uppercut"],"picked":"Shrug It Off","floor":8},{"not_picked":["Whirlwind","Body Slam","Dropkick"],"picked":"SKIP","floor":10},{"not_picked":["Clothesline","Rupture"],"picked":"Clash","floor":13},{"not_picked":["Berserk","Fiend Fire"],"picked":"Bludgeon","floor":16},{"not_picked":["Perfected Strike","Body Slam"],"picked":"Fire Breathing","floor":18},{"not_picked":["Anger","Havoc+1"],"picked":"Warcry+1","floor":20},{"not_picked":["Evolve","Heavy Blade"],"picked":"Iron Wave","floor":29},{"not_picked":["Disarm","Cleave"],"picked":"Twin Strike+1","floor":30},{"not_picked":["Wild Strike","Bludgeon"],"picked":"Iron Wave","floor":31}],"player_experience":340217,"relics_obtained":[{"floor":7,"key":"Omamori"},{"floor":9,"key":"Strawberry"},{"floor":26,"key":"Lantern"}],"event_choices":[{"cards_removed":["Strike_R"],"damage_healed":0,"gold_gain":0,"player_choice":"Card Removal","damage_taken":0,"max_hp_gain":0,"max_hp_loss":0,"event_name":"The Cleric","floor":2,"gold_loss":50},{"damage_healed":0,"gold_gain":0,"cards_transformed":["Defend_R"],"player_choice":"Change","damage_taken":0,"max_hp_gain":0,"max_hp_loss":0,"event_name":"Living Wall","floor":3,"gold_loss":0,"cards_obtained":["Second Wind"]},{"damage_healed":0,"gold_gain":0,"player_choice":"Take Wound","damage_taken":0,"relics_obtained":["Golden Idol"],"max_hp_gain":0,"max_hp_loss":0,"event_name":"Golden Idol","floor":11,"gold_loss":0,"cards_obtained":["Injury"]},{"cards_removed":["Strike_R"],"damage_healed":0,"gold_gain":0,"player_choice":"Card Removal","damage_taken":7,"max_hp_gain":0,"max_hp_loss":0,"event_name":"Golden Wing","floor":14,"gold_loss":0},{"cards_removed":["Strike_R"],"damage_healed":0,"gold_gain":0,"player_choice":"Elegance","damage_taken":0,"max_hp_gain":0,"max_hp_loss":0,"event_name":"Back to Basics","floor":19,"gold_loss":0},{"damage_healed":0,"gold_gain":0,"player_choice":"Opened","damage_taken":0,"relics_obtained":["Darkstone Periapt"],"max_hp_gain":0,"max_hp_loss":0,"event_name":"The Mausoleum","floor":22,"gold_loss":0},{"damage_healed":0,"gold_gain":0,"player_choice":"Gave Idol","damage_taken":0,"relics_obtained":["Bloody Idol"],"max_hp_gain":0,"max_hp_loss":0,"event_name":"Forgotten Altar","floor":28,"relics_lost":["Golden Idol"],"gold_loss":0}],"is_beta":false,"boss_relics":[{"not_picked":["White Beast Statue","Fusion Hammer"],"picked":"Eternal Feather"}],"items_purged_floors":[21],"is_endless":false,"potions_floor_spawned":[1,7,13,29,30,31],"killed_by":"Champ","ascension_level":6}