{"gold_per_floor":[114,129,141,141,141,141,66,101,101,139,139,159,159,183,183,183],"floor_reached":16,"playtime":5775,"items_purged":["Strike_R"],"score":108,"play_id":"2bb4642f-ee4b-4635-95f0-f73871b28c6f","local_time":"20190305232114","is_ascension_mode":false,"campfire_choices":[{"data":"Madness","floor":6,"key":"SMITH"},{"floor":11,"key":"REST"},{"data":"Body Slam","floor":13,"key":"SMITH"},{"data":"Bash","floor":15,"key":"SMITH"}],"neow_cost":"NONE","seed_source_timestamp":27637433674623,"circlet_count":0,"master_deck":["Strike_R","Strike_R","Strike_R","Defend_R","Defend_R","Defend_R","Defend_R","Bash+1","Madness+1","Warcry","Inflame","Iron Wave","Inflame","Body Slam+1"],"relics":["Burning Blood","Golden Idol","Letter Opener","Sundial","Ornamental Fan","Potion Belt"],"potions_floor_usage":[8,10],"damage_taken":[{"damage":7,"enemies":"2 Louse","floor":1,"turns":3},{"damage":1,"enemies":"Jaw Worm","floor":2,"turns":4},{"damage":3,"enemies":"Cultist","floor":3,"turns":5},{"damage":41,"enemies":"3 Sentries","floor":8,"turns":14},{"damage":22,"enemies":"Lagavulin","floor":10,"turns":9},{"damage":12,"enemies":"Large Slime","floor":12,"turns":3},{"damage":33,"enemies":"The Guardian","floor":16,"turns":9}],"seed_played":"6134034180510054788","potions_obtained":[{"floor":1,"key":"Fruit Juice"},{"floor":3,"key":"SpeedPotion"}],"is_trial":false,"path_per_floor":["M","M","M","?","?","R","$","E","T","E","R","M","R","T","R","B"],"character_chosen":"IRONCLAD","items_purchased":[],"campfire_rested":1,"item_purchase_floors":[],"current_hp_per_floor":[79,80,80,60,60,60,60,30,30,14,39,33,33,33,33,0],"gold":183,"neow_bonus":"RANDOM_COLORLESS","is_prod":false,"is_daily":false,"chose_seed":false,"campfire_upgraded":3,"win_rate":0,"timestamp":1551846074,"path_taken":["M","M","M","?","?","R","$","E","T","E","R","M","R","?","R","BOSS"],"build_version":"2019-01-23","purchased_purges":1,"victory":false,"max_hp_per_floor":[80,80,80,80,80,80,80,85,85,85,85,85,85,85,85,85],"card_choices":[{"not_picked":["Iron Wave","Cleave"],"picked":"Warcry","floor":1},{"not_picked":["Anger","Heavy Blade"],"picked":"Inflame","floor":2},{"not_picked":["Infernal Blade","Flex","Havoc"],"picked":"SKIP","floor":3},{"not_picked":["Shrug It Off","Rupture"],"picked":"Iron Wave","floor":8},{"not_picked":["Fire Breathing","Fiend Fire"],"picked":"Inflame","floor":10},{"not_picked":["Perfected Strike","Warcry"],"picked":"Body Slam","floor":12}],"player_experience":530318,"relics_obtained":[{"floor":8,"key":"Letter Opener"},{"floor":9,"key":"Sundial"},{"floor":10,"key":"Ornamental Fan"},{"floor":14,"key":"Potion Belt"}],"event_choices":[{"damage_healed":0,"gold_gain":0,"player_choice":"Take Damage","damage_taken":20,"relics_obtained":["Golden Idol"],"max_hp_gain":0,"max_hp_loss":0,"event_name":"Golden Idol","floor":4,"gold_loss":0},{"cards_removed":["Strike_R"],"damage_healed":0,"gold_gain":0,"player_choice":"Forget","damage_taken":0,"max_hp_gain":0,"max_hp_loss":0,"event_name":"Living Wall","floor":5,"gold_loss":0}],"is_beta":false,"boss_relics":[],"items_purged_floors":[7],"is_endless":false,"potions_floor_spawned":[1,3],"killed_by":"The Guardian","ascension_level":0}