{"gold_per_floor":[109,59,59,34,34,68,81,81,81,114,69,95,57,70,70,170,170,181,198,100,199,199,199,149,149,149,161,161],"floor_reached":28,"playtime":839,"items_purged":["Strike_B"],"score":373,"play_id":"7546b4f9-de0c-457d-875e-b1f254d77d3c","local_time":"20190311222615","is_ascension_mode":true,"campfire_choices":[{"data":"Conserve Battery","floor":15,"key":"SMITH"},{"data":"Dualcast","floor":23,"key":"SMITH"},{"data":"Sunder","floor":25,"key":"SMITH"}],"neow_cost":"NONE","seed_source_timestamp":39896486896015,"circlet_count":0,"master_deck":["Strike_B","Strike_B","Defend_B+1","Defend_B","Defend_B","Defend_B","Zap+1","Dualcast+1","Gash+1","Rebound","Ball Lightning","Darkness","Conserve Battery+1","Sunder+1","Ball Lightning","Echo Form+1","Go for the Eyes","Normality","Skim+1"],"relics":["Cracked Core","NeowsBlessing","Bottled Lightning","Ornamental Fan","Bag of Preparation","War Paint","Frozen Egg 2","Cursed Key","Symbiotic Virus"],"potions_floor_usage":[16,28],"damage_taken":[{"damage":0,"enemies":"Jaw Worm","floor":1,"turns":1},{"damage":0,"enemies":"Lagavulin","floor":6,"turns":1},{"damage":0,"enemies":"2 Louse","floor":7,"turns":1},{"damage":31,"enemies":"3 Sentries","floor":10,"turns":5},{"damage":6,"enemies":"Gremlin Nob","floor":12,"turns":3},{"damage":0,"enemies":"Small Slimes","floor":14,"turns":2},{"damage":15,"enemies":"Hexaghost","floor":16,"turns":9},{"damage":6,"enemies":"Spheric Guardian","floor":18,"turns":3},{"damage":14,"enemies":"3 Byrds","floor":19,"turns":4},{"damage":20,"enemies":"Centurion and Healer","floor":27,"turns":5},{"damage":6,"enemies":"Shelled Parasite and Fungi","floor":28,"turns":2}],"seed_played":"-1733810917745196276","potions_obtained":[{"floor":1,"key":"SpeedPotion"},{"floor":14,"key":"Block Potion"},{"floor":19,"key":"GamblersBrew"}],"is_trial":false,"path_per_floor":["M","?","?","$","?","E","M","?","T","E","$","E","$","M","R","B",null,"M","M","$","?","?","R","?","R","T","M","M"],"character_chosen":"DEFECT","items_purchased":["Rebound","Conserve Battery","Sunder","Go for the Eyes"],"campfire_rested":0,"item_purchase_floors":[4,11,13,20],"current_hp_per_floor":[68,68,68,68,68,68,68,65,65,34,34,28,28,28,28,13,60,54,40,40,40,26,26,26,26,26,6,0],"gold":161,"neow_bonus":"THREE_ENEMY_KILL","is_prod":false,"is_daily":false,"chose_seed":false,"campfire_upgraded":3,"win_rate":0,"timestamp":1552353975,"path_taken":["M","?","?","?","?","E","M","?","T","E","$","E","$","?","R","BOSS","M","M","$","?","?","R","?","R","T","M","?"],"build_version":"2019-02-06","purchased_purges":1,"victory":false,"max_hp_per_floor":[75,75,75,75,75,75,75,75,75,75,75,75,75,75,75,75,75,75,75,75,75,80,80,80,80,80,80,80],"card_choices":[{"not_picked":["Aggregate","Coolheaded"],"picked":"Gash","floor":1},{"not_picked":["Go for the Eyes","Coolheaded"],"picked":"Ball Lightning","floor":6},{"not_picked":["Cold Snap","Recycle","Steam"],"picked":"SKIP","floor":7},{"not_picked":["Consume","Streamline"],"picked":"Darkness","floor":10},{"not_picked":["Melter","Compile Driver","Stack"],"picked":"SKIP","floor":12},{"not_picked":["Leap","Compile Driver"],"picked":"Ball Lightning","floor":14},{"not_picked":["Multi-Cast","Fission"],"picked":"Echo Form+1","floor":16},{"not_picked":["Leap+1","Redo","Streamline"],"picked":"SKIP","floor":18},{"not_picked":["Cold Snap","Barrage","Ball Lightning+1"],"picked":"SKIP","floor":19},{"not_picked":["Melter","Compile Driver"],"picked":"Skim+1","floor":27}],"player_experience":958516,"relics_obtained":[{"floor":6,"key":"Bottled Lightning"},{"floor":9,"key":"Bag of Preparation"},{"floor":10,"key":"War Paint"},{"floor":12,"key":"Frozen Egg 2"},{"floor":26,"key":"Symbiotic Virus"}],"event_choices":[{"cards_removed":["Strike_B"],"damage_healed":0,"gold_gain":0,"player_choice":"Card Removal","damage_taken":0,"max_hp_gain":0,"max_hp_loss":0,"event_name":"The Cleric","floor":2,"gold_loss":50},{"damage_healed":0,"gold_gain":0,"player_choice":"Ignored","damage_taken":0,"max_hp_gain":0,"max_hp_loss":0,"event_name":"Liars Game","floor":3,"gold_loss":0},{"damage_healed":0,"gold_gain":0,"player_choice":"Grow","damage_taken":0,"max_hp_gain":0,"max_hp_loss":0,"event_name":"Living Wall","floor":5,"gold_loss":0,"cards_upgraded":["Gash"]},{"damage_healed":0,"gold_gain":0,"player_choice":"Success","damage_taken":3,"relics_obtained":["Ornamental Fan"],"max_hp_gain":0,"max_hp_loss":0,"event_name":"Scrap Ooze","floor":8,"gold_loss":0},{"damage_healed":0,"gold_gain":99,"player_choice":"Stole From Cult","damage_taken":0,"max_hp_gain":0,"max_hp_loss":0,"event_name":"Nest","floor":21,"gold_loss":0},{"damage_healed":0,"gold_gain":0,"player_choice":"Shed Blood","damage_taken":19,"max_hp_gain":5,"max_hp_loss":0,"event_name":"Forgotten Altar","floor":22,"gold_loss":0},{"damage_healed":0,"gold_gain":0,"player_choice":"Bet on Owner","damage_taken":0,"max_hp_gain":0,"max_hp_loss":0,"event_name":"The Joust","floor":24,"gold_loss":50}],"is_beta":true,"boss_relics":[{"not_picked":["Ectoplasm","Eternal Feather"],"picked":"Cursed Key"}],"items_purged_floors":[20],"is_endless":false,"potions_floor_spawned":[1,14,19],"killed_by":"Shelled Parasite and Fungi","ascension_level":9}