{"gold_per_floor":[111,36,36,36,36,36,63,63,63,92,104,4,4,14,14,14],"floor_reached":16,"playtime":408,"items_purged":["Defend_R","Decay"],"score":154,"play_id":"f4653dac-7934-46f2-9803-c399e71cb6d7","local_time":"20180730195733","is_ascension_mode":true,"campfire_choices":[{"data":"Clash","floor":6,"key":"SMITH"},{"data":"Clothesline","floor":8,"key":"SMITH"},{"floor":13,"key":"REST"},{"data":"Searing Blow","floor":15,"key":"SMITH"}],"neow_cost":"NONE","seed_source_timestamp":21766899588755,"circlet_count":0,"master_deck":["Strike_R","Strike_R","Strike_R","Strike_R","Strike_R","Defend_R","Defend_R","Defend_R","Bash+1","Clash+1","Clothesline+1","Iron Wave","Searing Blow+1"],"relics":["Burning Blood","Toxic Egg 2","Dodecahedron","Ornamental Fan","Bag of Preparation"],"potions_floor_usage":[16,16],"damage_taken":[{"damage":6,"enemies":"Cultist","floor":1,"turns":3},{"damage":29,"enemies":"3 Sentries","floor":7,"turns":8},{"damage":41,"enemies":"Gremlin Nob","floor":10,"turns":6},{"damage":3,"enemies":"Small Slimes","floor":11,"turns":2},{"damage":0,"enemies":"2 Louse","floor":14,"turns":2},{"damage":49,"enemies":"The Guardian","floor":16,"turns":11}],"seed_played":"-1895728115370920110","potions_obtained":[{"floor":7,"key":"Weak Potion"},{"floor":14,"key":"AttackPotion"}],"is_trial":false,"path_per_floor":["M","$","T","?","$","R","E","R","T","E","M","$","R","M","R"],"character_chosen":"IRONCLAD","items_purchased":[],"campfire_rested":1,"item_purchase_floors":[],"current_hp_per_floor":[72,72,72,72,72,72,49,49,49,14,17,17,41,47,47,0],"gold":14,"neow_bonus":"UPGRADE_CARD","is_prod":false,"is_daily":false,"chose_seed":false,"campfire_upgraded":3,"win_rate":0,"timestamp":1532991453,"path_taken":["M","$","?","?","$","R","E","R","T","E","M","$","R","?","R","BOSS"],"build_version":"2018-07-26","purchased_purges":2,"victory":false,"max_hp_per_floor":[80,80,80,80,80,80,80,80,80,80,80,80,80,80,80,80],"card_choices":[{"not_picked":["Shrug It Off","Thunderclap"],"picked":"Clash","floor":1},{"not_picked":["Hemokinesis","Cleave"],"picked":"Clothesline","floor":7},{"not_picked":["Sever Soul","Thunderclap"],"picked":"Iron Wave","floor":10},{"not_picked":["Shrug It Off+1","Clash"],"picked":"Searing Blow","floor":11},{"not_picked":["Anger","Hemokinesis","Combust"],"picked":"SKIP","floor":14}],"player_experience":852760,"relics_obtained":[{"floor":3,"key":"Toxic Egg 2"},{"floor":7,"key":"Dodecahedron"},{"floor":9,"key":"Ornamental Fan"},{"floor":10,"key":"Bag of Preparation"}],"event_choices":[{"event_name":"Wheel of Change","player_choice":"Curse","floor":4,"damage_taken":0}],"is_beta":true,"boss_relics":[],"items_purged_floors":[2,12],"is_endless":false,"potions_floor_spawned":[7,14],"killed_by":"The Guardian","ascension_level":9}