{"gold_per_floor":[115,25,40,57,57,57,82,101,101,126,126,126,138,158,158,253,253,253,253,253,253,253,253,41,41,41,41,41,41,41,41,41,41],"floor_reached":33,"playtime":2022,"items_purged":["Strike_R"],"score":284,"play_id":"99f6c28c-3afa-43eb-b062-979956f3aa8b","local_time":"20190314212102","is_ascension_mode":false,"campfire_choices":[{"data":"Uppercut","floor":6,"key":"SMITH"},{"data":"Flame Barrier","floor":12,"key":"SMITH"},{"data":"Battle Trance","floor":15,"key":"SMITH"},{"data":"Pommel Strike","floor":23,"key":"SMITH"},{"data":"Feed","floor":28,"key":"SMITH"},{"data":"Metallicize","floor":30,"key":"SMITH"},{"data":"Headbutt","floor":32,"key":"SMITH"}],"neow_cost":"NONE","seed_source_timestamp":2135512206918,"circlet_count":0,"master_deck":["Strike_R","Strike_R","Strike_R","Defend_R","Defend_R","Defend_R","Defend_R","Bash","Flame Barrier+1","Shrug It Off","Pummel","Uppercut+1","Headbutt+1","Shockwave","Pommel Strike+1","Battle Trance+1","Offering","Corruption","Body Slam+1","Feed+1","Metallicize+1"],"relics":["Burning Blood","Gremlin Horn","Sundial","Dream Catcher","Singing Bowl","Ectoplasm","Red Mask","MutagenicStrength","Bag of Marbles"],"potions_floor_usage":[16,16,16,33,33,33],"damage_taken":[{"damage":9,"enemies":"Cultist","floor":1,"turns":4},{"damage":0,"enemies":"2 Louse","floor":3,"turns":3},{"damage":2,"enemies":"Small Slimes","floor":4,"turns":3},{"damage":19,"enemies":"Lagavulin","floor":7,"turns":6},{"damage":1,"enemies":"Exordium Thugs","floor":8,"turns":4},{"damage":20,"enemies":"Gremlin Nob","floor":10,"turns":4},{"damage":0,"enemies":"Large Slime","floor":13,"turns":4},{"damage":8,"enemies":"Exordium Wildlife","floor":14,"turns":4},{"damage":40,"enemies":"Slime Boss","floor":16,"turns":16},{"damage":0,"enemies":"3 Byrds","floor":18,"turns":2},{"damage":1,"enemies":"Chosen","floor":19,"turns":4},{"damage":17,"enemies":"Masked Bandits","floor":20,"turns":5},{"damage":6,"enemies":"Snake Plant","floor":21,"turns":2},{"damage":6,"enemies":"Centurion and Healer","floor":25,"turns":6},{"damage":11,"enemies":"Snecko","floor":27,"turns":3},{"damage":10,"enemies":"Shelled Parasite and Fungi","floor":31,"turns":7},{"damage":96,"enemies":"Champ","floor":33,"turns":12}],"seed_played":"-5560441358119095393","potions_obtained":[{"floor":4,"key":"Block Potion"},{"floor":10,"key":"Strength Potion"},{"floor":13,"key":"SkillPotion"},{"floor":14,"key":"SkillPotion"},{"floor":16,"key":"Block Potion"},{"floor":18,"key":"Swift Potion"},{"floor":21,"key":"Swift Potion"}],"is_trial":false,"path_per_floor":["M","$","M","M","?","R","E","M","T","E","?","R","M","M","R","B",null,"M","M","?","M","?","R","$","M","T","M","R","$","R","M","R","B"],"character_chosen":"IRONCLAD","items_purchased":["Shrug It Off","Pummel","Feed"],"campfire_rested":0,"item_purchase_floors":[2,2,24],"current_hp_per_floor":[77,77,80,80,85,85,72,77,77,63,63,63,69,69,69,35,87,87,89,78,80,80,80,80,83,83,83,83,83,83,81,81,0],"gold":41,"neow_bonus":"REMOVE_CARD","is_prod":false,"is_daily":false,"chose_seed":false,"campfire_upgraded":7,"win_rate":0,"timestamp":1552612862,"path_taken":["M","?","M","M","?","R","E","M","T","E","?","R","M","M","R","BOSS","M","M","?","M","?","R","?","M","T","M","R","$","R","M","R","BOSS"],"build_version":"2019-01-23","purchased_purges":1,"victory":false,"max_hp_per_floor":[80,80,80,80,85,85,85,85,85,85,85,85,85,87,87,87,87,87,89,89,91,91,91,91,94,94,99,99,99,99,101,101,101],"card_choices":[{"not_picked":["Headbutt","Dropkick"],"picked":"Flame Barrier","floor":1},{"not_picked":["Heavy Blade","Sword Boomerang"],"picked":"Uppercut","floor":3},{"not_picked":["Sword Boomerang","Flex"],"picked":"Headbutt","floor":4},{"not_picked":["Clash","Second Wind","Power Through"],"picked":"SKIP","floor":7},{"not_picked":["Twin Strike","Armaments"],"picked":"Shockwave","floor":8},{"not_picked":["Cleave","Sword Boomerang"],"picked":"Pommel Strike","floor":10},{"not_picked":["Cleave","Headbutt"],"picked":"Battle Trance","floor":13},{"not_picked":["Heavy Blade","Fiend Fire","Iron Wave"],"picked":"Singing Bowl","floor":14},{"not_picked":["Juggernaut","Bludgeon"],"picked":"Offering","floor":16},{"not_picked":["Bloodletting","Infernal Blade+1"],"picked":"Corruption","floor":18},{"not_picked":["Cleave","Uppercut","Bloodletting+1"],"picked":"Singing Bowl","floor":19},{"not_picked":["Pommel Strike","Armaments"],"picked":"Body Slam+1","floor":20},{"not_picked":["Warcry","Uppercut","Armaments"],"picked":"Singing Bowl","floor":21},{"not_picked":["Corruption","Shrug It Off"],"picked":"Metallicize","floor":25},{"not_picked":["Havoc+1","Whirlwind+1","Pommel Strike"],"picked":"Singing Bowl","floor":27},{"not_picked":["Anger","Carnage","Iron Wave"],"picked":"Singing Bowl","floor":31}],"player_experience":599810,"relics_obtained":[{"floor":7,"key":"Gremlin Horn"},{"floor":9,"key":"Sundial"},{"floor":10,"key":"Dream Catcher"},{"floor":20,"key":"Red Mask"},{"floor":26,"key":"Bag of Marbles"}],"event_choices":[{"damage_healed":0,"gold_gain":0,"player_choice":"Donut","damage_taken":0,"max_hp_gain":5,"max_hp_loss":0,"event_name":"Big Fish","floor":5,"gold_loss":0},{"damage_healed":0,"gold_gain":0,"player_choice":"Gave Potion","damage_taken":0,"relics_obtained":["Singing Bowl"],"max_hp_gain":0,"max_hp_loss":0,"event_name":"WeMeetAgain","floor":11,"gold_loss":0},{"damage_healed":0,"gold_gain":0,"player_choice":"Fought Bandits","damage_taken":0,"max_hp_gain":0,"max_hp_loss":0,"event_name":"Masked Bandits","floor":20,"gold_loss":0},{"damage_healed":0,"gold_gain":0,"player_choice":"Inject Mutagens","damage_taken":0,"relics_obtained":["MutagenicStrength"],"max_hp_gain":0,"max_hp_loss":0,"event_name":"Drug Dealer","floor":22,"gold_loss":0}],"is_beta":false,"boss_relics":[{"not_picked":["Black Blood","Orrery"],"picked":"Ectoplasm"}],"items_purged_floors":[24],"is_endless":false,"potions_floor_spawned":[4,10,13,14,16,18,21,25],"killed_by":"Champ","ascension_level":0}