{"gold_per_floor":[119,133,149,149,74,74,89,109,109,82,113,113,133,167,167,167],"floor_reached":16,"playtime":446,"items_purged":["Strike_B"],"score":134,"play_id":"b88fe5b2-3c99-4867-9107-f08be8523ffa","local_time":"20180806202935","is_ascension_mode":true,"campfire_choices":[{"data":"Dualcast","floor":6,"key":"SMITH"},{"floor":12,"key":"REST"},{"floor":15,"key":"REST"}],"neow_cost":"NONE","seed_source_timestamp":37776315611591,"circlet_count":0,"master_deck":["Strike_B","Strike_B","Defend_B","Defend_B","Defend_B","Defend_B","Zap","Dualcast+1","Gash","Scrape","Gash","Scrape","Echo Form","Streamline","Steam","Sweeping Beam"],"relics":["Cracked Core","Prayer Wheel","Bottled Flame","Emotion Chip"],"potions_floor_usage":[11,14,16],"damage_taken":[{"damage":12,"enemies":"Jaw Worm","floor":1,"turns":2},{"damage":0,"enemies":"2 Louse","floor":2,"turns":2},{"damage":0,"enemies":"Cultist","floor":3,"turns":2},{"damage":13,"enemies":"Blue Slaver","floor":7,"turns":2},{"damage":4,"enemies":"Red Slaver","floor":8,"turns":2},{"damage":35,"enemies":"Lagavulin","floor":11,"turns":4},{"damage":1,"enemies":"Exordium Thugs","floor":13,"turns":3},{"damage":18,"enemies":"Gremlin Nob","floor":14,"turns":3},{"damage":30,"enemies":"The Guardian","floor":16,"turns":4}],"seed_played":"5104462770876654219","potions_obtained":[{"floor":7,"key":"Weak Potion"},{"floor":8,"key":"PowerPotion"},{"floor":11,"key":"GamblersBrew"},{"floor":14,"key":"Weak Potion"}],"is_trial":false,"path_per_floor":["M","M","M","?","$","R","M","M","T","$","E","R","M","E","R"],"character_chosen":"DEFECT","items_purchased":["Streamline"],"campfire_rested":2,"item_purchase_floors":[10],"current_hp_per_floor":[63,63,63,56,56,56,43,39,39,39,4,26,25,7,29,0],"gold":167,"neow_bonus":"THREE_CARDS","is_prod":false,"is_daily":false,"chose_seed":false,"campfire_upgraded":1,"win_rate":0,"timestamp":1533598175,"path_taken":["M","M","M","?","$","R","?","M","T","?","E","R","?","E","R","BOSS"],"build_version":"2018-08-01","purchased_purges":1,"victory":false,"max_hp_per_floor":[75,75,75,75,75,75,75,75,75,75,75,75,75,75,75,75],"card_choices":[{"not_picked":["Force Field","Auto Shields"],"picked":"Gash","floor":0},{"not_picked":["Steam","Redo"],"picked":"Scrape","floor":1},{"not_picked":["Cold Snap","Double Energy"],"picked":"Gash","floor":2},{"not_picked":["Undo","Stack"],"picked":"Scrape","floor":3},{"not_picked":["Reprogram","Recycle","Stack"],"picked":"SKIP","floor":7},{"not_picked":["Gash","Leap"],"picked":"Echo Form","floor":8},{"not_picked":["Scrape","Turbo","Capacitor"],"picked":"SKIP","floor":11},{"not_picked":["Heatsinks","Turbo"],"picked":"Steam","floor":13},{"not_picked":["Streamline","Aggregate","Undo"],"picked":"SKIP","floor":13},{"not_picked":["Streamline","Aggregate","Undo"],"picked":"SKIP","floor":13},{"not_picked":["Steam","Cold Snap"],"picked":"Sweeping Beam","floor":14}],"player_experience":863208,"relics_obtained":[{"floor":9,"key":"Prayer Wheel"},{"floor":11,"key":"Bottled Flame"},{"floor":14,"key":"Emotion Chip"}],"event_choices":[{"event_name":"Golden Wing","player_choice":"Card Removal","floor":4,"damage_taken":0}],"is_beta":true,"boss_relics":[],"items_purged_floors":[5],"is_endless":false,"potions_floor_spawned":[7,8,11,14],"killed_by":"The Guardian","ascension_level":4}