{"path_per_floor":["M","?","?","?","M","E","$","R","T","M","M","M","M","$","R","B",null,"M","?","M","?","?","R","?","R","T","E","$","T","M"],"character_chosen":"IRONCLAD","items_purchased":["Kunai","Blue Candle"],"gold_per_floor":[216,216,216,216,234,267,11,11,11,26,41,53,72,72,72,169,169,187,187,200,200,200,200,200,200,252,313,54,77,97],"floor_reached":31,"campfire_rested":3,"playtime":1413,"current_hp_per_floor":[77,77,80,73,67,42,42,42,42,41,33,26,23,23,47,37,87,55,55,28,12,12,38,21,48,48,26,26,26,11],"items_purged":[],"gold":97,"score":278,"play_id":"f6fb38c7-cbc7-429f-8837-f34ea6e9a60d","is_prod":false,"is_daily":false,"is_ascension_mode":false,"campfire_upgraded":1,"path_taken":["M","?","?","?","M","E","?","R","T","M","?","M","?","?","R","BOSS","M","?","M","?","?","R","?","R","T","E","$","?","M","M"],"build_version":"2018-02-15-PROD1","purchased_purges":0,"victory":false,"master_deck":["Strike_R+1","Strike_R+1","Strike_R+1","Strike_R+1","Defend_R+1","Defend_R+1","Defend_R+1","Defend_R+1","Bash","Havoc","Rampage+1","Burning Pact","Flex","Feel No Pain","Heavy Blade","Shrug It Off","Clumsy","Pain","Injury","Corruption+1","Writhe","Wild Strike","Anger+1"],"max_hp_per_floor":[80,80,80,80,80,80,80,80,80,80,80,80,80,80,80,80,87,87,87,87,87,87,87,92,92,92,94,94,94,96],"relics":["Burning Blood","Dream Catcher","Kunai","Charon\u0027s Ashes","Calling Bell","Strawberry","Happy Flower","Torii","Matryoshka","Enchiridion","Omamori","Singing Bowl","Tiny Chest","Blue Candle","Ancient Tea Set","Vajra"],"card_choices":[{"not_picked":["Clothesline","Sever Soul"],"picked":"Havoc"},{"not_picked":["Fiend Fire","Wild Strike"],"picked":"Rampage"},{"not_picked":["Havoc","Twin Strike"],"picked":"Burning Pact"},{"not_picked":["Body Slam","Combust"],"picked":"Flex"},{"not_picked":["Cleave","Armaments"],"picked":"Feel No Pain"},{"not_picked":["Impervious","Dropkick"],"picked":"Heavy Blade"},{"not_picked":["Heavy Blade","Perfected Strike"],"picked":"Shrug It Off"},{"not_picked":["Body Slam","Shrug It Off"],"picked":"Corruption"},{"not_picked":["Flame Barrier","True Grit"],"picked":"Wild Strike"},{"not_picked":["Body Slam","Perfected Strike"],"picked":"Anger"}],"player_experience":114425,"potions_floor_usage":[12,16,16,27,27],"damage_taken":[{"damage":9,"enemies":"2 Louse","floor":1,"turns":3},{"damage":12,"enemies":"Cultist","floor":5,"turns":5},{"damage":31,"enemies":"3 Sentries","floor":6,"turns":11},{"damage":7,"enemies":"Small Slimes","floor":10,"turns":3},{"damage":14,"enemies":"Blue Slaver","floor":11,"turns":3},{"damage":13,"enemies":"Lots of Slimes","floor":12,"turns":4},{"damage":9,"enemies":"3 Louse","floor":13,"turns":3},{"damage":16,"enemies":"Slime Boss","floor":16,"turns":11},{"damage":38,"enemies":"3 Byrds","floor":18,"turns":7},{"damage":33,"enemies":"Spheric Guardian","floor":20,"turns":6},{"damage":30,"enemies":"Gremlin Leader","floor":27,"turns":8},{"damage":23,"enemies":"3 Cultists","floor":30,"turns":5},{"damage":11,"enemies":"Snake Plant","floor":31,"turns":2}],"event_choices":[{"event_name":"Match and Keep!","player_choice":"1 cards matched","floor":2,"damage_taken":0},{"event_name":"Bonfire Elementals","player_choice":"UNCOMMON","floor":3,"damage_taken":0},{"event_name":"Golden Wing","player_choice":"Card Removal","floor":4,"damage_taken":0},{"event_name":"The Mausoleum","player_choice":"Yes","floor":19,"damage_taken":0},{"event_name":"Cursed Tome","player_choice":"Obtained Book","floor":21,"damage_taken":0},{"event_name":"Back to Basics","player_choice":"Simplicity","floor":22,"damage_taken":0},{"event_name":"Forgotten Altar","player_choice":"Shed Blood","floor":24,"damage_taken":0}],"boss_relics":[{"not_picked":["Sozu","Runic Cube"],"picked":"Calling Bell"}],"potions_floor_spawned":[6,10,12,13,18],"seed_played":"-6796311042909275278","killed_by":"Snake Plant","ascension_level":0,"is_trial":false}