{"gold_per_floor":[114,189,208,208,226,260,270,270,270,44,44,44,18,37,37,135,135,121,140,15,15,15],"floor_reached":22,"playtime":1574,"items_purged":["Defend_B","Dualcast"],"score":184,"play_id":"833192c0-e9e7-4212-bee7-3e66f7b4837e","local_time":"20190315110102","is_ascension_mode":false,"campfire_choices":[{"floor":8,"key":"REST"},{"floor":11,"key":"REST"},{"floor":15,"key":"REST"}],"neow_cost":"NONE","seed_source_timestamp":161140246570800,"circlet_count":0,"master_deck":["Strike_B","Strike_B","Strike_B","Defend_B","Defend_B","Defend_B","Zap","Hello World","Ball Lightning","Storm","Thunder Strike+1","Rebound","Reprogram","Creative AI","FTL","Gash","Beam Cell","Machine Learning","White Noise","Genetic Algorithm","Hello World","Consume","Stack","Defragment","Steam+1","Leap"],"relics":["Cracked Core","Shuriken","Sundial","Orrery"],"potions_floor_usage":[6,7,14,19,22],"damage_taken":[{"damage":10,"enemies":"Cultist","floor":1,"turns":4},{"damage":1,"enemies":"2 Louse","floor":3,"turns":2},{"damage":0,"enemies":"Small Slimes","floor":5,"turns":2},{"damage":25,"enemies":"3 Sentries","floor":6,"turns":6},{"damage":32,"enemies":"Gremlin Gang","floor":7,"turns":5},{"damage":17,"enemies":"Looter","floor":14,"turns":3},{"damage":52,"enemies":"The Guardian","floor":16,"turns":8},{"damage":26,"enemies":"2 Thieves","floor":18,"turns":4},{"damage":39,"enemies":"Shell Parasite","floor":19,"turns":5},{"damage":18,"enemies":"Centurion and Healer","floor":22,"turns":7}],"seed_played":"-6912949444750100976","potions_obtained":[{"floor":3,"key":"Regen Potion"},{"floor":6,"key":"Strength Potion"},{"floor":7,"key":"Weak Potion"},{"floor":16,"key":"Strength Potion"},{"floor":19,"key":"Fire Potion"}],"is_trial":false,"path_per_floor":["M","?","M","?","M","E","M","R","T","$","R","?","$","M","R","B",null,"M","M","$","?","M"],"character_chosen":"DEFECT","items_purchased":["Creative AI","FTL","Gash","Leap"],"campfire_rested":3,"item_purchase_floors":[10,10,13,20],"current_hp_per_floor":[65,54,53,53,53,43,11,33,33,33,55,55,55,38,60,8,75,49,10,10,10,0],"gold":15,"neow_bonus":"THREE_CARDS","is_prod":false,"is_daily":false,"chose_seed":false,"campfire_upgraded":0,"win_rate":0.0,"timestamp":1552669262,"path_taken":["M","?","M","?","M","E","M","R","T","$","R","?","$","M","R","BOSS","M","?","$","?","M"],"build_version":"2019-01-23","purchased_purges":2,"victory":false,"max_hp_per_floor":[75,75,75,75,75,75,75,75,75,75,75,75,75,75,75,75,75,75,75,75,75,75],"card_choices":[{"not_picked":["Compile Driver","Sunder"],"picked":"Hello World","floor":0},{"not_picked":["Streamline","Sweeping Beam"],"picked":"Ball Lightning","floor":1},{"not_picked":["Compile Driver","Coolheaded"],"picked":"Storm","floor":3},{"not_picked":["Storm","Heatsinks"],"picked":"Thunder Strike","floor":5},{"not_picked":["Stack","Darkness"],"picked":"Rebound","floor":6},{"not_picked":["Sweeping Beam","Turbo"],"picked":"Reprogram","floor":7},{"not_picked":["Go for the Eyes","Hologram"],"picked":"Beam Cell","floor":14},{"not_picked":["Thunder Strike","Fission"],"picked":"Machine Learning","floor":16},{"not_picked":["Ball Lightning","Sweeping Beam"],"picked":"White Noise","floor":17},{"not_picked":["Melter","Compile Driver"],"picked":"Genetic Algorithm","floor":17},{"not_picked":["Tempest","Conserve Battery"],"picked":"Hello World","floor":17},{"not_picked":["Rebound","Coolheaded"],"picked":"Consume","floor":17},{"not_picked":["Steam","Hologram"],"picked":"Stack","floor":17},{"not_picked":["Leap","Steam"],"picked":"Defragment","floor":18},{"not_picked":["Doom and Gloom","Stack"],"picked":"Steam+1","floor":19}],"player_experience":333454,"relics_obtained":[{"floor":6,"key":"Shuriken"},{"floor":9,"key":"Sundial"}],"event_choices":[{"damage_healed":0,"gold_gain":75,"player_choice":"Gather Gold","damage_taken":11,"max_hp_gain":0,"max_hp_loss":0,"event_name":"World of Goop","floor":2,"gold_loss":0},{"cards_removed":["Strike_B"],"damage_healed":0,"gold_gain":0,"player_choice":"Forget","damage_taken":0,"max_hp_gain":0,"max_hp_loss":0,"event_name":"Living Wall","floor":4,"gold_loss":0},{"damage_healed":0,"gold_gain":0,"player_choice":"Upgraded","damage_taken":0,"max_hp_gain":0,"max_hp_loss":0,"event_name":"Upgrade Shrine","floor":12,"gold_loss":0,"cards_upgraded":["Thunder Strike"]},{"damage_healed":0,"gold_gain":0,"player_choice":"Ignored","damage_taken":0,"max_hp_gain":0,"max_hp_loss":0,"event_name":"Ghosts","floor":21,"gold_loss":0}],"is_beta":false,"boss_relics":[{"not_picked":["Tiny House","Runic Pyramid"],"picked":"Orrery"}],"items_purged_floors":[10,20],"is_endless":false,"potions_floor_spawned":[3,6,7,16,19],"killed_by":"Centurion and Healer","ascension_level":0}