{"gold_per_floor":[110,110,129,79,79,79,113,138,163,163,183,202,225,225,225,350,350,369,403,417,430,281,281,305,305,329,344,174,188,231,231,231,231],"floor_reached":33,"playtime":2276,"items_purged":["Strike_R","Defend_R"],"score":269,"play_id":"ab17e799-dda6-47ff-b1ff-009161e69b61","local_time":"20180712222006","is_ascension_mode":false,"campfire_choices":[{"data":"Pommel Strike","floor":6.0,"key":"SMITH"},{"floor":10.0,"key":"REST"},{"data":"Bludgeon","floor":15.0,"key":"SMITH"},{"floor":23,"key":"REST"},{"floor":25,"key":"REST"},{"floor":32,"key":"REST"}],"neow_cost":"","seed_source_timestamp":0,"circlet_count":0,"master_deck":["Strike_R","Strike_R","Strike_R","Strike_R","Defend_R","Defend_R+1","Bash+1","Pommel Strike+1","Uppercut","Clothesline","Flame Barrier","Bludgeon+1","Carnage","Sever Soul","Feed","Infernal Blade","Uppercut","Armaments","Double Tap","Metallicize","Whirlwind","Flex","Bloodletting","Infernal Blade+1","Seeing Red","Offering"],"special_seed":0,"relics":["Burning Blood","Bloody Idol","Strawberry","Happy Flower","Fusion Hammer","Red Mask","Dream Catcher","Bottled Lightning"],"potions_floor_usage":[24],"damage_taken":[{"damage":3.0,"enemies":"Small Slimes","floor":1.0,"turns":3.0},{"damage":4.0,"enemies":"2 Louse","floor":3.0,"turns":3.0},{"damage":30.0,"enemies":"3 Sentries","floor":7.0,"turns":7.0},{"damage":8.0,"enemies":"Jaw Worm","floor":8.0,"turns":2.0},{"damage":7.0,"enemies":"Red Slaver","floor":11.0,"turns":3.0},{"damage":10.0,"enemies":"Looter","floor":12.0,"turns":3.0},{"damage":12.0,"enemies":"Blue Slaver","floor":13.0,"turns":3.0},{"damage":38.0,"enemies":"The Guardian","floor":16.0,"turns":12.0},{"damage":20,"enemies":"Shell Parasite","floor":18,"turns":4},{"damage":10,"floor":19,"turns":3},{"damage":0,"enemies":"Spheric Guardian","floor":20,"turns":2},{"damage":17,"enemies":"Snake Plant","floor":21,"turns":4},{"damage":20,"enemies":"Centurion and Healer","floor":24,"turns":5},{"damage":8,"enemies":"Snecko","floor":27,"turns":5},{"damage":0,"enemies":"Snake Plant","floor":29,"turns":2},{"damage":18,"enemies":"Gremlin Leader","floor":30,"turns":5},{"damage":104,"enemies":"Collector","floor":33,"turns":5}],"seed_played":"-8944697550155955871","potions_obtained":[{"floor":11.0,"key":"Energy Potion"},{"floor":13.0,"key":"Regen Potion"},{"floor":16.0,"key":"Weak Potion"},{"floor":19,"key":"PowerPotion"},{"floor":21,"key":"BloodPotion"},{"floor":30,"key":"Explosive Potion"}],"is_trial":false,"path_per_floor":["M","?","M","?","?","R","E","M","T","R","M","M","M","?","R","B",null,"M","?","M","M","$","R","M","R","T","M","$","M","E","?","R"],"character_chosen":"IRONCLAD","items_purchased":["Metallicize","Bloodletting"],"campfire_rested":4,"item_purchase_floors":[22,28],"current_hp_per_floor":[80,64,66,66,66,66,49,47,47,71,70,66,60,65,65,33,86,75,71,77,66,66,89,83,89,89,87,87,89,77,77,89,0],"gold":231,"neow_bonus":"","is_prod":false,"is_daily":false,"chose_seed":false,"campfire_upgraded":2,"win_rate":0,"timestamp":1531459206,"path_taken":["M","?","M","?","?","R","E","?","T","R","M","M","M","?","R","BOSS","M","?","?","M","$","R","M","R","T","M","?","M","E","?","R","BOSS"],"build_version":"2018-07-12","purchased_purges":2,"victory":false,"max_hp_per_floor":[80,80,80,80,74,74,81,81,81,81,81,81,81,86,86,86,86,89,89,89,89,89,89,89,89,89,89,89,89,89,89,89,89],"card_choices":[{"not_picked":["Clothesline","Burning Pact"],"picked":"Pommel Strike","floor":1.0},{"not_picked":["Iron Wave","Uppercut","Dual Wield"],"picked":"SKIP","floor":3.0},{"not_picked":["Iron Wave","Dual Wield"],"picked":"Uppercut","floor":3.0},{"not_picked":["Corruption","Reckless Charge"],"picked":"Clothesline","floor":7.0},{"not_picked":["Clash","Shrug It Off"],"picked":"Flame Barrier","floor":8.0},{"not_picked":["Whirlwind","Warcry"],"picked":"Bludgeon","floor":11.0},{"not_picked":["Dropkick","True Grit"],"picked":"Carnage","floor":12.0},{"not_picked":["Sword Boomerang","Combust"],"picked":"Sever Soul","floor":13.0},{"not_picked":["Juggernaut","Bludgeon"],"picked":"Feed","floor":16.0},{"not_picked":["Twin Strike","Battle Trance"],"picked":"Infernal Blade","floor":18},{"not_picked":["Second Wind+1","Thunderclap"],"picked":"Uppercut","floor":19},{"not_picked":["Cleave","Feel No Pain"],"picked":"Armaments","floor":20},{"not_picked":["Thunderclap+1","Headbutt"],"picked":"Double Tap","floor":21},{"not_picked":["Clash","Fire Breathing"],"picked":"Whirlwind","floor":24},{"not_picked":["Perfected Strike","Flame Barrier"],"picked":"Flex","floor":27},{"not_picked":["Feel No Pain","Body Slam"],"picked":"Infernal Blade+1","floor":29},{"not_picked":["Intimidate","Dropkick"],"picked":"Seeing Red","floor":30},{"not_picked":["Burning Pact","Rage"],"picked":"Offering","floor":32}],"player_experience":20551,"relics_obtained":[{"floor":7.0,"key":"Strawberry"},{"floor":9.0,"key":"Happy Flower"},{"floor":19,"key":"Red Mask"},{"floor":26,"key":"Dream Catcher"},{"floor":30,"key":"Bottled Lightning"}],"event_choices":[{"event_name":"Shining Light","player_choice":"Entered Light","floor":2.0,"damage_taken":0.0},{"event_name":"The Cleric","player_choice":"Card Removal","floor":4.0,"damage_taken":0.0},{"event_name":"Golden Idol","player_choice":"Lose Max HP","floor":5.0,"damage_taken":0.0},{"event_name":"Big Fish","player_choice":"Donut","floor":14.0,"damage_taken":0.0},{"event_name":"Masked Bandits","player_choice":"Fought over 369 gold","floor":19,"damage_taken":0},{"event_name":"Forgotten Altar","player_choice":"Gave Idol","floor":31,"damage_taken":0}],"boss_relics":[{"not_picked":["Tiny House","Astrolabe"],"picked":"Fusion Hammer"}],"items_purged_floors":[22,28],"is_endless":false,"potions_floor_spawned":[11,13,16,19,21,30],"killed_by":"Collector","ascension_level":0}