{"gold_per_floor":[366,384,402,147,161,161,187,207,287,315,315,348,348,28,28,127,127,141,152,27,47,47,47,65,65,65,80,97,22,36,48,48,48],"floor_reached":33,"playtime":7473,"items_purged":["Strike_R","Pain","Strike_R"],"score":286,"play_id":"6e8997bf-0ea2-4a34-8a81-8572dbfaed10","local_time":"20190312205804","is_ascension_mode":false,"campfire_choices":[{"data":"Body Slam","floor":6,"key":"SMITH"},{"floor":11,"key":"REST"},{"data":"Dual Wield","floor":15,"key":"SMITH"},{"data":"Feed","floor":23,"key":"SMITH"},{"data":"Inflame","floor":32,"key":"SMITH"}],"neow_cost":"TEN_PERCENT_HP_LOSS","seed_source_timestamp":21955670361988,"circlet_count":0,"master_deck":["Strike_R","Strike_R","Defend_R","Defend_R","Defend_R","Defend_R","Bash","Whirlwind","Shockwave","Double Tap","Feel No Pain","Body Slam+1","Inflame+1","Sword Boomerang","Dual Wield+1","Inflame","Feed+1","Offering","Ghostly Armor","Heavy Blade","Combust","Demon Form","Armaments+1","Ghostly","Ghostly","Ghostly","Ghostly","Ghostly","Impervious"],"relics":["Burning Blood","Red Skull","Bottled Flame","Mummified Hand","Odd Mushroom","Calipers","WarpedTongs","Orrery","Singing Bowl"],"potions_floor_usage":[10,10,16,31,33,33,33],"damage_taken":[{"damage":5,"enemies":"2 Louse","floor":1,"turns":2},{"damage":1,"enemies":"Cultist","floor":2,"turns":4},{"damage":11,"enemies":"Jaw Worm","floor":3,"turns":4},{"damage":9,"enemies":"Looter","floor":5,"turns":4},{"damage":52,"enemies":"Lagavulin","floor":7,"turns":9},{"damage":15,"enemies":"Large Slime","floor":8,"turns":4},{"damage":0,"enemies":"The Mushroom Lair","floor":10,"turns":2},{"damage":6,"enemies":"3 Sentries","floor":12,"turns":5},{"damage":35,"enemies":"The Guardian","floor":16,"turns":10},{"damage":37,"enemies":"Spheric Guardian","floor":18,"turns":6},{"damage":11,"enemies":"3 Byrds","floor":19,"turns":5},{"damage":6,"enemies":"Snake Plant","floor":21,"turns":2},{"damage":0,"enemies":"Centurion and Healer","floor":24,"turns":8},{"damage":26,"enemies":"Cultist and Chosen","floor":27,"turns":8},{"damage":15,"enemies":"Snake Plant","floor":28,"turns":8},{"damage":9,"enemies":"Shelled Parasite and Fungi","floor":30,"turns":7},{"damage":24,"enemies":"Sentry and Sphere","floor":31,"turns":11},{"damage":45,"enemies":"Automaton","floor":33,"turns":6}],"seed_played":"124816326089306196","potions_obtained":[{"floor":3,"key":"EssenceOfSteel"},{"floor":8,"key":"PowerPotion"},{"floor":10,"key":"Strength Potion"},{"floor":12,"key":"Swift Potion"},{"floor":24,"key":"Regen Potion"},{"floor":28,"key":"Explosive Potion"},{"floor":31,"key":"Energy Potion"}],"is_trial":false,"path_per_floor":["M","M","M","$","M","R","E","M","T","?","R","E","?","$","R","B",null,"M","M","$","M","$","R","M","?","T","M","M","?","M","M","R","B"],"character_chosen":"IRONCLAD","items_purchased":["Red Skull","Feel No Pain","Inflame","Feed"],"campfire_rested":1,"item_purchase_floors":[4,4,14,14],"current_hp_per_floor":[72,72,67,67,64,64,18,9,9,15,36,36,36,36,36,7,72,44,42,42,45,45,45,55,42,42,24,19,19,22,25,25,0],"gold":48,"neow_bonus":"TWO_FIFTY_GOLD","is_prod":false,"is_daily":false,"chose_seed":false,"campfire_upgraded":4,"win_rate":0,"timestamp":1552438684,"path_taken":["M","M","M","$","M","R","E","M","T","?","R","E","?","$","R","BOSS","M","M","?","M","$","R","M","?","T","M","M","?","M","M","R","BOSS"],"build_version":"2019-01-23","purchased_purges":3,"victory":false,"max_hp_per_floor":[72,72,72,72,72,72,72,72,72,72,72,72,72,72,72,72,72,75,78,78,81,81,81,85,42,42,44,48,48,54,60,60,60],"card_choices":[{"not_picked":["Havoc","Perfected Strike"],"picked":"Whirlwind","floor":1},{"not_picked":["Rupture","Armaments"],"picked":"Shockwave","floor":2},{"not_picked":["Flex","Heavy Blade"],"picked":"Double Tap","floor":3},{"not_picked":["Rage","Wild Strike"],"picked":"Body Slam","floor":5},{"not_picked":["True Grit","Fire Breathing"],"picked":"Inflame","floor":7},{"not_picked":["Seeing Red","Iron Wave"],"picked":"Sword Boomerang","floor":8},{"not_picked":["Body Slam","Entrench"],"picked":"Dual Wield","floor":12},{"not_picked":["Double Tap","Impervious"],"picked":"Offering","floor":16},{"not_picked":["Twin Strike","Cleave"],"picked":"Ghostly Armor","floor":17},{"not_picked":["Twin Strike","Feel No Pain"],"picked":"Heavy Blade","floor":17},{"not_picked":["Cleave","Rupture"],"picked":"Combust","floor":17},{"not_picked":["Sword Boomerang","Iron Wave","Warcry"],"picked":"SKIP","floor":18},{"not_picked":["Armaments","Rampage"],"picked":"Demon Form","floor":19},{"not_picked":["Anger","Cleave"],"picked":"Armaments+1","floor":21},{"not_picked":["Rage+1","Iron Wave","Warcry"],"picked":"SKIP","floor":24},{"not_picked":["Twin Strike","Cleave","Wild Strike"],"picked":"Singing Bowl","floor":27},{"not_picked":["Armaments","Cleave"],"picked":"Impervious","floor":28},{"not_picked":["Iron Wave","Carnage","Flex"],"picked":"Singing Bowl","floor":30},{"not_picked":["Iron Wave","Thunderclap","Rampage"],"picked":"Singing Bowl","floor":31}],"player_experience":590751,"relics_obtained":[{"floor":7,"key":"Bottled Flame"},{"floor":9,"key":"Mummified Hand"},{"floor":10,"key":"Odd Mushroom"},{"floor":12,"key":"Calipers"},{"floor":26,"key":"Singing Bowl"}],"event_choices":[{"damage_healed":0,"gold_gain":0,"player_choice":"Fought Mushrooms","damage_taken":0,"max_hp_gain":0,"max_hp_loss":0,"event_name":"Mushrooms","floor":10,"gold_loss":0},{"damage_healed":0,"gold_gain":0,"player_choice":"Rummage","damage_taken":0,"relics_obtained":["WarpedTongs"],"max_hp_gain":0,"max_hp_loss":0,"event_name":"Accursed Blacksmith","floor":13,"gold_loss":0,"cards_obtained":["Pain"]},{"damage_healed":0,"gold_gain":0,"player_choice":"Became a Ghost","damage_taken":0,"max_hp_gain":0,"max_hp_loss":43,"event_name":"Ghosts","floor":25,"gold_loss":0,"cards_obtained":["Ghostly","Ghostly","Ghostly","Ghostly","Ghostly"]},{"cards_removed":["Strike_R"],"damage_healed":0,"gold_gain":0,"player_choice":"Gave Gold","damage_taken":0,"max_hp_gain":0,"max_hp_loss":0,"event_name":"Beggar","floor":29,"gold_loss":75}],"is_beta":false,"boss_relics":[{"not_picked":["Eternal Feather","Runic Cube"],"picked":"Orrery"}],"items_purged_floors":[4,14,20],"is_endless":false,"potions_floor_spawned":[3,8,10,12,24,28,30,31],"killed_by":"Automaton","ascension_level":0}