{"gold_per_floor":[110,110,35,55,55,55,73,73,73,73,87,99,99,20,20,20],"floor_reached":16,"playtime":418,"items_purged":["Strike_R"],"score":117,"play_id":"5ff47e5c-2236-4ed2-9cb6-6dca4d1a6e94","local_time":"20180706233230","is_ascension_mode":true,"campfire_choices":[{"data":"Sever Soul","floor":6,"key":"SMITH"},{"data":"Cleave","floor":8,"key":"SMITH"},{"data":"Pummel","floor":15,"key":"SMITH"}],"neow_cost":"NONE","seed_source_timestamp":17905352424542,"circlet_count":0,"master_deck":["Strike_R","Strike_R","Strike_R","Defend_R+1","Defend_R","Defend_R+1","Bash","Sever Soul+1","Cleave+1","Shrug It Off","Thunderclap","Pummel+1"],"relics":["Burning Blood","CultistMask","Kunai"],"potions_floor_usage":[16,16],"damage_taken":[{"damage":7,"enemies":"Small Slimes","floor":1,"turns":4},{"damage":6,"enemies":"Cultist","floor":4,"turns":3},{"damage":0,"enemies":"2 Louse","floor":7,"turns":1},{"damage":13,"enemies":"Blue Slaver","floor":11,"turns":3},{"damage":0,"enemies":"2 Fungi Beasts","floor":12,"turns":2},{"damage":62,"enemies":"Hexaghost","floor":16,"turns":9}],"seed_played":"-4987645326508371321","potions_obtained":[{"floor":1,"key":"LiquidBronze"},{"floor":11,"key":"AttackPotion"}],"is_trial":false,"path_per_floor":["M","?","$","M","?","R","M","R","T","$","M","M","?","$","R"],"character_chosen":"IRONCLAD","items_purchased":["Pummel"],"campfire_rested":0,"item_purchase_floors":[14],"current_hp_per_floor":[71,71,71,71,55,55,61,61,61,61,54,60,60,60,60,0],"gold":20,"neow_bonus":"REMOVE_CARD","is_prod":false,"is_daily":false,"chose_seed":false,"campfire_upgraded":3,"win_rate":0,"timestamp":1530930750,"path_taken":["M","?","$","M","?","R","M","R","T","$","M","M","?","?","R","BOSS"],"build_version":"2018-07-05","purchased_purges":1,"victory":false,"max_hp_per_floor":[80,80,80,80,80,80,80,80,80,80,80,80,80,80,80,80],"card_choices":[{"not_picked":["Clothesline","Shrug It Off"],"picked":"Sever Soul","floor":1},{"not_picked":["Wild Strike","Body Slam"],"picked":"Cleave","floor":4},{"not_picked":["Shockwave","Battle Trance"],"picked":"Shrug It Off","floor":7},{"not_picked":["Juggernaut","True Grit"],"picked":"Thunderclap","floor":11},{"not_picked":["Heavy Blade","Evolve","Combust"],"picked":"SKIP","floor":12}],"player_experience":813401,"relics_obtained":[{"floor":9,"key":"Kunai"}],"event_choices":[{"event_name":"FaceTrader","player_choice":"Trade","floor":2,"damage_taken":0},{"event_name":"Shining Light","player_choice":"Entered Light","floor":5,"damage_taken":0},{"event_name":"Bonfire Elementals","player_choice":"BASIC","floor":13,"damage_taken":0}],"boss_relics":[],"items_purged_floors":[3],"is_endless":false,"potions_floor_spawned":[1,11],"killed_by":"Hexaghost","ascension_level":6}