{"path_per_floor":["M","M","$","?","M","R","?","M","T","M","R","M","M","M","R","B",null,"M","$","?"],"character_chosen":"THE_SILENT","items_purchased":["Footwork","Oddly Smooth Stone"],"gold_per_floor":[117,127,52,52,66,66,66,85,85,100,100,121,137,161,161,290,290,306,16,16],"floor_reached":21,"campfire_rested":1,"playtime":1095,"current_hp_per_floor":[50,42,42,42,42,42,42,42,42,42,42,41,38,37,55,25,53,20,20,20],"items_purged":["Parasite","Strike_G"],"gold":16,"score":286,"play_id":"c6ed0676-19fe-45e0-a6ca-5d1e6a9a681c","local_time":"20180305205402","is_prod":false,"is_daily":false,"is_ascension_mode":true,"campfire_upgraded":2,"timestamp":1520294042,"path_taken":["M","M","$","?","M","R","?","M","T","M","R","M","M","?","R","BOSS","M","$","?","M"],"build_version":"2018-03-01-PROD1","purchased_purges":2,"victory":false,"master_deck":["Defend_G","Defend_G","Defend_G","Defend_G","Defend_G","Survivor","Neutralize+1","Backflip","Predator","Grand Finale","Dagger Throw","Well Laid Plans+1","After Image","Footwork","Bite","Bite","Bite","Bite","Bite"],"max_hp_per_floor":[70,70,67,67,67,67,62,62,62,62,62,62,62,62,62,62,62,62,62,43],"relics":["Ring of the Snake","Golden Idol","Torii","Question Card","Oddly Smooth Stone"],"card_choices":[{"not_picked":["Flying Knee","Finisher"],"picked":"Predator"},{"not_picked":["Prepared","Backflip"],"picked":"Grand Finale"},{"not_picked":["PiercingWail","Catalyst"],"picked":"Dagger Throw"},{"not_picked":["Flechettes","Underhanded Strike"],"picked":"Well Laid Plans"},{"not_picked":["Quick Slash","Poisoned Stab"],"picked":"After Image"}],"player_experience":449137,"potions_floor_usage":[13,16,21],"damage_taken":[{"damage":13,"enemies":"Jaw Worm","floor":1,"turns":6},{"damage":8,"enemies":"Cultist","floor":2,"turns":5},{"damage":0,"enemies":"Small Slimes","floor":5,"turns":3},{"damage":0,"enemies":"Exordium Thugs","floor":8,"turns":3},{"damage":0,"enemies":"2 Fungi Beasts","floor":10,"turns":2},{"damage":1,"enemies":"Large Slime","floor":12,"turns":4},{"damage":3,"enemies":"Exordium Wildlife","floor":13,"turns":4},{"damage":1,"enemies":"Blue Slaver","floor":14,"turns":4},{"damage":30,"enemies":"Hexaghost","floor":16,"turns":13},{"damage":33,"enemies":"Spheric Guardian","floor":18,"turns":6},{"damage":36,"enemies":"Chosen","floor":21,"turns":5}],"event_choices":[{"event_name":"The Woman in Blue","player_choice":"Bought 0 Potions","floor":4,"damage_taken":0},{"event_name":"Golden Idol","player_choice":"Lose Max HP","floor":7,"damage_taken":0},{"event_name":"Vampires","player_choice":"Became a vampire","floor":20,"damage_taken":0}],"boss_relics":[{"not_picked":["Pandora\u0027s Box","Black Star"],"picked":"Question Card"}],"potions_floor_spawned":[1,5,10],"seed_played":"2182514503311639019","killed_by":"Chosen","ascension_level":10,"is_trial":false}