{"gold_per_floor":[14,14,24,24,38,38,52,52,125,125,137,137,148,159,159,258,258,275,290,290,302,112,112],"floor_reached":23,"playtime":809,"items_purged":["Strike_B"],"score":222,"play_id":"7ad756fd-f286-41a6-8b3a-95d2836fe947","local_time":"20190301133140","is_ascension_mode":true,"campfire_choices":[{"data":"Redo","floor":6.0,"key":"SMITH"},{"data":"Dualcast","floor":8.0,"key":"SMITH"},{"data":"Steam","floor":10,"key":"SMITH"},{"data":"Storm","floor":12,"key":"SMITH"},{"data":"Buffer","floor":15,"key":"SMITH"}],"neow_cost":"NO_GOLD","seed_source_timestamp":0,"circlet_count":0,"master_deck":["Strike_B","Strike_B","Defend_B","Defend_B","Defend_B","Defend_B","Zap","Dualcast+1","Steam+1","Chill","Redo+1","Sweeping Beam","Rip and Tear","Storm+1","Leap","Buffer+1","Buffer","Loop","Barrage","Conserve Battery","Ball Lightning","Heatsinks","Fusion"],"special_seed":0,"relics":["Cracked Core","Mummified Hand","Cursed Key"],"potions_floor_usage":[16,16],"damage_taken":[{"damage":0.0,"enemies":"2 Louse","floor":1.0,"turns":2.0},{"damage":7.0,"enemies":"Jaw Worm","floor":3.0,"turns":3.0},{"damage":0.0,"enemies":"Cultist","floor":5.0,"turns":3.0},{"damage":4.0,"enemies":"Looter","floor":7.0,"turns":3.0},{"damage":0,"enemies":"2 Fungi Beasts","floor":11,"turns":3},{"damage":0,"enemies":"3 Louse","floor":13,"turns":3},{"damage":4,"enemies":"Looter","floor":14,"turns":3},{"damage":2,"enemies":"The Guardian","floor":16,"turns":11},{"damage":0,"enemies":"Chosen","floor":18,"turns":4},{"damage":12,"enemies":"2 Thieves","floor":19,"turns":4},{"damage":17,"enemies":"Snake Plant","floor":21,"turns":5},{"damage":70,"enemies":"Slavers","floor":23,"turns":7}],"seed_played":"-4644184234804098456","potions_obtained":[{"floor":5.0,"key":"Weak Potion"},{"floor":7.0,"key":"Energy Potion"},{"floor":14,"key":"Fire Potion"},{"floor":16,"key":"Poison Potion"},{"floor":19,"key":"GamblersBrew"}],"is_trial":false,"path_per_floor":["M","?","M","?","M","R","M","R","T","R","M","R","M","M","R","B",null,"M","M","?","M","$","E"],"character_chosen":"DEFECT","items_purchased":["Heatsinks","Fusion"],"campfire_rested":0,"item_purchase_floors":[22,22],"current_hp_per_floor":[89,89,82,82,82,82,78,78,78,78,78,78,78,74,74,72,89,89,77,77,60,60,0],"gold":112,"neow_bonus":"TWENTY_PERCENT_HP_BONUS","is_prod":false,"is_daily":false,"chose_seed":false,"campfire_upgraded":5,"win_rate":0,"timestamp":1551468700,"path_taken":["M","?","M","?","M","R","M","R","T","R","M","R","M","M","R","BOSS","M","M","?","M","$","E"],"build_version":"2019-01-23","purchased_purges":1,"victory":false,"max_hp_per_floor":[89,89,89,89,89,89,89,89,89,89,89,89,89,89,89,89,89,89,89,89,89,89,89],"card_choices":[{"not_picked":["Turbo","Barrage"],"picked":"Steam","floor":1.0},{"not_picked":["Steam Power","Force Field"],"picked":"Redo","floor":3.0},{"not_picked":["Self Repair","Steam"],"picked":"Sweeping Beam","floor":5.0},{"not_picked":["Steam","Stack"],"picked":"Rip and Tear","floor":7.0},{"not_picked":["Genetic Algorithm","Chill"],"picked":"Storm","floor":11},{"not_picked":["Redo","Hologram"],"picked":"Leap","floor":13},{"not_picked":["Rebound","Ball Lightning"],"picked":"Buffer","floor":14},{"not_picked":["Hyperbeam","Multi-Cast"],"picked":"Buffer","floor":16},{"not_picked":["Scrape","Reinforced Body"],"picked":"Loop","floor":18},{"not_picked":["Coolheaded","Redo"],"picked":"Barrage","floor":19},{"not_picked":["Double Energy","Lockon"],"picked":"Ball Lightning","floor":21}],"player_experience":276271,"relics_obtained":[{"floor":9,"key":"Mummified Hand"}],"event_choices":[{"damage_healed":0.0,"max_hp_gain":0.0,"max_hp_loss":0.0,"gold_gain":0.0,"cards_transformed":["Strike_B"],"event_name":"Living Wall","player_choice":"Change","floor":2.0,"gold_loss":0.0,"damage_taken":0.0,"cards_obtained":["Chill"]},{"damage_healed":0.0,"max_hp_gain":0.0,"max_hp_loss":0.0,"gold_gain":0.0,"event_name":"Liars Game","player_choice":"Ignored","floor":4.0,"gold_loss":0.0,"damage_taken":0.0},{"damage_healed":0,"gold_gain":0,"player_choice":"Read","damage_taken":0,"max_hp_gain":0,"max_hp_loss":0,"event_name":"The Library","floor":20,"gold_loss":0,"cards_obtained":["Conserve Battery"]}],"is_beta":false,"boss_relics":[{"not_picked":["Nuclear Battery","Philosopher\u0027s Stone"],"picked":"Cursed Key"}],"items_purged_floors":[22],"is_endless":false,"potions_floor_spawned":[5,7,14,16,19],"killed_by":"Slavers","ascension_level":4}