{"path_per_floor":["M","?","M","T","?","R","$","E","T","?","R","?","R","M","R","B",null,"M","M","M","?","?","$","R","E","T","E","R","E","M","M","R","B",null,"M","?","M","?","M","R","T","M","T","R","M","?","R","M","R"],"character_chosen":"THE_SILENT","items_purchased":["Endless Agony","Mind Blast","Caltrops","Prepared"],"gold_per_floor":[111,186,204,249,249,249,10,41,41,41,41,41,41,51,51,152,152,168,184,202,202,202,79,79,113,113,146,146,175,191,204,204,306,306,319,319,334,387,403,403,427,445,445,445,455,455,455,473,473],"floor_reached":50,"campfire_rested":2,"playtime":4608,"current_hp_per_floor":[69,58,58,58,58,58,58,48,48,48,48,41,41,41,62,51,70,70,70,70,70,70,70,70,54,54,54,54,54,54,54,54,38,70,60,60,58,41,32,32,32,32,32,32,32,23,23,10,31],"items_purged":["Writhe"],"gold":473,"score":523,"play_id":"1d61271c-5796-45d6-9c6c-4ea9a74aabb7","is_prod":false,"is_daily":false,"is_ascension_mode":false,"campfire_upgraded":6,"path_taken":["M","?","M","?","?","R","?","E","T","?","R","?","R","M","R","BOSS","M","M","M","?","?","?","R","E","T","E","R","E","?","M","R","BOSS","M","?","M","?","M","R","?","M","T","R","?","?","R","M","R","BOSS"],"build_version":"2018-02-15-PROD1","purchased_purges":1,"victory":false,"master_deck":["Defend_G","Defend_G+1","Defend_G+1","Survivor","Neutralize+1","Cloak And Dagger","Backflip","Endless Agony","Mind Blast+1","Caltrops+1","Backflip","Adrenaline+1","Backstab+1","Noxious Fumes+1","Calculated Gamble+1","Bane","Deflect","Prepared","Flying Knee","Caltrops","Wraith Form","Backflip","Reflex","After Image","Footwork+1","Backstab","Dagger Spray+1","Madness+1","Madness"],"max_hp_per_floor":[70,70,70,70,70,70,70,70,70,70,70,70,70,70,70,70,70,70,70,70,70,70,70,70,70,70,70,70,70,70,70,70,70,70,70,70,70,70,70,70,70,70,70,70,70,70,70,70,70],"relics":["Ring of the Snake","Happy Flower","War Paint","Oddly Smooth Stone","Ice Cream","Art of War","Astrolabe","Anchor","Du-Vu Doll","Tough Bandages","Peace Pipe","Dream Catcher","The Specimen","Ginger","Omamori","Calipers"],"card_choices":[{"not_picked":["Dagger Throw","Deflect"],"picked":"Cloak And Dagger"},{"not_picked":["Bane","Acrobatics"],"picked":"Backflip"},{"not_picked":["Catalyst","Acrobatics"],"picked":"Backflip"},{"not_picked":["Night Terror","Storm of Steel"],"picked":"Adrenaline"},{"not_picked":["Underhanded Strike","Sucker Punch"],"picked":"Bane"},{"not_picked":["Quick Slash","Distraction"],"picked":"Deflect"},{"not_picked":["Slice","PiercingWail"],"picked":"Flying Knee"},{"not_picked":["Calculated Gamble","Underhanded Strike"],"picked":"Caltrops"},{"not_picked":["Deflect","Sucker Punch"],"picked":"Wraith Form"},{"not_picked":["Dash","Dagger Throw"],"picked":"Backflip"},{"not_picked":["Backflip","Sucker Punch"],"picked":"Reflex"},{"not_picked":["Phantasmal Killer","Doppelganger"],"picked":"After Image"},{"not_picked":["Sucker Punch","Quick Slash"],"picked":"Footwork"},{"not_picked":["Leg Sweep","Prepared"],"picked":"Backstab"},{"not_picked":["Calculated Gamble","Outmaneuver"],"picked":"Dagger Spray"}],"player_experience":132279,"potions_floor_usage":[16,31,33,48,50,50],"damage_taken":[{"damage":1,"enemies":"2 Louse","floor":1,"turns":3},{"damage":0,"enemies":"Jaw Worm","floor":3,"turns":5},{"damage":10,"enemies":"3 Sentries","floor":8,"turns":8},{"damage":0,"enemies":"Cultist","floor":14,"turns":3},{"damage":11,"enemies":"The Guardian","floor":16,"turns":12},{"damage":0,"enemies":"3 Byrds","floor":18,"turns":3},{"damage":0,"enemies":"Spheric Guardian","floor":19,"turns":3},{"damage":0,"enemies":"3 Cultists","floor":20,"turns":4},{"damage":16,"enemies":"Gremlin Leader","floor":25,"turns":7},{"damage":0,"enemies":"Book of Stabbing","floor":27,"turns":5},{"damage":0,"enemies":"Slavers","floor":29,"turns":5},{"damage":0,"enemies":"Snake Plant","floor":30,"turns":3},{"damage":0,"enemies":"Snecko","floor":31,"turns":5},{"damage":16,"enemies":"Automaton","floor":33,"turns":11},{"damage":10,"enemies":"3 Shapes","floor":35,"turns":4},{"damage":2,"enemies":"Orb Walker","floor":37,"turns":4},{"damage":17,"enemies":"Mysterious Sphere","floor":38,"turns":5},{"damage":9,"enemies":"4 Shapes","floor":39,"turns":6},{"damage":0,"enemies":"Sphere and 2 Shapes","floor":42,"turns":6},{"damage":0,"enemies":"3 Darklings","floor":45,"turns":5},{"damage":13,"enemies":"4 Shapes","floor":48,"turns":4},{"damage":40,"enemies":"Donu and Deca","floor":50,"turns":6}],"event_choices":[{"event_name":"World of Goop","player_choice":"Gather Gold","floor":2,"damage_taken":0},{"event_name":"Wheel of Change","player_choice":"Card Removal","floor":5,"damage_taken":0},{"event_name":"The Cleric","player_choice":"Leave","floor":10,"damage_taken":0},{"event_name":"Scrap Ooze","player_choice":"success","floor":12,"damage_taken":7},{"event_name":"Drug Dealer","player_choice":"Ignored","floor":21,"damage_taken":0},{"event_name":"The Mausoleum","player_choice":"Yes","floor":22,"damage_taken":0},{"event_name":"Tomb of Lord Red Mask","player_choice":"Ignored","floor":36,"damage_taken":0},{"event_name":"Mysterious Sphere","player_choice":"Fight","floor":38,"damage_taken":0},{"event_name":"Winding Halls","player_choice":"Embrace Madness","floor":46,"damage_taken":0}],"boss_relics":[{"not_picked":["Velvet Choker","Question Card"],"picked":"Astrolabe"},{"not_picked":["Pandora\u0027s Box","Cursed Key"],"picked":"The Specimen"}],"potions_floor_spawned":[3,8,18,25,27,30,37,38,45],"seed_played":"-5397962051845379227","killed_by":"Donu and Deca","ascension_level":0,"is_trial":false}