{"path_per_floor":["M","?","?","M","M","R","M","M","T","$","E","R","?","M","R"],"character_chosen":"THE_SILENT","items_purchased":["Bottled Lightning"],"gold_per_floor":[119,294,294,305,315,315,325,345,345,20,55,55,77,96,96],"floor_reached":16,"campfire_rested":2,"playtime":930,"current_hp_per_floor":[62,62,62,53,53,53,53,53,53,53,24,42,32,31,49],"items_purged":["Doubt"],"gold":96,"score":153,"play_id":"0ef6a112-46c9-4b67-bfb0-e227758bb6b0","is_prod":false,"is_daily":false,"is_ascension_mode":true,"campfire_upgraded":1,"path_taken":["M","?","?","M","M","R","M","?","T","?","E","R","?","M","R","BOSS"],"build_version":"2018-02-22-PROD2","purchased_purges":1,"victory":false,"master_deck":["Defend_G","Defend_G","Defend_G","Defend_G","Defend_G","Strike_G","Strike_G","Strike_G","Strike_G","Strike_G","Survivor","Neutralize","Parasite","Storm of Steel+1","Dagger Spray","PiercingWail","Escape Plan","Terror","Footwork"],"max_hp_per_floor":[63,63,63,63,63,63,63,63,63,63,63,63,63,63,63],"relics":["Ring of the Snake","Ice Cream","Bottled Lightning","Centennial Puzzle","Odd Mushroom"],"card_choices":[{"not_picked":["Phantasmal Killer","Corpse Explosion"],"picked":"Storm of Steel"},{"not_picked":["Deflect","Dodge and Roll"],"picked":"Dagger Spray"},{"not_picked":["Calculated Gamble","Prepared"],"picked":"PiercingWail"},{"not_picked":["Dagger Spray","Setup"],"picked":"Escape Plan"},{"not_picked":["Unload","Setup"],"picked":"Terror"},{"not_picked":["Noxious Fumes","PiercingWail"],"picked":"Footwork"}],"player_experience":384081,"potions_floor_usage":[7,8,11,11,16],"damage_taken":[{"damage":1,"enemies":"Cultist","floor":1,"turns":3},{"damage":9,"enemies":"Jaw Worm","floor":4,"turns":2},{"damage":0,"enemies":"Small Slimes","floor":5,"turns":4},{"damage":0,"enemies":"Red Slaver","floor":7,"turns":4},{"damage":0,"enemies":"Looter","floor":8,"turns":3},{"damage":44,"enemies":"Lagavulin","floor":11,"turns":8},{"damage":10,"enemies":"The Mushroom Lair","floor":13,"turns":4},{"damage":1,"enemies":"Exordium Thugs","floor":14,"turns":3},{"damage":43,"enemies":"Slime Boss","floor":16,"turns":7}],"event_choices":[{"event_name":"Liars Game","player_choice":"agreed","floor":2,"damage_taken":0},{"event_name":"The Lab","player_choice":"Got Potions","floor":3,"damage_taken":0},{"event_name":"Mushrooms","player_choice":"Fought Mushrooms","floor":13,"damage_taken":0}],"boss_relics":[],"potions_floor_spawned":[5,7,14],"seed_played":"-3331991640774103558","killed_by":"Slime Boss","ascension_level":10,"is_trial":false}