{"path_per_floor":["M","?","M","$","M","R","$","?","T","?","M","$","M","M","R","B",null,"M","?","$","M","M","R","M","?","T"],"character_chosen":"IRONCLAD","items_purchased":["Spot Weakness","Double Tap"],"gold_per_floor":[18,193,210,64,78,78,78,78,105,105,116,35,49,61,61,164,164,175,100,0,10,22,22,35,35,35],"floor_reached":27,"campfire_rested":1,"playtime":563,"current_hp_per_floor":[79,79,72,72,72,72,72,72,72,72,61,61,54,57,57,54,80,56,56,56,62,17,41,33,33,33],"items_purged":["Doubt","Defend_R"],"gold":35,"score":205,"play_id":"26d7a3e0-8cc2-4517-8b64-30a7e226932d","local_time":"20180317140419","is_prod":false,"is_daily":false,"is_ascension_mode":false,"campfire_upgraded":2,"timestamp":1521306259,"path_taken":["M","?","M","$","M","R","?","?","T","?","?","$","M","M","R","BOSS","M","?","$","M","?","R","M","?","T","M"],"build_version":"2018-03-15v2","purchased_purges":2,"victory":false,"master_deck":["Strike_R","Strike_R","Strike_R","Strike_R","Strike_R","Bash","Clash+1","Spot Weakness","Rage","Dual Wield","Double Tap+1","Cleave","Flex"],"max_hp_per_floor":[80,80,80,80,80,80,80,80,80,80,80,80,80,80,80,80,80,80,80,80,80,80,80,80,80,80],"relics":["Burning Blood","Oddly Smooth Stone","Philosopher\u0027s Stone","Calipers"],"card_choices":[{"not_picked":["Sever Soul","Body Slam"],"picked":"Clash"},{"not_picked":["Clash","Iron Wave"],"picked":"Rage"},{"not_picked":["Pommel Strike","Anger"],"picked":"Dual Wield"},{"not_picked":["Shockwave","Dual Wield"],"picked":"Cleave"},{"not_picked":["Rampage","Second Wind"],"picked":"Flex"}],"player_experience":578943,"potions_floor_usage":[16,22,24,27],"damage_taken":[{"damage":7,"enemies":"2 Louse","floor":1,"turns":3},{"damage":13,"enemies":"Jaw Worm","floor":3,"turns":4},{"damage":6,"enemies":"Cultist","floor":5,"turns":3},{"damage":17,"enemies":"Large Slime","floor":11,"turns":7},{"damage":13,"enemies":"Red Slaver","floor":13,"turns":2},{"damage":3,"enemies":"2 Fungi Beasts","floor":14,"turns":3},{"damage":9,"enemies":"Slime Boss","floor":16,"turns":2},{"damage":30,"enemies":"Shell Parasite","floor":18,"turns":4},{"damage":0,"enemies":"Chosen","floor":21,"turns":3},{"damage":51,"enemies":"Slaver and Parasite","floor":22,"turns":5},{"damage":14,"enemies":"Centurion and Healer","floor":24,"turns":3},{"damage":38,"enemies":"Snecko","floor":27,"turns":4}],"event_choices":[{"event_name":"Liars Game","player_choice":"agreed","floor":2,"damage_taken":0},{"event_name":"The Lab","player_choice":"Got Potions","floor":8,"damage_taken":0},{"event_name":"Match and Keep!","player_choice":"0 cards matched","floor":10,"damage_taken":0},{"event_name":"Beggar","player_choice":"Gave Gold","floor":19,"damage_taken":0},{"event_name":"Drug Dealer","player_choice":"Ignored","floor":25,"damage_taken":0}],"boss_relics":[{"not_picked":["Tiny House","Question Card"],"picked":"Philosopher\u0027s Stone"}],"potions_floor_spawned":[1,18,21,24],"seed_played":"-185271604121401667","killed_by":"Snecko","ascension_level":0,"is_trial":false}