{"path_per_floor":["M","$","?","?","M","$","R","M","T","M","M","$","M","M","R","B",null,"M","$","M","M","$","R","M","R","T","M","$","?","R","$","R","B",null,"M"],"character_chosen":"IRONCLAD","items_purchased":["Offering","Double Tap"],"gold_per_floor":[115,40,140,215,227,127,127,138,184,202,220,26,42,53,53,152,152,165,15,30,41,41,41,61,61,61,72,72,72,72,4,4,106,106,119],"floor_reached":36,"campfire_rested":2,"playtime":931,"current_hp_per_floor":[80,80,80,69,69,69,69,70,70,69,67,67,62,57,80,30,80,80,80,60,61,61,61,31,55,55,50,50,50,50,50,50,14,80,77],"items_purged":["Defend_R","Defend_R","Defend_R","Defend_R"],"gold":119,"score":381,"play_id":"f2bde24a-0333-4880-9b1b-e1dbfaaef129","local_time":"20180319000453","is_prod":false,"is_daily":false,"is_ascension_mode":false,"campfire_upgraded":4,"timestamp":1521428693,"path_taken":["M","$","?","?","M","$","R","M","T","M","M","?","?","M","R","BOSS","M","?","M","?","$","R","M","R","T","M","$","?","R","$","R","BOSS","M","?"],"build_version":"2018-03-15v3","purchased_purges":4,"victory":false,"master_deck":["Strike_R","Strike_R","Bash+1","Dropkick+1","Offering+1","Rage+1","Double Tap+1","Intimidate+1","True Grit+1","Sentinel+1"],"max_hp_per_floor":[80,80,80,80,80,80,80,80,80,80,80,80,80,80,80,80,80,80,80,80,80,80,80,80,80,80,80,80,80,80,80,80,80,80,80],"relics":["Burning Blood","Orichalcum","Philosopher\u0027s Stone","Bag of Marbles","Astrolabe"],"card_choices":[{"not_picked":["Iron Wave","Wild Strike"],"picked":"Dropkick"},{"not_picked":["Hemokinesis","Seeing Red"],"picked":"Rage"}],"player_experience":617023,"potions_floor_usage":[11,14,20,20,24,33],"damage_taken":[{"damage":6,"enemies":"2 Louse","floor":1,"turns":2},{"damage":6,"enemies":"Cultist","floor":5,"turns":3},{"damage":5,"enemies":"Small Slimes","floor":8,"turns":3},{"damage":7,"enemies":"2 Fungi Beasts","floor":10,"turns":3},{"damage":8,"enemies":"Exordium Wildlife","floor":11,"turns":3},{"damage":11,"enemies":"Red Slaver","floor":13,"turns":2},{"damage":11,"enemies":"Lots of Slimes","floor":14,"turns":3},{"damage":56,"enemies":"Hexaghost","floor":16,"turns":8},{"damage":4,"enemies":"Chosen","floor":18,"turns":2},{"damage":26,"enemies":"3 Byrds","floor":20,"turns":4},{"damage":5,"enemies":"Centurion and Healer","floor":21,"turns":4},{"damage":36,"enemies":"Slaver and Parasite","floor":24,"turns":5},{"damage":11,"enemies":"Snake Plant","floor":27,"turns":3},{"damage":42,"enemies":"Champ","floor":33,"turns":5},{"damage":9,"enemies":"3 Shapes","floor":35,"turns":4},{"damage":0,"enemies":"3 Darklings","floor":36,"turns":1}],"event_choices":[{"event_name":"Golden Shrine","player_choice":"Pray","floor":3,"damage_taken":0},{"event_name":"World of Goop","player_choice":"Gather Gold","floor":4,"damage_taken":0},{"event_name":"Cursed Tome","player_choice":"Ignored","floor":29,"damage_taken":0}],"boss_relics":[{"not_picked":["Velvet Choker","Pandora\u0027s Box"],"picked":"Philosopher\u0027s Stone"},{"not_picked":["Snecko Eye","Sozu"],"picked":"Astrolabe"}],"potions_floor_spawned":[8,11,16,18,21,24,27],"seed_played":"-2913745111818083841","killed_by":"3 Darklings","ascension_level":0,"is_trial":false}