{"gold_per_floor":[115,131,56,56,72,72,97,97,97,97,123,123,123,23,23,23],"floor_reached":16,"playtime":548,"items_purged":["Defend_G","Strike_G"],"score":180,"play_id":"f9051a28-4d89-4fbd-834e-a7f59f8846a1","local_time":"20181116234434","is_ascension_mode":true,"campfire_choices":[{"data":"Deadly Poison","floor":6,"key":"SMITH"},{"data":"Neutralize","floor":8,"key":"SMITH"},{"floor":10,"key":"REST"},{"data":"Backstab","floor":13,"key":"SMITH"},{"data":"Dash","floor":15,"key":"SMITH"}],"neow_cost":"TEN_PERCENT_HP_LOSS","seed_source_timestamp":25683922096936,"circlet_count":0,"master_deck":["AscendersBane","Defend_G","Defend_G","Defend_G","Strike_G","Strike_G","Survivor","Neutralize+1","Deadly Poison+1","Dash+1","Backstab+1"],"relics":["Ring of the Snake","Kunai","Pantograph","Ornamental Fan"],"potions_floor_usage":[7,16],"damage_taken":[{"damage":20,"enemies":"Cultist","floor":1,"turns":5},{"damage":0,"enemies":"Small Slimes","floor":2,"turns":4},{"damage":4,"enemies":"Jaw Worm","floor":5,"turns":3},{"damage":7,"enemies":"3 Sentries","floor":7,"turns":11},{"damage":9,"enemies":"Gremlin Nob","floor":11,"turns":4},{"damage":65,"enemies":"Slime Boss","floor":16,"turns":13}],"seed_played":"5271306820568012509","potions_obtained":[{"floor":1,"key":"GhostInAJar"},{"floor":2,"key":"GhostInAJar"}],"is_trial":false,"path_per_floor":["M","M","$","?","M","R","E","R","T","R","E","?","R","$","R","B"],"character_chosen":"THE_SILENT","items_purchased":[],"campfire_rested":1,"item_purchase_floors":[],"current_hp_per_floor":[39,39,39,39,35,35,28,28,28,46,37,57,57,57,57,0],"gold":23,"neow_bonus":"REMOVE_TWO","is_prod":false,"is_daily":false,"chose_seed":false,"campfire_upgraded":4,"win_rate":0,"timestamp":1542419074,"path_taken":["M","?","$","?","M","R","E","R","T","R","E","?","R","$","R","BOSS"],"build_version":"2018-11-15","purchased_purges":2,"victory":false,"max_hp_per_floor":[60,60,60,60,60,60,60,60,60,60,60,60,60,60,60,60],"card_choices":[{"not_picked":["Caltrops","Crippling Poison"],"picked":"Deadly Poison","floor":1},{"not_picked":["Poisoned Stab","Blur"],"picked":"Dash","floor":2},{"not_picked":["Deadly Poison","Quick Slash"],"picked":"Backstab","floor":5},{"not_picked":["Terror","Eviscerate","Deadly Poison"],"picked":"SKIP","floor":7},{"not_picked":["Escape Plan","Choke","Underhanded Strike"],"picked":"SKIP","floor":11}],"player_experience":883173,"relics_obtained":[{"floor":7,"key":"Kunai"},{"floor":9,"key":"Pantograph"},{"floor":11,"key":"Ornamental Fan"}],"event_choices":[{"cards_removed":["Strike_G"],"damage_healed":0,"gold_gain":0,"player_choice":"Forget","damage_taken":0,"max_hp_gain":0,"max_hp_loss":0,"event_name":"Living Wall","floor":4,"gold_loss":0},{"damage_healed":20,"gold_gain":0,"player_choice":"Banana","damage_taken":0,"max_hp_gain":0,"max_hp_loss":0,"event_name":"Big Fish","floor":12,"gold_loss":0}],"is_beta":true,"boss_relics":[],"items_purged_floors":[3,14],"is_endless":false,"potions_floor_spawned":[1,2],"killed_by":"Slime Boss","ascension_level":14}