{"path_per_floor":["M","?","M","?","?","R","M","M","T","E","R","M","?","M","R","B",null,"M","?","M","$","?","E","?","R","T","M","?","$","M","?","R"],"character_chosen":"IRONCLAD","items_purchased":["Warcry"],"gold_per_floor":[110,110,124,124,124,124,141,157,183,208,208,222,297,313,313,416,416,427,377,397,322,322,356,356,356,403,421,336,209,229,229,229],"floor_reached":33,"campfire_rested":1,"playtime":1358,"current_hp_per_floor":[80,80,73,66,63,63,68,65,65,74,74,80,69,65,65,71,80,60,60,57,57,42,53,37,37,37,29,29,29,16,16,43],"items_purged":["Strike_R","Strike_R"],"gold":229,"score":315,"play_id":"5444b326-d52b-403b-97e5-be2cfa4c9bea","is_prod":false,"is_daily":false,"is_ascension_mode":false,"campfire_upgraded":4,"path_taken":["M","?","?","?","?","R","M","M","T","E","R","M","?","M","R","BOSS","M","?","M","$","?","E","?","R","T","M","?","$","?","?","R","BOSS"],"build_version":"2018-02-15-PROD1","purchased_purges":2,"victory":false,"master_deck":["Strike_R+1","Defend_R+1","Defend_R+1","Defend_R+1","Bash+1","Spot Weakness","Heavy Blade+1","Armaments+1","Rampage","Sword Boomerang","Twin Strike","Demon Form+1","Flex","Cleave","Whirlwind","Warcry","Shrug It Off","Fiend Fire"],"max_hp_per_floor":[80,80,80,80,80,80,80,80,80,80,80,80,80,80,80,80,80,80,80,80,80,85,92,92,92,92,92,92,92,92,92,92],"relics":["Black Blood","Ancient Tea Set","Bronze Scales","Matryoshka","Strawberry","Enchiridion","Dream Catcher","Bag of Preparation","Torii"],"card_choices":[{"not_picked":["Clothesline","Flame Barrier"],"picked":"Spot Weakness"},{"not_picked":["Intimidate","Shockwave"],"picked":"Heavy Blade"},{"not_picked":["Rupture","Twin Strike"],"picked":"Armaments"},{"not_picked":["Shrug It Off","Flame Barrier"],"picked":"Rampage"},{"not_picked":["Bludgeon","Battle Trance"],"picked":"Sword Boomerang"},{"not_picked":["Thunderclap","Sword Boomerang"],"picked":"Twin Strike"},{"not_picked":["Immolate","Double Tap"],"picked":"Demon Form"},{"not_picked":["Uppercut","Battle Trance"],"picked":"Flex"},{"not_picked":["Battle Trance","True Grit"],"picked":"Cleave"},{"not_picked":["Dark Embrace","Shockwave"],"picked":"Whirlwind"},{"not_picked":["Flex","Heavy Blade"],"picked":"Shrug It Off"},{"not_picked":["True Grit","Clothesline"],"picked":"Fiend Fire"}],"player_experience":83229,"potions_floor_usage":[8,10,18,23,33,33,33],"damage_taken":[{"damage":0,"enemies":"Small Slimes","floor":1,"turns":4},{"damage":13,"enemies":"Cultist","floor":3,"turns":6},{"damage":1,"enemies":"Jaw Worm","floor":7,"turns":3},{"damage":9,"enemies":"Lots of Slimes","floor":8,"turns":5},{"damage":9,"enemies":"3 Sentries","floor":10,"turns":6},{"damage":0,"enemies":"2 Fungi Beasts","floor":12,"turns":2},{"damage":10,"enemies":"Exordium Thugs","floor":14,"turns":3},{"damage":0,"enemies":"Slime Boss","floor":16,"turns":5},{"damage":30,"enemies":"2 Thieves","floor":18,"turns":4},{"damage":13,"enemies":"3 Byrds","floor":20,"turns":3},{"damage":6,"enemies":"Gremlin Leader","floor":23,"turns":8},{"damage":18,"enemies":"Centurion and Healer","floor":27,"turns":4},{"damage":23,"enemies":"Snake Plant","floor":30,"turns":3},{"damage":36,"enemies":"Collector","floor":33,"turns":6}],"event_choices":[{"event_name":"Bonfire Elementals","player_choice":"BASIC","floor":2,"damage_taken":0},{"event_name":"Golden Wing","player_choice":"Card Removal","floor":4,"damage_taken":0},{"event_name":"Scrap Ooze","player_choice":"success","floor":5,"damage_taken":3},{"event_name":"World of Goop","player_choice":"Gather Gold","floor":13,"damage_taken":0},{"event_name":"The Joust","player_choice":"Bet on Owner","floor":19,"damage_taken":0},{"event_name":"Forgotten Altar","player_choice":"Shed Blood","floor":22,"damage_taken":0},{"event_name":"Cursed Tome","player_choice":"Obtained Book","floor":24,"damage_taken":0},{"event_name":"Addict","player_choice":"Obtained Relic","floor":28,"damage_taken":0},{"event_name":"Back to Basics","player_choice":"Simplicity","floor":31,"damage_taken":0}],"boss_relics":[{"not_picked":["Tiny House","Calling Bell"],"picked":"Black Blood"}],"potions_floor_spawned":[1,7,8,14,16,20,30],"seed_played":"-3214482398852934651","killed_by":"Collector","ascension_level":0,"is_trial":false}