{"path_per_floor":["M","M","?","M","M","R","$","M","T","M","M","M","R","$","R","B",null,"M","?","M","$","?","M","R","E","T","$","M","R","?","?","R","B",null,"M","?","$","?","M","R","?","M","T"],"character_chosen":"IRONCLAD","items_purchased":["Flex","Flash of Steel"],"gold_per_floor":[118,131,306,318,331,331,202,220,220,240,259,276,276,176,176,276,276,291,206,221,96,96,106,106,140,166,16,36,36,36,36,36,137,137,153,153,59,59,79,79,0,10,35],"floor_reached":44,"campfire_rested":2,"playtime":1374,"current_hp_per_floor":[72,68,68,72,58,58,58,48,48,54,43,38,59,59,59,23,60,44,44,50,50,50,38,59,65,65,65,71,71,71,71,71,26,61,53,53,53,72,72,72,72,40,40],"items_purged":["Doubt","Defend_R","Defend_R","Strike_R"],"gold":35,"score":604,"play_id":"84363932-e538-45e4-bdda-db1c84da9ac2","local_time":"20180311013925","is_prod":false,"is_daily":false,"is_ascension_mode":true,"campfire_upgraded":5,"timestamp":1520743165,"path_taken":["M","?","?","?","M","R","$","?","T","M","?","M","R","?","R","BOSS","M","?","?","$","?","M","R","E","T","$","M","R","?","?","R","BOSS","M","?","$","?","M","R","?","M","T","?"],"build_version":"2018-03-09","purchased_purges":4,"victory":false,"master_deck":["Strike_R","Strike_R","Strike_R","Strike_R+1","Bash","Blood for Blood+1","Inflame","Clash","Double Tap+1","Flex+1","Whirlwind+1","Dual Wield+1","Spot Weakness","Headbutt+1","Limit Break+1","Flash of Steel"],"max_hp_per_floor":[72,72,72,72,72,72,72,72,72,72,72,72,72,72,72,72,72,72,72,72,72,72,72,72,72,72,72,72,72,72,72,72,72,72,72,72,72,72,72,72,72,72,72],"relics":["Black Blood","Whetstone","Philosopher\u0027s Stone","Art of War","Dream Catcher","Ancient Tea Set","Red Mask","Bag of Preparation"],"card_choices":[{"not_picked":["Intimidate","Corruption"],"picked":"Clash"},{"not_picked":["Clothesline","Headbutt"],"picked":"Double Tap"},{"not_picked":["Headbutt","Warcry"],"picked":"Whirlwind"},{"not_picked":["Armaments","Corruption"],"picked":"Dual Wield"},{"not_picked":["Wild Strike","Pommel Strike"],"picked":"Spot Weakness"},{"not_picked":["Iron Wave","Flex"],"picked":"Headbutt"},{"not_picked":["Berserk","Immolate"],"picked":"Limit Break"}],"player_experience":563654,"potions_floor_usage":[11,11,16,16,18,23,23,28,33,42],"damage_taken":[{"damage":1,"enemies":"Cultist","floor":1,"turns":3},{"damage":10,"enemies":"2 Louse","floor":2,"turns":3},{"damage":0,"enemies":"Small Slimes","floor":4,"turns":3},{"damage":20,"enemies":"Exordium Thugs","floor":5,"turns":4},{"damage":16,"enemies":"Lots of Slimes","floor":8,"turns":3},{"damage":0,"enemies":"Gremlin Gang","floor":10,"turns":4},{"damage":17,"enemies":"Exordium Wildlife","floor":11,"turns":3},{"damage":11,"enemies":"Looter","floor":12,"turns":2},{"damage":42,"enemies":"The Guardian","floor":16,"turns":5},{"damage":22,"enemies":"2 Thieves","floor":18,"turns":2},{"damage":0,"enemies":"Spheric Guardian","floor":20,"turns":2},{"damage":18,"enemies":"Snake Plant","floor":23,"turns":3},{"damage":0,"enemies":"Gremlin Leader","floor":25,"turns":3},{"damage":0,"enemies":"Chosen and Byrds","floor":28,"turns":2},{"damage":63,"enemies":"Champ","floor":33,"turns":7},{"damage":18,"enemies":"Orb Walker","floor":35,"turns":2},{"damage":0,"enemies":"3 Shapes","floor":39,"turns":1},{"damage":42,"enemies":"Maw","floor":42,"turns":5},{"damage":45,"enemies":"4 Shapes","floor":44,"turns":4}],"event_choices":[{"event_name":"Liars Game","player_choice":"agreed","floor":3,"damage_taken":0},{"event_name":"Addict","player_choice":"Obtained Relic","floor":19,"damage_taken":0},{"event_name":"The Lab","player_choice":"Got Potions","floor":22,"damage_taken":0},{"event_name":"Drug Dealer","player_choice":"Ignored","floor":30,"damage_taken":0},{"event_name":"Beggar","player_choice":"Ignored","floor":31,"damage_taken":0},{"event_name":"Mysterious Sphere","player_choice":"Ignore","floor":36,"damage_taken":0},{"event_name":"Wheel of Change","player_choice":"Full Heal","floor":38,"damage_taken":0},{"event_name":"Tomb of Lord Red Mask","player_choice":"Paid","floor":41,"damage_taken":0}],"boss_relics":[{"not_picked":["White Beast Statue","Cursed Key"],"picked":"Philosopher\u0027s Stone"},{"not_picked":["Runic Dome","Orrery"],"picked":"Black Blood"}],"potions_floor_spawned":[4,5,11,12,16,28,33,35],"seed_played":"2178955263635459786","killed_by":"4 Shapes","ascension_level":6,"is_trial":false}