{"path_per_floor":["M","?","?","$","?","E","M","M","T","M","?","R","M","$","R"],"character_chosen":"DEFECT","items_purchased":["Chaos","Toxic Egg 2","FTL","Capacitor"],"gold_per_floor":[119,119,119,7,0,43,63,78,378,397,397,397,420,52,52,52],"floor_reached":16,"campfire_rested":1,"playtime":531,"current_hp_per_floor":[66,48,36,36,36,10,9,7,7,3,3,25,21,21,21,0],"items_purged":["Strike_B"],"gold":52,"score":105,"play_id":"6493abeb-6c7b-4984-8e80-0c469ba00544","local_time":"20180426221212","is_prod":false,"is_daily":false,"chose_seed":false,"is_ascension_mode":true,"campfire_upgraded":1,"timestamp":1524791532,"path_taken":["M","?","?","$","?","E","?","M","T","M","?","R","?","$","R","BOSS"],"build_version":"2018-04-26","seed_source_timestamp":60689671996174,"purchased_purges":1,"victory":false,"master_deck":["Strike_B","Strike_B","Defend_B","Defend_B","Defend_B","Defend_B","Zap","Dualcast","Loop","Chaos","Storm","Blaster","Coolheaded","White Noise+1","Auto Shields","FTL","Capacitor"],"max_hp_per_floor":[75,75,75,75,75,75,75,75,75,75,75,75,75,75,75,75],"relics":["Cracked Core","Golden Idol","Sundial","Darkstone Periapt","Old Coin","Toxic Egg 2"],"card_choices":[{"not_picked":["Stack","Impulse"],"picked":"Loop","floor":1},{"not_picked":["Axe Kick","Streamline"],"picked":"Storm","floor":6},{"not_picked":["Impulse","Heatsinks"],"picked":"Blaster","floor":7},{"not_picked":["Beam Cell","All For One"],"picked":"Coolheaded","floor":8},{"not_picked":["Beam Cell","Rebound"],"picked":"White Noise","floor":10},{"not_picked":["Darkness","Ball Lightning"],"picked":"Auto Shields","floor":13}],"player_experience":756708,"potions_floor_usage":[],"damage_taken":[{"damage":9,"enemies":"Cultist","floor":1,"turns":4},{"damage":26,"enemies":"Lagavulin","floor":6,"turns":6},{"damage":1,"enemies":"Jaw Worm","floor":7,"turns":4},{"damage":2,"enemies":"2 Louse","floor":8,"turns":2},{"damage":4,"enemies":"Blue Slaver","floor":10,"turns":4},{"damage":4,"enemies":"Exordium Wildlife","floor":13,"turns":3},{"damage":33,"enemies":"Slime Boss","floor":16,"turns":3}],"event_choices":[{"event_name":"Golden Idol","player_choice":"Take Damage","floor":2,"damage_taken":0},{"event_name":"Scrap Ooze","player_choice":"success","floor":3,"damage_taken":12},{"event_name":"World of Goop","player_choice":"Left","floor":5,"damage_taken":0},{"event_name":"The Woman in Blue","player_choice":"Bought 0 Potions","floor":11,"damage_taken":0}],"boss_relics":[],"potions_floor_spawned":[8,13],"seed_played":"2337328347281926842","killed_by":"Slime Boss","ascension_level":1,"is_trial":false}