{"gold_per_floor":[110,125,142,161,161,161,192,206,233,233,247,247,19,33,33,132,132,148,48,48,66,66,66,124,143,167,42,58,58],"floor_reached":29,"playtime":903,"items_purged":["Strike_R","Strike_R","Searing Blow"],"score":321,"play_id":"ac6bd1a5-4575-40cc-b9fe-15e18549f0a6","local_time":"20190227104520","is_ascension_mode":true,"campfire_choices":[{"data":"Dropkick","floor":6,"key":"SMITH"},{"data":"Bash","floor":10,"key":"SMITH"},{"data":"Dropkick","floor":15,"key":"SMITH"},{"data":"Offering","floor":23,"key":"SMITH"}],"neow_cost":"PERCENT_DAMAGE","seed_source_timestamp":52821589305906,"circlet_count":0,"master_deck":["Strike_R","Strike_R","Defend_R","Defend_R","Defend_R","Defend_R","Bash+1","Twin Strike","Dropkick+1","Cleave","Spot Weakness","Headbutt","Pommel Strike","Dropkick+1","Offering+1","Warcry"],"relics":["Burning Blood","Sundial","Bag of Marbles","Dream Catcher","Philosopher\u0027s Stone","Tiny Chest","Anchor"],"potions_floor_usage":[8,8,21,24,29,29],"damage_taken":[{"damage":16,"enemies":"Small Slimes","floor":1,"turns":5},{"damage":1,"enemies":"Cultist","floor":2,"turns":3},{"damage":1,"enemies":"2 Louse","floor":3,"turns":2},{"damage":9,"enemies":"Blue Slaver","floor":4,"turns":4},{"damage":32,"enemies":"Gremlin Nob","floor":7,"turns":4},{"damage":7,"enemies":"Lots of Slimes","floor":8,"turns":3},{"damage":1,"enemies":"3 Louse","floor":11,"turns":3},{"damage":7,"enemies":"Looter","floor":14,"turns":3},{"damage":12,"enemies":"Slime Boss","floor":16,"turns":7},{"damage":10,"enemies":"2 Thieves","floor":18,"turns":3},{"damage":32,"enemies":"Spheric Guardian","floor":21,"turns":4},{"damage":22,"enemies":"Gremlin Leader","floor":24,"turns":3},{"damage":15,"enemies":"Snecko","floor":25,"turns":3},{"damage":37,"enemies":"Sentry and Sphere","floor":28,"turns":5},{"damage":17,"enemies":"Slavers","floor":29,"turns":3}],"seed_played":"-4554302602960247292","potions_obtained":[{"floor":1,"key":"SkillPotion"},{"floor":7,"key":"Dexterity Potion"},{"floor":18,"key":"Dexterity Potion"},{"floor":21,"key":"BloodPotion"},{"floor":24,"key":"EssenceOfSteel"}],"is_trial":false,"path_per_floor":["M","M","M","M","?","R","E","M","T","R","M","?","$","M","R","B",null,"M","$","?","M","?","R","E","M","T","$","M","E"],"character_chosen":"IRONCLAD","items_purchased":["Dropkick","BloodPotion"],"campfire_rested":0,"item_purchase_floors":[13,13],"current_hp_per_floor":[62,67,72,69,66,66,40,39,39,39,44,76,76,75,75,69,96,92,92,73,57,57,57,51,42,42,42,11,0],"gold":58,"neow_bonus":"TWENTY_PERCENT_HP_BONUS","is_prod":false,"is_daily":false,"chose_seed":false,"campfire_upgraded":4,"win_rate":0,"timestamp":1551285920,"path_taken":["M","M","M","M","?","R","E","M","T","R","M","?","$","M","R","BOSS","M","$","?","M","?","R","E","M","T","$","?","E"],"build_version":"2019-01-23","purchased_purges":3,"victory":false,"max_hp_per_floor":[96,96,96,96,96,96,96,96,96,96,96,96,96,96,96,96,96,96,96,101,101,101,101,101,101,101,101,101,101],"card_choices":[{"not_picked":["Inflame","Anger"],"picked":"Twin Strike","floor":1},{"not_picked":["Shrug It Off","Perfected Strike"],"picked":"Searing Blow","floor":2},{"not_picked":["Pommel Strike","Blood for Blood"],"picked":"Dropkick","floor":3},{"not_picked":["Reckless Charge","Sentinel"],"picked":"Cleave","floor":4},{"not_picked":["Armaments","Whirlwind"],"picked":"Spot Weakness","floor":7},{"not_picked":["Intimidate","Immolate"],"picked":"Headbutt","floor":8},{"not_picked":["Havoc","Sentinel"],"picked":"Pommel Strike","floor":11},{"not_picked":["Iron Wave","Clothesline","Flame Barrier"],"picked":"SKIP","floor":14},{"not_picked":["Fiend Fire","Reaper"],"picked":"Offering","floor":16},{"not_picked":["Cleave","Warcry","Metallicize"],"picked":"SKIP","floor":18},{"not_picked":["Iron Wave","Bloodletting+1","Armaments+1"],"picked":"SKIP","floor":21},{"not_picked":["Blood for Blood","Body Slam"],"picked":"Warcry","floor":24},{"not_picked":["Seeing Red","Hemokinesis","Heavy Blade"],"picked":"SKIP","floor":25},{"not_picked":["Clothesline","Iron Wave","Headbutt"],"picked":"SKIP","floor":28}],"player_experience":254563,"relics_obtained":[{"floor":7,"key":"Bag of Marbles"},{"floor":9,"key":"Dream Catcher"},{"floor":24,"key":"Tiny Chest"},{"floor":26,"key":"Anchor"}],"event_choices":[{"damage_healed":0,"gold_gain":0,"player_choice":"Success","damage_taken":3,"relics_obtained":["Sundial"],"max_hp_gain":0,"max_hp_loss":0,"event_name":"Scrap Ooze","floor":5,"gold_loss":0},{"damage_healed":32,"gold_gain":0,"player_choice":"Banana","damage_taken":0,"max_hp_gain":0,"max_hp_loss":0,"event_name":"Big Fish","floor":12,"gold_loss":0},{"damage_healed":0,"gold_gain":0,"player_choice":"Shed Blood","damage_taken":24,"max_hp_gain":5,"max_hp_loss":0,"event_name":"Forgotten Altar","floor":20,"gold_loss":0},{"cards_removed":["Strike_R"],"damage_healed":0,"gold_gain":0,"player_choice":"Offered Basic","damage_taken":0,"max_hp_gain":0,"max_hp_loss":0,"event_name":"Bonfire Elementals","floor":22,"gold_loss":0}],"is_beta":false,"boss_relics":[{"not_picked":["Ectoplasm","Eternal Feather"],"picked":"Philosopher\u0027s Stone"}],"items_purged_floors":[13,19,27],"is_endless":false,"potions_floor_spawned":[1,7,18,21,24],"killed_by":"Slavers","ascension_level":4}