{"gold_per_floor":[114,128,143,156,156,156,188,188,237,247,247,247],"floor_reached":12,"playtime":503,"items_purged":[],"score":88,"play_id":"229797c2-16ff-4b9f-8937-3f94c8c518c6","local_time":"20190309174951","is_ascension_mode":true,"campfire_choices":[{"floor":6,"key":"RECALL"},{"data":"Dual Wield","floor":8,"key":"SMITH"}],"neow_cost":"NONE","seed_source_timestamp":1117980151613357,"circlet_count":0,"master_deck":["Strike_R","Strike_R","Strike_R","Strike_R","Strike_R","Defend_R+1","Defend_R","Defend_R","Defend_R+1","Bash","Warcry","Warcry","Regret","Dual Wield+1"],"relics":["Burning Blood","War Paint","Dodecahedron","Lantern"],"potions_floor_usage":[7,7],"damage_taken":[{"damage":0,"enemies":"Small Slimes","floor":1,"turns":4},{"damage":0,"enemies":"2 Louse","floor":2,"turns":3},{"damage":0,"enemies":"Cultist","floor":3,"turns":3},{"damage":11,"enemies":"3 Louse","floor":4,"turns":6},{"damage":58,"enemies":"Lagavulin","floor":7,"turns":8},{"damage":21,"enemies":"Exordium Wildlife","floor":10,"turns":6},{"damage":10,"enemies":"Gremlin Gang","floor":12,"turns":1}],"seed_played":"2195364909583553476","potions_obtained":[{"floor":1,"key":"Energy Potion"},{"floor":3,"key":"SteroidPotion"},{"floor":7,"key":"FearPotion"}],"is_trial":false,"path_per_floor":["M","M","M","M","?","R","E","R","T","M","?","M"],"character_chosen":"IRONCLAD","items_purchased":[],"campfire_rested":0,"item_purchase_floors":[],"current_hp_per_floor":[80,80,80,75,75,75,23,23,23,8,5,0],"gold":247,"neow_bonus":"RANDOM_COMMON_RELIC","is_prod":false,"is_daily":false,"chose_seed":false,"campfire_upgraded":1,"win_rate":0,"timestamp":1552171791,"path_taken":["M","M","M","M","?","R","E","R","T","M","?","M"],"build_version":"2019-01-23","purchased_purges":0,"victory":false,"max_hp_per_floor":[80,80,80,80,80,80,80,80,80,80,80,80],"card_choices":[{"not_picked":["Combust","Spot Weakness","Hemokinesis"],"picked":"SKIP","floor":1},{"not_picked":["Sword Boomerang","Perfected Strike"],"picked":"Warcry","floor":2},{"not_picked":["Twin Strike","Heavy Blade"],"picked":"Warcry","floor":3},{"not_picked":["Iron Wave","Sentinel","Flex"],"picked":"SKIP","floor":4},{"not_picked":["Limit Break","Body Slam"],"picked":"Dual Wield","floor":7},{"not_picked":["Flex","Rupture","True Grit"],"picked":"SKIP","floor":10}],"player_experience":166756,"relics_obtained":[{"floor":7,"key":"Lantern"}],"event_choices":[{"damage_healed":0,"gold_gain":0,"player_choice":"Box","damage_taken":0,"relics_obtained":["Dodecahedron"],"max_hp_gain":0,"max_hp_loss":0,"event_name":"Big Fish","floor":5,"gold_loss":0,"cards_obtained":["Regret"]},{"damage_healed":0,"gold_gain":0,"player_choice":"Fled","damage_taken":3,"max_hp_gain":0,"max_hp_loss":0,"event_name":"Scrap Ooze","floor":11,"gold_loss":0}],"is_beta":false,"boss_relics":[],"items_purged_floors":[],"is_endless":false,"potions_floor_spawned":[1,3,7],"killed_by":"Gremlin Gang","ascension_level":2}