{"path_per_floor":["M","?","M","?","M","R","?","$","T","$","?","T","R","M","R","B",null,"M","?","?","?","$","R","M","R","T","M","R","$","?","M","R","B",null,"M","M","?","?","M","R","M","M","T","R","$","M","R","M","R"],"character_chosen":"IRONCLAD","items_purchased":["Flash of Steel","Rage","Clash","Dramatic Entrance","Sword Boomerang"],"gold_per_floor":[143,318,330,330,350,350,350,275,300,71,71,122,122,142,142,238,238,254,254,254,454,194,194,207,207,260,280,280,130,55,67,67,172,172,189,199,199,199,210,210,223,235,260,260,35,48,48,58,58,58],"floor_reached":50,"campfire_rested":3,"playtime":1462,"current_hp_per_floor":[84,84,84,77,76,76,76,76,76,76,76,76,76,76,76,34,85,85,85,85,85,85,85,73,73,73,73,73,73,73,73,73,73,85,72,53,53,53,33,33,8,4,4,29,29,25,50,24,49,0],"items_purged":["Bash","Defend_R","Defend_R","Defend_R","Strike_R"],"gold":58,"score":480,"play_id":"7b4528d0-ad0e-4d52-9358-0a5dda2753da","local_time":"20180425175358","is_prod":false,"is_daily":false,"chose_seed":false,"is_ascension_mode":false,"campfire_upgraded":8,"timestamp":1524689638,"path_taken":["M","?","M","?","M","R","?","$","T","$","?","?","R","M","R","BOSS","M","?","?","?","?","R","M","R","T","M","R","$","?","M","R","BOSS","M","M","?","?","M","R","M","M","T","R","$","?","R","?","R","BOSS"],"build_version":"2018-04-19","seed_source_timestamp":6861838301226,"purchased_purges":5,"victory":false,"master_deck":["Strike_R+1","Strike_R","Thunderclap+1","Whirlwind+1","Flash of Steel+1","Rage+1","Demon Form+1","Clash+1","Dramatic Entrance+1","Offering+1","Heavy Blade+1","Rage+1","Sword Boomerang"],"max_hp_per_floor":[85,85,85,85,85,85,85,85,85,85,85,85,85,85,85,85,85,85,85,85,85,85,85,85,85,85,85,85,85,85,85,85,85,85,85,85,85,85,85,85,85,85,85,85,85,85,85,85,85,85],"relics":["Tiny House"],"card_choices":[{"not_picked":["Blood for Blood","Ghostly Armor"],"picked":"Thunderclap","floor":0},{"not_picked":["Pommel Strike","Armaments"],"picked":"Whirlwind","floor":1},{"not_picked":["Brutality","Fiend Fire"],"picked":"Demon Form","floor":16},{"not_picked":["Dark Embrace","Feed"],"picked":"Offering","floor":33},{"not_picked":["Wild Strike","Warcry"],"picked":"Heavy Blade","floor":35},{"not_picked":["Searing Blow","Immolate"],"picked":"Rage","floor":39}],"player_experience":745639,"potions_floor_usage":[16,16,24,33,36,39,48,50,50,50],"damage_taken":[{"damage":1,"enemies":"Jaw Worm","floor":1,"turns":3},{"damage":0,"enemies":"2 Louse","floor":3,"turns":1},{"damage":1,"enemies":"Cultist","floor":5,"turns":3},{"damage":0,"enemies":"Large Slime","floor":14,"turns":4},{"damage":42,"enemies":"Slime Boss","floor":16,"turns":11},{"damage":0,"enemies":"3 Byrds","floor":18,"turns":4},{"damage":12,"enemies":"Shell Parasite","floor":24,"turns":2},{"damage":0,"enemies":"Chosen and Byrds","floor":27,"turns":4},{"damage":0,"enemies":"Sentry and Sphere","floor":31,"turns":3},{"damage":0,"enemies":"Champ","floor":33,"turns":6},{"damage":13,"enemies":"3 Darklings","floor":35,"turns":2},{"damage":19,"enemies":"Orb Walker","floor":36,"turns":3},{"damage":20,"enemies":"Maw","floor":39,"turns":6},{"damage":25,"enemies":"3 Darklings","floor":41,"turns":3},{"damage":4,"enemies":"Sphere and 2 Shapes","floor":42,"turns":3},{"damage":4,"enemies":"Maw","floor":46,"turns":5},{"damage":26,"enemies":"4 Shapes","floor":48,"turns":3},{"damage":49,"enemies":"Donu and Deca","floor":50,"turns":4}],"event_choices":[{"event_name":"Liars Game","player_choice":"agreed","floor":2,"damage_taken":0},{"event_name":"Golden Wing","player_choice":"Card Removal","floor":4,"damage_taken":0},{"event_name":"Dead Adventurer","player_choice":"Searched \u00270\u0027 times","floor":7,"damage_taken":0},{"event_name":"The Woman in Blue","player_choice":"Bought 0 Potions","floor":11,"damage_taken":0},{"event_name":"Back to Basics","player_choice":"Elegance","floor":19,"damage_taken":0},{"event_name":"Addict","player_choice":"Ignored","floor":20,"damage_taken":0},{"event_name":"Wheel of Change","player_choice":"Gold","floor":21,"damage_taken":0},{"event_name":"Beggar","player_choice":"Gave Gold","floor":30,"damage_taken":0},{"event_name":"Mysterious Sphere","player_choice":"Ignore","floor":38,"damage_taken":0}],"boss_relics":[{"not_picked":["Black Star","Runic Dome","Snecko Eye"]},{"not_picked":["Calling Bell","Astrolabe","Velvet Choker"]}],"potions_floor_spawned":[1,5,18,24,33,35,36,46,48],"seed_played":"-812182518536361326","killed_by":"Donu and Deca","ascension_level":0,"is_trial":false}