{"gold_per_floor":[109,109,62,62,77,106,106,106,184,216,228,228,168,182,182,256,256,276,154,169,69,69,69],"floor_reached":23,"playtime":736,"items_purged":["Strike_G","Strike_G","Defend_G"],"score":377,"play_id":"08075d0b-f0ac-4882-bb91-d3308153d0b8","local_time":"20181110130130","is_ascension_mode":true,"campfire_choices":[{"data":"Neutralize","floor":8,"key":"SMITH"},{"data":"Reflex","floor":15,"key":"SMITH"}],"neow_cost":"NONE","seed_source_timestamp":4073342676960,"circlet_count":0,"master_deck":["AscendersBane","Defend_G+1","Defend_G+1","Defend_G+1","Defend_G+1","Strike_G+1","Strike_G+1","Strike_G+1","Survivor","Neutralize+1","Underhanded Strike","Dagger Throw","Backflip","Predator","Reflex+1","Unload","Storm of Steel","Dagger Spray"],"relics":["Ring of the Snake","NeowsBlessing","Bag of Marbles","Tiny Chest","Omamori","The Courier","HoveringKite"],"potions_floor_usage":[16,16,20],"damage_taken":[{"damage":0,"enemies":"2 Louse","floor":1,"turns":1},{"damage":0,"enemies":"Cultist","floor":5,"turns":1},{"damage":0,"enemies":"3 Sentries","floor":6,"turns":1},{"damage":5,"enemies":"Gremlin Nob","floor":10,"turns":3},{"damage":1,"enemies":"Jaw Worm","floor":11,"turns":2},{"damage":4,"enemies":"Exordium Wildlife","floor":14,"turns":3},{"damage":21,"enemies":"Slime Boss","floor":16,"turns":10},{"damage":0,"enemies":"Chosen","floor":18,"turns":3},{"damage":33,"enemies":"2 Thieves","floor":20,"turns":4},{"damage":0,"enemies":"Gremlin Leader","floor":23,"turns":1}],"seed_played":"350836344572499324","potions_obtained":[{"floor":2,"key":"Fire Potion"},{"floor":2,"key":"Energy Potion"},{"floor":18,"key":"Swift Potion"}],"is_trial":false,"path_per_floor":["M","?","$","$","M","E","?","R","T","E","M","T","$","M","R","B",null,"M","$","M","$","?","E"],"character_chosen":"THE_SILENT","items_purchased":["Dagger Throw","Dagger Spray"],"campfire_rested":0,"item_purchase_floors":[3,19],"current_hp_per_floor":[59,59,59,59,59,59,59,59,59,54,53,53,53,49,49,28,57,57,57,24,24,24,24],"gold":69,"neow_bonus":"THREE_ENEMY_KILL","is_prod":false,"is_daily":false,"chose_seed":false,"campfire_upgraded":2,"win_rate":0,"timestamp":1541862090,"path_taken":["M","?","?","$","?","E","?","R","T","E","M","?","?","M","R","BOSS","M","$","M","$","?","E"],"build_version":"2018-11-08","purchased_purges":3,"victory":false,"max_hp_per_floor":[66,66,66,66,66,66,66,66,66,66,66,66,66,66,66,66,66,66,66,66,66,66,66],"card_choices":[{"not_picked":["Terror","Accuracy"],"picked":"Underhanded Strike","floor":1},{"not_picked":["Cloak And Dagger","Choke"],"picked":"Backflip","floor":5},{"not_picked":["Eviscerate","Acrobatics"],"picked":"Predator","floor":6},{"not_picked":["Bane","Masterful Stab"],"picked":"Reflex","floor":10},{"not_picked":["PiercingWail","Acrobatics"],"picked":"Unload","floor":11},{"not_picked":["Prepared","Riddle With Holes","PiercingWail"],"picked":"SKIP","floor":14},{"not_picked":["Malaise","Night Terror"],"picked":"Storm of Steel","floor":16},{"not_picked":["Dagger Throw","Quick Slash","Bouncing Flask"],"picked":"SKIP","floor":18},{"not_picked":["Prepared","Blur","PiercingWail"],"picked":"SKIP","floor":20}],"player_experience":878237,"relics_obtained":[{"floor":6,"key":"Bag of Marbles"},{"floor":9,"key":"Tiny Chest"},{"floor":10,"key":"Omamori"},{"floor":12,"key":"The Courier"}],"event_choices":[{"damage_healed":0,"gold_gain":0,"player_choice":"Got Potions","damage_taken":0,"max_hp_gain":0,"max_hp_loss":0,"event_name":"Lab","floor":2,"gold_loss":0},{"damage_healed":0,"gold_gain":0,"player_choice":"Ignored","damage_taken":0,"max_hp_gain":0,"max_hp_loss":0,"event_name":"Liars Game","floor":7,"gold_loss":0},{"damage_healed":0,"gold_gain":0,"player_choice":"Simplicity","damage_taken":0,"max_hp_gain":0,"max_hp_loss":0,"event_name":"Back to Basics","floor":22,"gold_loss":0,"cards_upgraded":["Defend_G","Defend_G","Defend_G","Defend_G","Strike_G","Strike_G","Strike_G"]}],"is_beta":true,"boss_relics":[{"not_picked":["Sozu","Ring of the Serpent"],"picked":"HoveringKite"}],"items_purged_floors":[13,19,21],"is_endless":false,"potions_floor_spawned":[6,10,14,18],"killed_by":"Gremlin Leader","ascension_level":14}