{"gold_per_floor":[112,29,29,41,41,41,72,87,114,125,145,145,171,190,190,190],"floor_reached":16,"playtime":562,"items_purged":[],"score":140,"play_id":"747519a4-e5bd-45bb-8202-0703af766113","local_time":"20190212114038","is_ascension_mode":true,"campfire_choices":[{"data":"Well Laid Plans","floor":6,"key":"SMITH"},{"data":"Deadly Poison","floor":12,"key":"SMITH"},{"floor":15,"key":"REST"}],"neow_cost":"NONE","seed_source_timestamp":124937093050605,"circlet_count":0,"master_deck":["Defend_G","Defend_G","Defend_G","Defend_G","Defend_G","Strike_G","Strike_G","Strike_G","Strike_G","Strike_G","Survivor","Neutralize","Blade Dance+1","Finesse","Well Laid Plans+1","Backflip","Deadly Poison+1","Flying Knee","PiercingWail"],"relics":["Ring of the Snake","NeowsBlessing","Centennial Puzzle","Dream Catcher","Bronze Scales"],"potions_floor_usage":[10,11,14,16],"damage_taken":[{"damage":0,"enemies":"Small Slimes","floor":1,"turns":1},{"damage":0,"enemies":"Cultist","floor":4,"turns":1},{"damage":0,"enemies":"Gremlin Nob","floor":7,"turns":1},{"damage":2,"enemies":"Jaw Worm","floor":8,"turns":3},{"damage":30,"enemies":"Gremlin Gang","floor":10,"turns":4},{"damage":0,"enemies":"Looter","floor":11,"turns":2},{"damage":14,"enemies":"Exordium Wildlife","floor":14,"turns":3},{"damage":46,"enemies":"The Guardian","floor":16,"turns":10}],"seed_played":"8474385483919183811","potions_obtained":[{"floor":4,"key":"Explosive Potion"},{"floor":7,"key":"Fire Potion"},{"floor":8,"key":"FearPotion"},{"floor":10,"key":"SkillPotion"}],"is_trial":false,"path_per_floor":["M","$","?","M","$","R","E","M","T","M","M","R","T","M","R","B"],"character_chosen":"THE_SILENT","items_purchased":["Finesse"],"campfire_rested":1,"item_purchase_floors":[2],"current_hp_per_floor":[70,70,70,70,70,70,70,68,68,38,38,38,38,24,45,0],"gold":190,"neow_bonus":"THREE_ENEMY_KILL","is_prod":false,"is_daily":false,"chose_seed":false,"campfire_upgraded":2,"win_rate":0,"timestamp":1549993238,"path_taken":["M","$","?","M","$","R","E","M","T","?","M","R","?","M","R","BOSS"],"build_version":"2019-01-23","purchased_purges":0,"victory":false,"max_hp_per_floor":[70,70,70,70,70,70,70,70,70,70,70,70,70,70,70,70],"card_choices":[{"not_picked":["Deflect","Quick Slash"],"picked":"Blade Dance","floor":1},{"not_picked":["Dagger Throw","Endless Agony"],"picked":"Well Laid Plans","floor":4},{"not_picked":["Backstab","Masterful Stab","Outmaneuver"],"picked":"SKIP","floor":7},{"not_picked":["Dodge and Roll","Bane"],"picked":"Backflip","floor":8},{"not_picked":["Setup","Dodge and Roll"],"picked":"Deadly Poison","floor":10},{"not_picked":["Skewer","Finisher"],"picked":"Flying Knee","floor":11},{"not_picked":["Reflex","Dagger Spray"],"picked":"PiercingWail","floor":14}],"player_experience":150535,"relics_obtained":[{"floor":7,"key":"Centennial Puzzle"},{"floor":9,"key":"Dream Catcher"},{"floor":13,"key":"Bronze Scales"}],"event_choices":[{"damage_healed":0,"gold_gain":0,"player_choice":"Forge","damage_taken":0,"max_hp_gain":0,"max_hp_loss":0,"event_name":"Accursed Blacksmith","floor":3,"gold_loss":0,"cards_upgraded":["Blade Dance"]}],"is_beta":false,"boss_relics":[],"items_purged_floors":[],"is_endless":false,"potions_floor_spawned":[4,7,8,10],"killed_by":"The Guardian","ascension_level":2}