{"path_per_floor":["M","?","M","M","$","R","?","?","T","M","M","$","M","$","R","B",null,"M","?","?","$","?","E","R","M","T","M","M","M","$","M","R"],"character_chosen":"THE_SILENT","items_purchased":["Footwork","Peace Pipe","Slice","Prepared"],"gold_per_floor":[110,110,127,140,63,63,63,238,291,308,320,26,44,20,20,115,115,131,131,46,23,23,57,57,45,72,89,106,125,50,65,65],"floor_reached":33,"campfire_rested":2,"playtime":2852,"current_hp_per_floor":[70,70,70,70,70,70,70,70,70,68,68,68,68,68,68,25,70,59,70,70,70,70,35,56,48,55,15,12,8,8,2,25],"items_purged":["Strike_G"],"gold":65,"score":298,"play_id":"d47f7417-53cd-46b0-97f4-abcbf64e6532","is_prod":false,"is_daily":false,"is_ascension_mode":true,"campfire_upgraded":1,"path_taken":["M","?","?","M","$","R","?","?","T","M","?","$","M","$","R","BOSS","M","?","?","?","?","E","R","M","T","M","?","M","$","M","R","BOSS"],"build_version":"2018-02-15-PROD1","purchased_purges":1,"victory":false,"master_deck":["Defend_G","Defend_G","Defend_G","Defend_G","Defend_G","Survivor","Neutralize+1","Calculated Gamble","PiercingWail","Eviscerate","Footwork+1","Deflect","Slice","Bullet Time","Wraith Form+1","Adrenaline+1","Outmaneuver+1","Acrobatics","Prepared","Tools of the Trade","Terror","Finisher","Noxious Fumes"],"max_hp_per_floor":[70,70,70,70,70,70,70,70,70,70,70,70,70,70,70,70,70,70,70,70,70,70,70,70,70,77,77,77,77,77,77,77],"relics":["Ring of the Snake","Orichalcum","Peace Pipe","Astrolabe","Anchor","Omamori","Strawberry"],"card_choices":[{"not_picked":["Acrobatics","Catalyst"],"picked":"Calculated Gamble"},{"not_picked":["Expertise","Dash"],"picked":"PiercingWail"},{"not_picked":["Flechettes","Choke"],"picked":"Eviscerate"},{"not_picked":["Underhanded Strike","Dagger Spray"],"picked":"Deflect"},{"not_picked":["Night Terror","Envenom"],"picked":"Bullet Time"},{"not_picked":["Poisoned Stab","Slice"],"picked":"Acrobatics"},{"not_picked":["Slice","Cloak And Dagger"],"picked":"Tools of the Trade"},{"not_picked":["Deadly Poison","Prepared"],"picked":"Terror"},{"not_picked":["Prepared","Well Laid Plans"],"picked":"Finisher"},{"not_picked":["Bane","Bouncing Flask"],"picked":"Noxious Fumes"}],"player_experience":200798,"potions_floor_usage":[10,10,16,23,27,28],"damage_taken":[{"damage":0,"enemies":"Jaw Worm","floor":1,"turns":5},{"damage":0,"enemies":"2 Louse","floor":3,"turns":5},{"damage":0,"enemies":"Cultist","floor":4,"turns":4},{"damage":2,"enemies":"Large Slime","floor":10,"turns":14},{"damage":0,"enemies":"Gremlin Gang","floor":11,"turns":8},{"damage":0,"enemies":"Exordium Thugs","floor":13,"turns":9},{"damage":43,"enemies":"The Guardian","floor":16,"turns":32},{"damage":11,"enemies":"Shell Parasite","floor":18,"turns":5},{"damage":35,"enemies":"Slavers","floor":23,"turns":7},{"damage":8,"enemies":"2 Thieves","floor":25,"turns":5},{"damage":40,"enemies":"Cultist and Chosen","floor":27,"turns":8},{"damage":3,"enemies":"Snecko","floor":28,"turns":4},{"damage":4,"enemies":"Centurion and Healer","floor":29,"turns":7},{"damage":6,"enemies":"3 Cultists","floor":31,"turns":5},{"damage":62,"enemies":"Automaton","floor":33,"turns":6}],"event_choices":[{"event_name":"Living Wall","player_choice":"Grow","floor":2,"damage_taken":0},{"event_name":"Bonfire Elementals","player_choice":"BASIC","floor":7,"damage_taken":0},{"event_name":"Liars Game","player_choice":"agreed","floor":8,"damage_taken":0},{"event_name":"Wheel of Change","player_choice":"Full Heal","floor":19,"damage_taken":0},{"event_name":"Addict","player_choice":"Obtained Relic","floor":20,"damage_taken":0},{"event_name":"Beggar","player_choice":"Ignored","floor":22,"damage_taken":0}],"boss_relics":[{"not_picked":["Calling Bell","Velvet Choker"],"picked":"Astrolabe"}],"potions_floor_spawned":[3,4,11,16,23,25],"seed_played":"-8190278345988659452","killed_by":"Automaton","ascension_level":3,"is_trial":false}