{"path_per_floor":["M","?","?","$","M","?","M","?","T","?","E","?","E","?","R","B",null,"M","?","M","$","M","R","$","E","T","?","R","?","M","E","R","B",null,"M","?","?","M","T","E"],"character_chosen":"THE_SILENT","items_purchased":["Bullet Time","Kunai"],"gold_per_floor":[109,109,184,31,51,51,62,62,62,62,88,53,80,80,80,179,179,194,194,210,12,29,29,29,55,55,55,55,55,69,94,94,192,192,209,209,209,222,222,248],"floor_reached":41,"campfire_rested":1,"playtime":3454,"current_hp_per_floor":[70,63,52,52,52,52,52,52,52,45,38,55,43,43,43,38,70,70,70,70,70,70,70,70,70,70,70,70,54,51,12,33,37,70,64,64,64,38,38,17],"items_purged":[],"gold":248,"score":586,"play_id":"f365181f-4f35-4d6d-87ef-ba26843e64f3","is_prod":false,"is_daily":false,"is_ascension_mode":true,"campfire_upgraded":3,"path_taken":["M","?","?","?","M","?","M","?","T","?","E","?","E","?","R","BOSS","M","?","M","$","M","R","$","E","T","?","R","?","M","E","R","BOSS","M","?","?","M","?","E","M"],"build_version":"2018-02-15-PROD1","purchased_purges":0,"victory":false,"master_deck":["Defend_G","Defend_G","Defend_G","Defend_G","Defend_G","Strike_G","Strike_G","Survivor","Neutralize+1","Cloak And Dagger+1","Bullet Time+1","Blur","Terror+1","Predator","Dagger Spray","Predator","After Image","Bane+1","Calculated Gamble+1","Wraith Form","Noxious Fumes","Clumsy"],"max_hp_per_floor":[70,70,70,70,70,70,70,70,70,70,70,70,70,70,70,70,70,70,70,70,70,70,70,70,70,70,70,70,70,70,70,70,70,70,70,70,70,70,70,70],"relics":["Ring of the Snake","Juzu Bracelet","Bag of Preparation","Ninja Scroll","The Courier","Runic Pyramid","Kunai","Bottled Flame","Bird Faced Urn","Enchiridion","Gremlin Horn","Cursed Key","Toxic Egg 2","Orichalcum"],"card_choices":[{"not_picked":["Skewer","Flying Knee"],"picked":"Cloak And Dagger"},{"not_picked":["Distraction","Eviscerate"],"picked":"Blur"},{"not_picked":["Flying Knee","Skewer"],"picked":"Terror"},{"not_picked":["Quick Slash","Riddle With Holes"],"picked":"Dagger Spray"},{"not_picked":["Flying Knee","Backflip"],"picked":"Predator"},{"not_picked":["Tactician","Venomology"],"picked":"After Image"},{"not_picked":["Outmaneuver","Quick Slash"],"picked":"Bane"},{"not_picked":["Quick Slash","Dagger Spray"],"picked":"Calculated Gamble"},{"not_picked":["A Thousand Cuts","Die Die Die"],"picked":"Wraith Form"},{"not_picked":["Backstab","Distraction"],"picked":"Noxious Fumes"}],"player_experience":211055,"potions_floor_usage":[16,20,33,33,35,38,38],"damage_taken":[{"damage":0,"enemies":"Small Slimes","floor":1,"turns":4},{"damage":0,"enemies":"2 Louse","floor":5,"turns":3},{"damage":0,"enemies":"Jaw Worm","floor":7,"turns":5},{"damage":7,"enemies":"Gremlin Nob","floor":11,"turns":4},{"damage":12,"enemies":"3 Sentries","floor":13,"turns":8},{"damage":5,"enemies":"Hexaghost","floor":16,"turns":9},{"damage":0,"enemies":"Shell Parasite","floor":18,"turns":3},{"damage":0,"enemies":"Spheric Guardian","floor":20,"turns":3},{"damage":0,"enemies":"3 Cultists","floor":22,"turns":5},{"damage":0,"enemies":"Gremlin Leader","floor":25,"turns":10},{"damage":7,"enemies":"Sentry and Sphere","floor":30,"turns":9},{"damage":41,"enemies":"Book of Stabbing","floor":31,"turns":6},{"damage":0,"enemies":"Automaton","floor":33,"turns":11},{"damage":6,"enemies":"3 Shapes","floor":35,"turns":6},{"damage":34,"enemies":"3 Darklings","floor":38,"turns":5},{"damage":29,"enemies":"2 Orb Walkers","floor":40,"turns":7},{"damage":17,"enemies":"Sphere and 2 Shapes","floor":41,"turns":4}],"event_choices":[{"event_name":"Golden Wing","player_choice":"Card Removal","floor":2,"damage_taken":0},{"event_name":"World of Goop","player_choice":"Gather Gold","floor":3,"damage_taken":0},{"event_name":"Living Wall","player_choice":"Grow","floor":6,"damage_taken":0},{"event_name":"Transmorgrifier","player_choice":"Transform","floor":8,"damage_taken":0},{"event_name":"Wheel of Change","player_choice":"Damage","floor":10,"damage_taken":0},{"event_name":"The Cleric","player_choice":"Healed","floor":12,"damage_taken":0},{"event_name":"The Woman in Blue","player_choice":"Bought 0 Potions","floor":14,"damage_taken":0},{"event_name":"Drug Dealer","player_choice":"Ignored","floor":19,"damage_taken":0},{"event_name":"Vampires","player_choice":"Ignored","floor":27,"damage_taken":0},{"event_name":"Cursed Tome","player_choice":"Obtained Book","floor":29,"damage_taken":0},{"event_name":"Bonfire Elementals","player_choice":"BASIC","floor":36,"damage_taken":0},{"event_name":"Mysterious Sphere","player_choice":"Ignore","floor":37,"damage_taken":0}],"boss_relics":[{"not_picked":["Snecko Eye","Pandora\u0027s Box"],"picked":"Runic Pyramid"},{"not_picked":["The Specimen","Lizard Tail"],"picked":"Cursed Key"}],"potions_floor_spawned":[1,13,16,18,25,31,33,35],"seed_played":"6569955792079426499","killed_by":"Sphere and 2 Shapes","ascension_level":4,"is_trial":false}