{"gold_per_floor":[109,109,123,135,310,343,27,57,106,106,123,123,148,65,65,161,161,175,100,0,0,19,19,35,65,65,65,77,77,77,108,108,108],"floor_reached":33,"playtime":1787,"items_purged":["Doubt","Second Wind"],"score":356,"play_id":"b69a3076-dfc6-4761-9847-518899145609","local_time":"20190213161625","is_ascension_mode":true,"campfire_choices":[{"data":"Armaments","floor":10,"key":"SMITH"},{"data":"Inflame","floor":12,"key":"SMITH"},{"data":"Inflame","floor":15,"key":"SMITH"},{"data":"Infernal Blade","floor":23,"key":"SMITH"},{"floor":27,"key":"REST"},{"data":"Flame Barrier","floor":29,"key":"SMITH"},{"data":"Berserk","floor":32,"key":"SMITH"}],"neow_cost":"NONE","seed_source_timestamp":511978552918666,"circlet_count":0,"master_deck":["Bash","Bludgeon+1","Shrug It Off","Armaments+1","Inflame+1","Battle Trance","Cleave","Inflame+1","Shrug It Off","Flash of Steel","Exhume","Thunderclap","Entrench","Berserk+1","Brutality","Offering","Infernal Blade+1","Havoc","Headbutt","RitualDagger","Flame Barrier+1","Thunderclap+1","Shrug It Off","Ghostly","Ghostly","Ghostly","Ghostly","Ghostly","Double Tap"],"relics":["Burning Blood","Bottled Tornado","Chemical X","Pen Nib","Red Skull","Mercury Hourglass","Pandora\u0027s Box","Mummified Hand","Molten Egg 2","Gremlin Horn"],"potions_floor_usage":[25,25],"damage_taken":[{"damage":2,"enemies":"Jaw Worm","floor":1,"turns":3},{"damage":0,"enemies":"2 Louse","floor":3,"turns":3},{"damage":0,"enemies":"Small Slimes","floor":4,"turns":2},{"damage":30,"enemies":"Gremlin Nob","floor":6,"turns":5},{"damage":18,"enemies":"Lagavulin","floor":8,"turns":5},{"damage":7,"enemies":"3 Louse","floor":11,"turns":2},{"damage":6,"enemies":"Gremlin Nob","floor":13,"turns":3},{"damage":15,"enemies":"Slime Boss","floor":16,"turns":7},{"damage":35,"enemies":"2 Thieves","floor":18,"turns":3},{"damage":14,"enemies":"3 Byrds","floor":22,"turns":3},{"damage":12,"enemies":"Shelled Parasite and Fungi","floor":24,"turns":2},{"damage":26,"enemies":"Slavers","floor":25,"turns":2},{"damage":18,"enemies":"Cultist and Chosen","floor":28,"turns":2},{"damage":3,"enemies":"Book of Stabbing","floor":31,"turns":3},{"damage":34,"enemies":"Collector","floor":33,"turns":6}],"seed_played":"8202592414690366324","potions_obtained":[{"floor":4,"key":"BloodPotion"},{"floor":11,"key":"FearPotion"},{"floor":13,"key":"Swift Potion"},{"floor":18,"key":"Regen Potion"}],"is_trial":false,"path_per_floor":["M","?","M","M","?","E","$","E","T","R","M","R","E","$","R","B",null,"M","?","$","?","M","R","M","E","T","R","M","R","?","E","R","B"],"character_chosen":"IRONCLAD","items_purchased":["Chemical X","Cleave","Flash of Steel"],"campfire_rested":1,"item_purchase_floors":[7,7,14],"current_hp_per_floor":[80,64,70,76,76,52,52,40,40,40,39,39,39,39,39,30,80,51,51,51,45,37,37,31,19,19,43,31,31,31,34,34,0],"gold":108,"neow_bonus":"ONE_RANDOM_RARE_CARD","is_prod":false,"is_daily":false,"chose_seed":false,"campfire_upgraded":6,"win_rate":0,"timestamp":1550092585,"path_taken":["M","?","M","M","?","E","$","E","T","R","M","R","E","?","R","BOSS","M","?","$","?","M","R","M","E","T","R","M","R","?","E","R","BOSS"],"build_version":"2019-01-23","purchased_purges":2,"victory":false,"max_hp_per_floor":[80,80,80,80,80,80,80,80,80,80,80,80,80,80,80,80,80,80,80,80,80,80,80,80,80,80,80,80,80,40,40,40,40],"card_choices":[{"not_picked":["Reckless Charge","Heavy Blade"],"picked":"Shrug It Off","floor":1},{"not_picked":["True Grit","Clothesline"],"picked":"Armaments","floor":3},{"not_picked":["Iron Wave","Whirlwind"],"picked":"Inflame","floor":4},{"not_picked":["Warcry","Sword Boomerang"],"picked":"Battle Trance","floor":6},{"not_picked":["Rampage","Clash","Fire Breathing"],"picked":"SKIP","floor":8},{"not_picked":["Body Slam","Thunderclap"],"picked":"Inflame","floor":11},{"not_picked":["Headbutt","Havoc"],"picked":"Shrug It Off","floor":13},{"not_picked":["Bludgeon","Impervious"],"picked":"Exhume","floor":16},{"not_picked":["Clothesline","Anger"],"picked":"Headbutt","floor":18},{"not_picked":["Rampage","Uppercut","Flex+1"],"picked":"SKIP","floor":22},{"not_picked":["Intimidate","Warcry"],"picked":"Flame Barrier","floor":24},{"not_picked":["Limit Break","Shrug It Off+1"],"picked":"Thunderclap+1","floor":25},{"not_picked":["Entrench+1","True Grit"],"picked":"Shrug It Off","floor":28},{"not_picked":["Power Through","Dropkick+1"],"picked":"Double Tap","floor":31}],"player_experience":116838,"relics_obtained":[{"floor":6,"key":"Bottled Tornado"},{"floor":8,"key":"Pen Nib"},{"floor":9,"key":"Red Skull"},{"floor":13,"key":"Mercury Hourglass"},{"floor":25,"key":"Mummified Hand"},{"floor":26,"key":"Molten Egg 2"},{"floor":31,"key":"Gremlin Horn"}],"event_choices":[{"damage_healed":0,"gold_gain":0,"player_choice":"Entered Light","damage_taken":16,"max_hp_gain":0,"max_hp_loss":0,"event_name":"Shining Light","floor":2,"gold_loss":0,"cards_upgraded":["Strike_R","Bludgeon"]},{"damage_healed":0,"gold_gain":175,"player_choice":"AGREE","damage_taken":0,"max_hp_gain":0,"max_hp_loss":0,"event_name":"Liars Game","floor":5,"gold_loss":0,"cards_obtained":["Doubt"]},{"cards_removed":["Corruption"],"damage_healed":0,"gold_gain":0,"player_choice":"Gave Gold","damage_taken":0,"max_hp_gain":0,"max_hp_loss":0,"event_name":"Beggar","floor":19,"gold_loss":75},{"damage_healed":0,"gold_gain":0,"player_choice":"Joined the Cult","damage_taken":6,"max_hp_gain":0,"max_hp_loss":0,"event_name":"Nest","floor":21,"gold_loss":0,"cards_obtained":["RitualDagger"]},{"damage_healed":0,"gold_gain":0,"player_choice":"Became a Ghost","damage_taken":0,"max_hp_gain":0,"max_hp_loss":40,"event_name":"Ghosts","floor":30,"gold_loss":0,"cards_obtained":["Ghostly","Ghostly","Ghostly","Ghostly","Ghostly"]}],"is_beta":false,"boss_relics":[{"not_picked":["Busted Crown","Black Blood"],"picked":"Pandora\u0027s Box"}],"items_purged_floors":[7,20],"is_endless":false,"potions_floor_spawned":[4,11,13,18,22],"killed_by":"Collector","ascension_level":2}