{"path_per_floor":["M","M","?","$","?","R","E","M","T","R","E","M","M","$","R","B",null,"M","?","M","?","?","R"],"character_chosen":"IRONCLAD","items_purchased":["True Grit"],"gold_per_floor":[112,128,128,29,29,29,57,67,67,67,93,104,122,22,22,124,124,138,164,175,175,175,175,175],"floor_reached":24,"campfire_rested":1,"playtime":1734,"current_hp_per_floor":[80,74,74,74,74,74,58,49,49,49,26,20,7,7,31,19,80,67,51,47,31,31,31,0],"items_purged":["Defend_R","Regret"],"gold":175,"score":229,"play_id":"9a7c8803-30c9-419b-96ac-8fa57fe08e47","local_time":"20180426075341","is_prod":false,"is_daily":false,"chose_seed":false,"is_ascension_mode":false,"campfire_upgraded":3,"timestamp":1524740021,"path_taken":["M","M","?","$","?","R","E","?","T","R","E","M","M","$","R","BOSS","M","?","M","?","?","R","E"],"build_version":"2018-04-19","seed_source_timestamp":0,"purchased_purges":2,"victory":false,"master_deck":["Defend_R","Defend_R","Bash","Clash","Burning Pact","True Grit+1","Double Tap+1","Sever Soul","Whirlwind","Flex","Dark Embrace","Iron Wave","Metallicize","Flex","Headbutt","Metallicize+1","Bite","Bite","Bite","Bite","Bite"],"max_hp_per_floor":[80,80,80,80,80,80,80,80,80,80,80,80,80,80,80,80,80,80,80,80,80,56,56,56],"relics":["Burning Blood","Centennial Puzzle","Unceasing Top","Bag of Preparation","Pantograph","Orrery","Red Mask","Enchiridion"],"card_choices":[{"not_picked":["Intimidate","Battle Trance"],"picked":"Clash","floor":1.0},{"not_picked":["Searing Blow","Heavy Blade"],"picked":"Burning Pact","floor":2},{"not_picked":["Warcry","Ghostly Armor"],"picked":"Double Tap","floor":7},{"not_picked":["Cleave","Sword Boomerang"],"picked":"Sever Soul","floor":8},{"not_picked":["Shrug It Off","Twin Strike"],"picked":"Whirlwind","floor":11},{"not_picked":["Intimidate","Shrug It Off"],"picked":"Flex","floor":13},{"not_picked":["Impervious","Immolate"],"picked":"Dark Embrace","floor":16},{"not_picked":["Dark Embrace","Metallicize"],"picked":"Iron Wave","floor":17},{"not_picked":["Clothesline","Sword Boomerang"],"picked":"Metallicize","floor":17},{"not_picked":["Anger","Iron Wave"],"picked":"Flex","floor":17},{"not_picked":["Clothesline","Twin Strike"],"picked":"Headbutt","floor":17},{"not_picked":["Flex","Cleave"],"picked":"Metallicize","floor":17}],"player_experience":747101,"potions_floor_usage":[11,16,19,24,24],"damage_taken":[{"damage":2.0,"enemies":"Small Slimes","floor":1.0,"turns":3.0},{"damage":12.0,"enemies":"2 Louse","floor":2.0,"turns":3.0},{"damage":22,"enemies":"Lagavulin","floor":7,"turns":7},{"damage":15,"enemies":"Large Slime","floor":8,"turns":4},{"damage":29,"enemies":"Gremlin Nob","floor":11,"turns":4},{"damage":12,"enemies":"Blue Slaver","floor":12,"turns":2},{"damage":19,"enemies":"Exordium Wildlife","floor":13,"turns":5},{"damage":43,"enemies":"The Guardian","floor":16,"turns":8},{"damage":19,"enemies":"3 Byrds","floor":18,"turns":5},{"damage":22,"enemies":"Masked Bandits","floor":19,"turns":5},{"damage":10,"enemies":"Shell Parasite","floor":20,"turns":8},{"damage":41,"enemies":"Slavers","floor":24,"turns":5}],"event_choices":[{"event_name":"Living Wall","player_choice":"Forget","floor":3,"damage_taken":0},{"event_name":"Big Fish","player_choice":"Box","floor":5,"damage_taken":0},{"event_name":"Masked Bandits","player_choice":"Fought over 138 gold","floor":19,"damage_taken":0},{"event_name":"Cursed Tome","player_choice":"Obtained Book","floor":21,"damage_taken":0},{"event_name":"Vampires","player_choice":"Became a vampire","floor":22,"damage_taken":0}],"boss_relics":[{"not_picked":["Runic Pyramid","Mark of Pain"],"picked":"Orrery"}],"potions_floor_spawned":[1,13,16,18,20],"seed_played":"-3828628148512186584","killed_by":"Slavers","ascension_level":0,"is_trial":false}