{"gold_per_floor":[113,113,113,113,4,4,17,17,17,17,36,67,85,85],"floor_reached":14,"playtime":449,"items_purged":["Defend_G"],"score":150,"play_id":"7e1c1c4d-f0b0-4323-9ce5-de2db962426e","local_time":"20181110124859","is_ascension_mode":true,"campfire_choices":[{"floor":6,"key":"REST"},{"data":"Predator","floor":10,"key":"SMITH"}],"neow_cost":"NONE","seed_source_timestamp":3608985618854,"circlet_count":0,"master_deck":["AscendersBane","Defend_G","Defend_G+1","Defend_G","Defend_G","Strike_G","Strike_G","Strike_G+1","Strike_G","Survivor","Neutralize+1","Predator+1","Escape Plan+1","Dagger Spray"],"relics":["Ring of the Snake","Toxic Egg 2","Pen Nib","The Courier"],"potions_floor_usage":[],"damage_taken":[{"damage":5,"enemies":"Jaw Worm","floor":1,"turns":6},{"damage":4,"enemies":"Cultist","floor":7,"turns":3},{"damage":0,"enemies":"Small Slimes","floor":11,"turns":3},{"damage":25,"enemies":"Lagavulin","floor":12,"turns":5},{"damage":3,"enemies":"Blue Slaver","floor":13,"turns":3},{"damage":25,"enemies":"Gremlin Gang","floor":14,"turns":1}],"seed_played":"8065379909966137833","potions_obtained":[{"floor":1,"key":"Weak Potion"},{"floor":12,"key":"SpeedPotion"}],"is_trial":false,"path_per_floor":["M","?","?","T","$","R","M","$","T","R","M","E","M","M"],"character_chosen":"THE_SILENT","items_purchased":["Escape Plan+1"],"campfire_rested":1,"item_purchase_floors":[5],"current_hp_per_floor":[54,41,34,34,34,53,49,49,49,49,49,24,21,0],"gold":85,"neow_bonus":"UPGRADE_CARD","is_prod":false,"is_daily":false,"chose_seed":false,"campfire_upgraded":1,"win_rate":0,"timestamp":1541861339,"path_taken":["M","?","?","?","$","R","?","?","T","R","M","E","?","M"],"build_version":"2018-11-08","purchased_purges":1,"victory":false,"max_hp_per_floor":[66,66,66,66,66,66,66,66,66,66,66,66,66,66],"card_choices":[{"not_picked":["Reflex","Quick Slash"],"picked":"Predator","floor":1},{"not_picked":["Sucker Punch","Poisoned Stab","Bane"],"picked":"SKIP","floor":7},{"not_picked":["PiercingWail+1","Outmaneuver+1"],"picked":"Dagger Spray","floor":11},{"not_picked":["PiercingWail+1","Escape Plan+1","Expertise+1"],"picked":"SKIP","floor":12},{"not_picked":["Poisoned Stab","PiercingWail+1","Dagger Throw"],"picked":"SKIP","floor":13}],"player_experience":877788,"relics_obtained":[{"floor":4,"key":"Toxic Egg 2"},{"floor":9,"key":"Pen Nib"},{"floor":12,"key":"The Courier"}],"event_choices":[{"damage_healed":0,"gold_gain":0,"player_choice":"Entered Light","damage_taken":13,"max_hp_gain":0,"max_hp_loss":0,"event_name":"Shining Light","floor":2,"gold_loss":0,"cards_upgraded":["Defend_G","Strike_G"]},{"cards_removed":["Strike_G"],"damage_healed":0,"gold_gain":0,"player_choice":"Card Removal","damage_taken":7,"max_hp_gain":0,"max_hp_loss":0,"event_name":"Golden Wing","floor":3,"gold_loss":0}],"is_beta":true,"boss_relics":[],"items_purged_floors":[5],"is_endless":false,"potions_floor_spawned":[1,12],"killed_by":"Gremlin Gang","ascension_level":14}