{"gold_per_floor":[112,33,33,33,108,125,125,144,168,168,93,93,108,108,108,211,211,226,226,226,226,212,212,212,228,228,94,15,25,25,36,36,136,136,152,152,166,90,90,90,110,110,110,130,145,145,145,180,180,180],"floor_reached":50,"playtime":1775,"items_purged":["Strike_B","Strike_B"],"score":528,"play_id":"39c0f6b9-043d-4d4f-8d32-17b95399f1c0","local_time":"20180725180743","is_ascension_mode":true,"campfire_choices":[{"data":"1","floor":7,"key":"LIFT"},{"data":"2","floor":12,"key":"LIFT"},{"data":"3","floor":15,"key":"LIFT"},{"data":"Static Discharge","floor":23,"key":"SMITH"},{"floor":30,"key":"REST"},{"floor":32,"key":"REST"},{"data":"Madness","floor":40,"key":"SMITH"},{"data":"Consume","floor":42,"key":"SMITH"},{"data":"Heatsinks","floor":46,"key":"SMITH"},{"data":"Madness","floor":49,"key":"SMITH"}],"neow_cost":"","seed_source_timestamp":24650633107615,"circlet_count":0,"master_deck":["Strike_B+1","Defend_B+1","Defend_B+1","Zap+1","Dualcast+1","Auto Shields+1","Static Discharge+1","Ball Lightning+1","Seek+1","Chaos+1","Gash+1","Defragment+1","Glacier+1","Sweeping Beam+1","Electrodynamics+1","Force Field+1","Compile Driver+1","Heatsinks+1","Madness+1","Madness+1","Consume+1","Gash+1"],"relics":["Cracked Core","Girya","Oddly Smooth Stone","Empty Cage","Spirit Poop","Mummified Hand","Nuclear Battery","Mark of the Bloom","Bottled Lightning","Dodecahedron","DataDisk"],"potions_floor_usage":[22,33],"damage_taken":[{"damage":9,"enemies":"Jaw Worm","floor":1,"turns":3},{"damage":1,"enemies":"2 Louse","floor":6,"turns":2},{"damage":5,"enemies":"Cultist","floor":8,"turns":4},{"damage":8,"enemies":"Large Slime","floor":13,"turns":4},{"damage":23,"enemies":"The Guardian","floor":16,"turns":11},{"damage":13,"enemies":"Spheric Guardian","floor":18,"turns":4},{"damage":20,"enemies":"2 Thieves","floor":22,"turns":4},{"damage":12,"enemies":"Snake Plant","floor":25,"turns":2},{"damage":12,"enemies":"Slaver and Parasite","floor":29,"turns":6},{"damage":22,"enemies":"Cultist and Chosen","floor":31,"turns":4},{"damage":35,"enemies":"Collector","floor":33,"turns":10},{"damage":22,"enemies":"3 Darklings","floor":35,"turns":3},{"damage":0,"enemies":"Flame Bruiser 1 Orb","floor":37,"turns":5},{"damage":3,"enemies":"Sphere and 2 Shapes","floor":41,"turns":3},{"damage":0,"enemies":"3 Darklings","floor":44,"turns":2},{"damage":0,"enemies":"4 Shapes","floor":45,"turns":1},{"damage":25,"enemies":"Giant Head","floor":48,"turns":7},{"damage":19,"enemies":"Awakened One","floor":50,"turns":5}],"seed_played":"287812799351322110","potions_obtained":[{"floor":16,"key":"FairyPotion"},{"floor":18,"key":"SkillPotion"},{"floor":22,"key":"Block Potion"},{"floor":41,"key":"EntropicBrew"},{"floor":44,"key":"Fire Potion"}],"is_trial":false,"path_per_floor":["M","$","?","?","?","M","R","M","T","?","$","R","M","?","R","B",null,"M","?","?","?","M","R","?","M","T","$","$","M","R","M","R","B",null,"M","?","M","$","?","R","M","R","T","M","M","R","T","E","R"],"character_chosen":"DEFECT","items_purchased":["Static Discharge","Defragment","Glacier","Heatsinks"],"campfire_rested":2,"item_purchase_floors":[2,27,28,38],"current_hp_per_floor":[66,66,63,56,45,44,44,39,39,39,39,39,31,56,56,33,75,62,62,62,62,42,42,42,30,30,30,30,18,40,18,40,5,75,53,53,53,53,44,44,41,41,41,41,41,41,41,16,16,0],"gold":180,"neow_bonus":"","is_prod":false,"is_daily":false,"chose_seed":false,"campfire_upgraded":5,"win_rate":0,"timestamp":1532552863,"path_taken":["M","$","?","?","?","M","R","?","T","?","?","R","M","?","R","BOSS","M","?","?","?","M","R","?","M","T","?","$","?","R","M","R","BOSS","M","?","?","?","?","R","M","R","T","?","?","R","?","E","R","BOSS"],"build_version":"2018-07-24","purchased_purges":2,"victory":false,"max_hp_per_floor":[75,75,75,75,75,75,75,75,75,75,75,75,75,75,75,75,75,75,75,75,75,75,75,75,75,75,75,75,75,75,75,75,75,75,75,75,75,75,75,75,75,75,75,75,75,75,75,75,75,75],"card_choices":[{"not_picked":["Compile Driver","BootSequence"],"picked":"Auto Shields","floor":1},{"not_picked":["Go for the Eyes","Auto Shields","Cold Snap"],"picked":"SKIP","floor":6},{"not_picked":["Leap","Heatsinks"],"picked":"Ball Lightning","floor":8},{"not_picked":["Genetic Algorithm","Steam","Stack"],"picked":"SKIP","floor":13},{"not_picked":["Fission","Multi-Cast"],"picked":"Seek","floor":16},{"not_picked":["Stack","Double Energy","Turbo"],"picked":"SKIP","floor":18},{"not_picked":["Leap","Steam Power"],"picked":"Chaos+1","floor":22},{"not_picked":["Sweeping Beam","Compile Driver"],"picked":"Gash","floor":25},{"not_picked":["Steam","Melter+1"],"picked":"Sweeping Beam+1","floor":29},{"not_picked":["Fission","Redo","Darkness+1"],"picked":"SKIP","floor":31},{"not_picked":["Buffer","Rainbow"],"picked":"Electrodynamics","floor":33},{"not_picked":["Loop+1","Recycle+1"],"picked":"Force Field","floor":35},{"not_picked":["Stack+1","Lockon+1"],"picked":"Compile Driver+1","floor":37},{"not_picked":["Steam Power","Turbo"],"picked":"Consume","floor":41},{"not_picked":["Beam Cell+1","Compile Driver","Steam Power"],"picked":"SKIP","floor":44},{"not_picked":["Loop+1","Beam Cell+1"],"picked":"Gash+1","floor":45},{"not_picked":["Aggregate+1","Rebound","Blizzard"],"picked":"SKIP","floor":48}],"player_experience":839110,"relics_obtained":[{"floor":9,"key":"Oddly Smooth Stone"},{"floor":26,"key":"Mummified Hand"},{"floor":43,"key":"Bottled Lightning"},{"floor":47,"key":"Dodecahedron"},{"floor":48,"key":"DataDisk"}],"event_choices":[{"event_name":"Scrap Ooze","player_choice":"success","floor":3,"damage_taken":3},{"event_name":"Golden Wing","player_choice":"Card Removal","floor":4,"damage_taken":0},{"event_name":"World of Goop","player_choice":"Gather Gold","floor":5,"damage_taken":0},{"event_name":"Golden Idol","player_choice":"Ignored","floor":10,"damage_taken":0},{"event_name":"Big Fish","player_choice":"Banana","floor":14,"damage_taken":0},{"event_name":"Wheel of Change","player_choice":"Curse","floor":19,"damage_taken":0},{"event_name":"Bonfire Elementals","player_choice":"CURSE","floor":20,"damage_taken":0},{"event_name":"Drug Dealer","player_choice":"Ignored","floor":21,"damage_taken":0},{"event_name":"The Mausoleum","player_choice":"No","floor":24,"damage_taken":0},{"event_name":"MindBloom","player_choice":"Upgrade","floor":36,"damage_taken":0},{"event_name":"Winding Halls","player_choice":"Embrace Madness","floor":39,"damage_taken":0}],"is_beta":true,"boss_relics":[{"not_picked":["FrozenCore","Fusion Hammer"],"picked":"Empty Cage"},{"not_picked":["Eternal Feather","Pandora\u0027s Box"],"picked":"Nuclear Battery"}],"items_purged_floors":[11,27],"is_endless":false,"potions_floor_spawned":[16,18,22,41,44],"killed_by":"Awakened One","ascension_level":2}