{"gold_per_floor":[116,127,174,194,194,194,205,230,230,254,284,334,334,351,351,451,451,469,469,569,584,601,601,25,50,75,8,8,24,53,73,73,171,171,187,187,187,40,56,110,110,122,148,148,165,165],"floor_reached":46,"playtime":2180,"items_purged":["Strike_G"],"score":542,"play_id":"0e21252c-b915-4348-b44a-404703aa4674","local_time":"20190212124217","is_ascension_mode":true,"campfire_choices":[{"data":"After Image","floor":6.0,"key":"SMITH"},{"floor":13.0,"key":"REST"},{"data":"Deadly Poison","floor":15.0,"key":"SMITH"},{"floor":23,"key":"REST"},{"floor":32,"key":"REST"},{"floor":41,"key":"REST"},{"data":"Catalyst","floor":44,"key":"SMITH"}],"neow_cost":"NONE","seed_source_timestamp":126991902030735,"circlet_count":0,"master_deck":["Defend_G","Defend_G","Defend_G","Defend_G+1","Strike_G","Strike_G+1","Strike_G","Strike_G+1","Survivor","Neutralize","Backflip","Deadly Poison+1","After Image+1","Flying Knee","Blade Dance","Burst","J.A.X.","Noxious Fumes+1","Crippling Poison","Dash+1","Catalyst+1","Calculated Gamble","Skewer+1","A Thousand Cuts","Footwork","Catalyst"],"special_seed":0,"relics":["Ring of the Serpent","Boot","The Specimen","Bottled Lightning","Regal Pillow","Happy Flower","Bag of Preparation","Bottled Tornado","Pantograph","Ice Cream","Smiling Mask","Girya","Busted Crown","Bag of Marbles","Peace Pipe","Whetstone"],"potions_floor_usage":[33,35,35,40,45,46],"damage_taken":[{"damage":3.0,"enemies":"Cultist","floor":1.0,"turns":5.0},{"damage":0.0,"enemies":"2 Louse","floor":2.0,"turns":3.0},{"damage":7.0,"enemies":"Jaw Worm","floor":4.0,"turns":3.0},{"damage":5.0,"enemies":"Looter","floor":7.0,"turns":3.0},{"damage":4.0,"enemies":"3 Sentries","floor":8.0,"turns":15.0},{"damage":23.0,"enemies":"Gremlin Nob","floor":11.0,"turns":5.0},{"damage":13.0,"enemies":"Red Slaver","floor":14.0,"turns":3.0},{"damage":45.0,"enemies":"Slime Boss","floor":16.0,"turns":15.0},{"damage":12.0,"enemies":"3 Byrds","floor":18.0,"turns":4.0},{"damage":26,"enemies":"2 Thieves","floor":21,"turns":4},{"damage":25,"enemies":"3 Cultists","floor":22,"turns":6},{"damage":31,"enemies":"Gremlin Leader","floor":25,"turns":5},{"damage":10,"enemies":"Shelled Parasite and Fungi","floor":29,"turns":5},{"damage":19,"enemies":"Book of Stabbing","floor":30,"turns":4},{"damage":20,"enemies":"Centurion and Healer","floor":31,"turns":5},{"damage":28,"enemies":"Collector","floor":33,"turns":7},{"damage":1,"enemies":"Orb Walker","floor":35,"turns":4},{"damage":26,"enemies":"3 Darklings","floor":39,"turns":6},{"damage":27,"enemies":"2 Orb Walkers","floor":40,"turns":5},{"damage":32,"enemies":"Spire Growth","floor":42,"turns":5},{"damage":22,"enemies":"Jaw Worm Horde","floor":45,"turns":4},{"damage":10,"enemies":"Reptomancer","floor":46,"turns":1}],"seed_played":"6692578675878518760","potions_obtained":[{"floor":7.0,"key":"EssenceOfSteel"},{"floor":8.0,"key":"Fruit Juice"},{"floor":14.0,"key":"Poison Potion"},{"floor":18.0,"key":"GamblersBrew"},{"floor":30,"key":"Poison Potion"},{"floor":31,"key":"Fire Potion"},{"floor":33,"key":"EssenceOfSteel"},{"floor":39,"key":"EssenceOfSteel"},{"floor":42,"key":"Strength Potion"},{"floor":45,"key":"Explosive Potion"}],"is_trial":false,"path_per_floor":["M","M","T","M","?","R","M","E","T","T","E","T","R","M","R","B",null,"M","?","?","M","M","R","$","E","T","$","?","M","E","M","R","B",null,"M","?","?","$","M","?","R","M","T","R","M","E"],"character_chosen":"THE_SILENT","items_purchased":["Bottled Tornado","Pantograph","Catalyst","Bag of Marbles"],"campfire_rested":4,"item_purchase_floors":[24,24,27,38],"current_hp_per_floor":[74,74,74,67,52,52,47,43,48,48,25,25,64,51,51,6,82,70,70,70,44,19,58,58,27,27,27,82,72,53,33,72,54,82,81,78,78,78,52,25,63,31,31,31,9,0],"gold":165,"neow_bonus":"TEN_PERCENT_HP_BONUS","is_prod":false,"is_daily":false,"chose_seed":false,"campfire_upgraded":3,"win_rate":0,"timestamp":1549996937,"path_taken":["M","M","?","M","?","R","M","E","T","?","E","?","R","M","R","BOSS","M","?","?","M","?","R","$","E","T","$","?","?","E","M","R","BOSS","M","?","?","$","M","?","R","M","T","R","?","E"],"build_version":"2019-01-23","purchased_purges":1,"victory":false,"max_hp_per_floor":[77,77,77,77,77,77,77,77,82,82,82,82,82,82,82,82,82,82,82,82,82,82,82,82,82,82,82,82,82,82,82,82,82,82,82,78,78,78,78,78,78,78,78,78,78,78],"card_choices":[{"not_picked":["Dagger Throw","Acrobatics"],"picked":"Backflip","floor":1.0},{"not_picked":["Finisher","Backflip"],"picked":"Deadly Poison","floor":2.0},{"not_picked":["Slice","Crippling Poison"],"picked":"After Image","floor":4.0},{"not_picked":["Dagger Throw","Acrobatics"],"picked":"Flying Knee","floor":7.0},{"not_picked":["Quick Slash","Cloak And Dagger","Prepared"],"picked":"SKIP","floor":8.0},{"not_picked":["Concentrate","Masterful Stab"],"picked":"Blade Dance","floor":11.0},{"not_picked":["Dodge and Roll","PiercingWail","Blade Dance"],"picked":"SKIP","floor":14.0},{"not_picked":["Glass Knife","Bullet Time"],"picked":"Burst","floor":16.0},{"not_picked":["Blade Dance+1","Outmaneuver"],"picked":"Noxious Fumes","floor":18.0},{"not_picked":["Endless Agony","Backflip+1"],"picked":"Noxious Fumes+1","floor":21},{"not_picked":["Dodge and Roll+1","Acrobatics"],"picked":"Crippling Poison","floor":22},{"not_picked":["Slice","Dodge and Roll"],"picked":"Dash+1","floor":25},{"not_picked":["Deflect","Flechettes"],"picked":"Calculated Gamble","floor":29},{"not_picked":["Unload","Grand Finale"],"picked":"Skewer","floor":30},{"not_picked":["All Out Attack+1","Outmaneuver","Flying Knee+1"],"picked":"SKIP","floor":31},{"not_picked":["Storm of Steel","Night Terror"],"picked":"A Thousand Cuts","floor":33},{"not_picked":["Caltrops"],"picked":"SKIP","floor":35},{"not_picked":[],"picked":"Footwork","floor":39},{"not_picked":[],"picked":"Catalyst","floor":42},{"not_picked":["Backstab+1"],"picked":"SKIP","floor":45}],"player_experience":152446,"relics_obtained":[{"floor":3.0,"key":"Boot"},{"floor":8.0,"key":"The Specimen"},{"floor":9.0,"key":"Bottled Lightning"},{"floor":10.0,"key":"Regal Pillow"},{"floor":11.0,"key":"Happy Flower"},{"floor":12.0,"key":"Bag of Preparation"},{"floor":25,"key":"Ice Cream"},{"floor":26,"key":"Smiling Mask"},{"floor":30,"key":"Girya"},{"floor":40,"key":"Peace Pipe"},{"floor":43,"key":"Whetstone"}],"event_choices":[{"damage_healed":0.0,"max_hp_gain":0.0,"max_hp_loss":0.0,"gold_gain":0.0,"event_name":"Shining Light","player_choice":"Entered Light","floor":5.0,"gold_loss":0.0,"damage_taken":15.0,"cards_upgraded":["Strike_G","Defend_G"]},{"damage_healed":0.0,"max_hp_gain":0.0,"max_hp_loss":0.0,"gold_gain":0.0,"event_name":"Drug Dealer","player_choice":"Obtain J.A.X.","floor":19.0,"gold_loss":0.0,"damage_taken":0.0,"cards_obtained":["J.A.X."]},{"damage_healed":0.0,"max_hp_gain":0.0,"max_hp_loss":0.0,"gold_gain":100.0,"event_name":"Golden Shrine","player_choice":"Pray","floor":20.0,"gold_loss":0.0,"damage_taken":0.0},{"cards_removed":["Noxious Fumes"],"damage_healed":55,"gold_gain":0,"player_choice":"Offered Uncommon","damage_taken":0,"max_hp_gain":0,"max_hp_loss":0,"event_name":"Bonfire Elementals","floor":28,"gold_loss":0},{"damage_healed":0,"gold_gain":0,"player_choice":"Max HP","damage_taken":0,"max_hp_gain":0,"max_hp_loss":4,"event_name":"Winding Halls","floor":36,"gold_loss":0},{"cards_removed":["Defend_G"],"damage_healed":0,"gold_gain":0,"player_choice":"Removed Skill","damage_taken":0,"max_hp_gain":0,"max_hp_loss":0,"event_name":"Falling","floor":37,"gold_loss":0},{"damage_healed":0,"gold_gain":0,"player_choice":"Fight","damage_taken":0,"max_hp_gain":0,"max_hp_loss":0,"event_name":"Mysterious Sphere","floor":40,"gold_loss":0}],"is_beta":false,"boss_relics":[{"not_picked":["Black Star","Empty Cage"],"picked":"Ring of the Serpent"},{"not_picked":["Eternal Feather","Velvet Choker"],"picked":"Busted Crown"}],"items_purged_floors":[24],"is_endless":false,"potions_floor_spawned":[7,8,14,18,30,31,33,39,42,45],"killed_by":"Reptomancer","ascension_level":2}