{"gold_per_floor":[110,110,35,35,49,49,80,80,80,80,153,171,171,35,35,130,130,148,19,19,0,14,14,25,25,106,106,120,120],"floor_reached":29,"playtime":1151,"items_purged":["Defend_B","Defend_B","Strike_B"],"score":219,"play_id":"d54a5e92-7f17-4067-8cb2-df86e4baa864","local_time":"20190315103435","is_ascension_mode":false,"campfire_choices":[{"floor":6,"key":"REST"},{"floor":8,"key":"REST"},{"data":"Creative AI","floor":10,"key":"SMITH"},{"floor":13,"key":"REST"},{"data":"White Noise","floor":15,"key":"SMITH"},{"floor":23,"key":"REST"},{"floor":25,"key":"REST"},{"data":"Heatsinks","floor":27,"key":"SMITH"}],"neow_cost":"TEN_PERCENT_HP_LOSS","seed_source_timestamp":159974650874600,"circlet_count":0,"master_deck":["Strike_B+1","Defend_B+1","Defend_B","Zap","Dualcast","Creative AI+1","Rebound","White Noise+1","Redo","Loop","Multi-Cast","Gash+1","Heatsinks+1","Beam Cell","Lockon+1","Go for the Eyes","Static Discharge+1"],"relics":["Cracked Core","StoneCalendar","Pear","The Courier","Sozu","Meat on the Bone"],"potions_floor_usage":[22,22,29],"damage_taken":[{"damage":0,"enemies":"2 Louse","floor":1,"turns":2},{"damage":5,"enemies":"Small Slimes","floor":5,"turns":3},{"damage":32,"enemies":"Lagavulin","floor":7,"turns":6},{"damage":10,"enemies":"Jaw Worm","floor":12,"turns":3},{"damage":69,"enemies":"Hexaghost","floor":16,"turns":9},{"damage":10,"enemies":"Spheric Guardian","floor":18,"turns":3},{"damage":12,"enemies":"3 Byrds","floor":22,"turns":4},{"damage":41,"enemies":"Snake Plant","floor":24,"turns":5},{"damage":41,"enemies":"Centurion and Healer","floor":28,"turns":5},{"damage":32,"enemies":"Shelled Parasite and Fungi","floor":29,"turns":3}],"seed_played":"-6888945014990870100","potions_obtained":[{"floor":5,"key":"Explosive Potion"},{"floor":12,"key":"SteroidPotion"},{"floor":16,"key":"Block Potion"}],"is_trial":false,"path_per_floor":["M","?","$","?","M","R","E","R","T","R","T","M","R","$","R","B",null,"M","$","?","$","M","R","M","R","T","R","M","M"],"character_chosen":"DEFECT","items_purchased":["Loop","Heatsinks","Beam Cell"],"campfire_rested":5,"item_purchase_floors":[14,19,21],"current_hp_per_floor":[68,54,54,54,49,68,36,56,66,66,66,56,78,78,78,9,78,68,68,68,68,56,78,37,60,60,60,31,0],"gold":120,"neow_bonus":"THREE_RARE_CARDS","is_prod":false,"is_daily":false,"chose_seed":false,"campfire_upgraded":3,"win_rate":0.0,"timestamp":1552667675,"path_taken":["M","?","$","?","M","R","E","R","T","R","?","M","R","$","R","BOSS","M","$","?","$","M","R","M","R","T","R","M","M"],"build_version":"2019-01-23","purchased_purges":3,"victory":false,"max_hp_per_floor":[68,68,68,68,68,68,68,68,78,78,78,78,78,78,78,78,78,78,78,78,78,78,78,78,78,78,78,78,78],"card_choices":[{"not_picked":["Seek","Amplify"],"picked":"Creative AI","floor":0},{"not_picked":["Beam Cell","Steam Power","Hologram"],"picked":"SKIP","floor":1},{"not_picked":["Stack","Hologram"],"picked":"Rebound","floor":5},{"not_picked":["Steam","Darkness"],"picked":"White Noise","floor":7},{"not_picked":["Glacier","Melter"],"picked":"Redo","floor":12},{"not_picked":["Rainbow","Seek"],"picked":"Multi-Cast","floor":16},{"not_picked":["Conserve Battery","Double Energy"],"picked":"Gash+1","floor":18},{"not_picked":["Compile Driver","Sunder"],"picked":"Lockon+1","floor":22},{"not_picked":["Cold Snap","Aggregate"],"picked":"Go for the Eyes","floor":24},{"not_picked":["FTL+1","Skim+1"],"picked":"Static Discharge+1","floor":28}],"player_experience":332303,"relics_obtained":[{"floor":7,"key":"StoneCalendar"},{"floor":9,"key":"Pear"},{"floor":11,"key":"The Courier"},{"floor":26,"key":"Meat on the Bone"}],"event_choices":[{"damage_healed":0,"gold_gain":0,"player_choice":"Entered Light","damage_taken":14,"max_hp_gain":0,"max_hp_loss":0,"event_name":"Shining Light","floor":2,"gold_loss":0,"cards_upgraded":["Defend_B","Strike_B"]},{"cards_removed":["Strike_B"],"damage_healed":0,"gold_gain":0,"player_choice":"Forget","damage_taken":0,"max_hp_gain":0,"max_hp_loss":0,"event_name":"Living Wall","floor":4,"gold_loss":0},{"cards_removed":["Strike_B"],"damage_healed":0,"gold_gain":0,"player_choice":"Elegance","damage_taken":0,"max_hp_gain":0,"max_hp_loss":0,"event_name":"Back to Basics","floor":20,"gold_loss":0}],"is_beta":false,"boss_relics":[{"not_picked":["Runic Pyramid","Velvet Choker"],"picked":"Sozu"}],"items_purged_floors":[3,14,19],"is_endless":false,"potions_floor_spawned":[5,12,16,22,24],"killed_by":"Shelled Parasite and Fungi","ascension_level":0}