{"path_per_floor":["M","M","M","?","M","R","M","E","T","?","?","R","M","M","R","B",null,"M","?","T","?","M","R","E","$","T","R","$","M","M","$","R","B",null,"M","M","$","?","M","R","M","R","T","$","M","M","?","T","R","B"],"character_chosen":"IRONCLAD","items_purchased":["Flame Barrier","Ornamental Fan","Dexterity Potion","Dexterity Potion"],"gold_per_floor":[110,120,140,140,153,153,166,191,191,221,221,221,236,251,251,355,355,373,373,373,373,383,383,414,272,272,272,24,37,53,5,5,102,102,121,137,37,37,54,54,66,66,90,41,53,66,66,93,93,93],"floor_reached":51,"campfire_rested":3,"playtime":4838,"current_hp_per_floor":[72,72,72,58,64,64,70,58,58,58,58,58,53,52,52,44,72,47,47,47,47,41,62,42,42,42,42,42,44,46,46,67,72,72,51,55,55,46,27,48,51,51,51,51,59,67,67,67,67,71],"items_purged":["Strike_R","Strike_R"],"gold":93,"score":517,"play_id":"d3c21618-8bbd-469e-83f4-c854401a8723","is_prod":false,"is_daily":false,"is_ascension_mode":true,"campfire_upgraded":6,"path_taken":["M","M","M","?","?","R","M","E","T","?","?","R","?","M","R","BOSS","M","?","?","?","?","R","E","$","T","R","$","?","M","?","R","BOSS","M","M","$","?","?","R","M","R","T","?","M","M","?","?","R","BOSS"],"build_version":"2018-02-15-PROD1","purchased_purges":2,"victory":true,"master_deck":["Defend_R","Defend_R+1","Defend_R+1","Defend_R+1","Bash","Warcry+1","Disarm+1","Bloodletting+1","Armaments+1","Rampage","Barricade+1","Uppercut+1","Armaments+1","Metallicize+1","Reaper","Shrug It Off","Flame Barrier","Ghostly Armor","True Grit+1","Exhume","Spot Weakness+1","Madness+1","Madness","Corruption+1","Headbutt+1"],"max_hp_per_floor":[72,72,72,72,72,72,72,72,72,72,72,72,72,72,72,72,72,72,72,72,72,72,72,72,72,72,72,72,72,72,72,72,72,72,72,72,72,72,72,72,72,72,72,72,72,72,72,72,72,72],"relics":["Burning Blood","Dead Branch","Toolbox","Letter Opener","Astrolabe","Blood Vial","War Paint","Pen Nib","Ornamental Fan","Philosopher\u0027s Stone","Juzu Bracelet","Bag of Marbles"],"card_choices":[{"not_picked":["Sword Boomerang","Sever Soul"],"picked":"Warcry"},{"not_picked":["Heavy Blade","Hemokinesis"],"picked":"Disarm"},{"not_picked":["Twin Strike","Reckless Charge"],"picked":"Bloodletting"},{"not_picked":["Flex","Double Tap"],"picked":"Armaments"},{"not_picked":["Twin Strike","Dropkick"],"picked":"Rampage"},{"not_picked":["Offering","Feed"],"picked":"Barricade"},{"not_picked":["Cleave","Perfected Strike"],"picked":"Shrug It Off"},{"not_picked":["Metallicize","Anger"],"picked":"Ghostly Armor"},{"not_picked":["Perfected Strike","Rampage"],"picked":"True Grit"},{"not_picked":["Offering","Demon Form"],"picked":"Exhume"},{"not_picked":["Armaments","Twin Strike"],"picked":"Spot Weakness"},{"not_picked":["Shrug It Off","True Grit"],"picked":"Corruption"},{"not_picked":["Intimidate","Hemokinesis"],"picked":"Body Slam"},{"not_picked":["Spot Weakness","Clothesline"],"picked":"Headbutt"}],"player_experience":153203,"potions_floor_usage":[7,16,22,24,30,30,35,35,39,50,50],"damage_taken":[{"damage":5,"enemies":"2 Louse","floor":1,"turns":4},{"damage":6,"enemies":"Jaw Worm","floor":2,"turns":4},{"damage":3,"enemies":"Cultist","floor":3,"turns":6},{"damage":0,"enemies":"Blue Slaver","floor":5,"turns":6},{"damage":0,"enemies":"Large Slime","floor":7,"turns":10},{"damage":18,"enemies":"3 Sentries","floor":8,"turns":9},{"damage":11,"enemies":"Gremlin Gang","floor":13,"turns":3},{"damage":7,"enemies":"Blue Slaver","floor":14,"turns":4},{"damage":29,"enemies":"The Guardian","floor":16,"turns":13},{"damage":31,"enemies":"Spheric Guardian","floor":18,"turns":6},{"damage":14,"enemies":"2 Thieves","floor":22,"turns":4},{"damage":43,"enemies":"Gremlin Leader","floor":24,"turns":12},{"damage":6,"enemies":"Sentry and Sphere","floor":29,"turns":17},{"damage":6,"enemies":"Snake Plant","floor":30,"turns":6},{"damage":3,"enemies":"Champ","floor":33,"turns":22},{"damage":45,"enemies":"3 Darklings","floor":35,"turns":13},{"damage":4,"enemies":"Orb Walker","floor":36,"turns":6},{"damage":27,"enemies":"Sphere and 2 Shapes","floor":39,"turns":8},{"damage":5,"enemies":"Maw","floor":41,"turns":12},{"damage":0,"enemies":"3 Darklings","floor":45,"turns":2},{"damage":0,"enemies":"4 Shapes","floor":46,"turns":4},{"damage":31,"enemies":"Time Eater","floor":50,"turns":12}],"event_choices":[{"event_name":"Shining Light","player_choice":"Entered Light","floor":4,"damage_taken":0},{"event_name":"Dead Adventurer","player_choice":"Searched \u00271\u0027 times","floor":10,"damage_taken":0},{"event_name":"The Lab","player_choice":"Got Potions","floor":11,"damage_taken":0},{"event_name":"Match and Keep!","player_choice":"1 cards matched","floor":19,"damage_taken":0},{"event_name":"Vampires","player_choice":"Ignored","floor":21,"damage_taken":0},{"event_name":"Winding Halls","player_choice":"Embrace Madness","floor":38,"damage_taken":0}],"boss_relics":[{"not_picked":["Pandora\u0027s Box","White Beast Statue"],"picked":"Astrolabe"},{"not_picked":["Orrery","Calling Bell"],"picked":"Philosopher\u0027s Stone"}],"potions_floor_spawned":[2,5,7,13,16,18,22,30,33,41,45,46],"seed_played":"3427478180366416917","ascension_level":1,"is_trial":false}