{"gold_per_floor":[115,133,233,243,255,255,286,286,334,334,346,381,393,419,419,515,515,531,531,12,29,29,29,62,62,62,77,9,23,51,51,51,151,151,165,217,38,52,63,63,144,154,201,201,76,76,108,120,120,120,120,120,71,103,103],"floor_reached":55,"playtime":2684,"items_purged":["Strike_B","Shame","Strike_B+1"],"score":740,"play_id":"0a1a1380-c657-4c1d-b9cb-7d1ff456e6f1","local_time":"20190213195251","is_ascension_mode":true,"campfire_choices":[{"data":"Go for the Eyes","floor":6,"key":"SMITH"},{"data":"Streamline","floor":8,"key":"SMITH"},{"data":"Zap","floor":10,"key":"SMITH"},{"floor":15,"key":"REST"},{"data":"Echo Form","floor":25,"key":"SMITH"},{"floor":32,"key":"REST"},{"floor":40,"key":"RECALL"},{"floor":44,"key":"REST"},{"floor":49,"key":"REST"},{"floor":52,"key":"REST"}],"neow_cost":"NONE","seed_source_timestamp":30278384594515,"circlet_count":0,"master_deck":["Defend_B","Defend_B","Defend_B","Defend_B","Dualcast","Tempest","Streamline+1","Hologram","Go for the Eyes+1","Sweeping Beam","Ball Lightning+1","Conserve Battery","Seek","Electrodynamics","Ball Lightning","Echo Form+1","Double Energy+1","Hologram+1","Coolheaded+1","Skim+1","Capacitor","Double Energy+1","Conserve Battery+1","Seek+1","Steam+1","Defragment","Leap+1","Conserve Battery+1","Hologram+1","Barrage"],"relics":["Cracked Core","Bottled Flame","Centennial Puzzle","Bag of Preparation","Symbiotic Virus","Eternal Feather","Toxic Egg 2","Bag of Marbles","Art of War","Whetstone","Singing Bowl","Bottled Tornado","Regal Pillow","Fusion Hammer","Girya","Question Card","Pen Nib","Dodecahedron"],"potions_floor_usage":[7,11,14,14,33,42,50],"damage_taken":[{"damage":2,"enemies":"Small Slimes","floor":1,"turns":3},{"damage":0,"enemies":"Cultist","floor":2,"turns":3},{"damage":8,"enemies":"Jaw Worm","floor":4,"turns":3},{"damage":0,"enemies":"Exordium Wildlife","floor":5,"turns":2},{"damage":12,"enemies":"Gremlin Nob","floor":7,"turns":3},{"damage":9,"enemies":"Gremlin Gang","floor":11,"turns":2},{"damage":19,"enemies":"3 Sentries","floor":12,"turns":5},{"damage":16,"enemies":"Large Slime","floor":13,"turns":2},{"damage":3,"enemies":"Lagavulin","floor":14,"turns":3},{"damage":16,"enemies":"Hexaghost","floor":16,"turns":7},{"damage":5,"enemies":"3 Byrds","floor":18,"turns":2},{"damage":5,"enemies":"Spheric Guardian","floor":21,"turns":3},{"damage":29,"enemies":"Book of Stabbing","floor":24,"turns":4},{"damage":10,"enemies":"Centurion and Healer","floor":27,"turns":3},{"damage":5,"enemies":"Chosen and Byrds","floor":29,"turns":3},{"damage":13,"enemies":"Gremlin Leader","floor":30,"turns":2},{"damage":14,"enemies":"Automaton","floor":33,"turns":6},{"damage":0,"enemies":"Orb Walker","floor":35,"turns":1},{"damage":25,"enemies":"2 Orb Walkers","floor":36,"turns":3},{"damage":7,"enemies":"3 Shapes","floor":38,"turns":2},{"damage":0,"enemies":"Jaw Worm Horde","floor":39,"turns":1},{"damage":18,"enemies":"Writhing Mass","floor":42,"turns":5},{"damage":39,"enemies":"Giant Head","floor":47,"turns":12},{"damage":8,"enemies":"3 Darklings","floor":48,"turns":2},{"damage":63,"enemies":"Awakened One","floor":50,"turns":16},{"damage":35,"enemies":"Shield and Spear","floor":54,"turns":4},{"damage":84,"enemies":"The Heart","floor":55,"turns":3}],"seed_played":"7824370329055327374","potions_obtained":[{"floor":1,"key":"Swift Potion"},{"floor":2,"key":"AttackPotion"},{"floor":4,"key":"Explosive Potion"},{"floor":13,"key":"Fire Potion"},{"floor":24,"key":"PowerPotion"},{"floor":29,"key":"Poison Potion"},{"floor":30,"key":"GamblersBrew"},{"floor":36,"key":"Ancient Potion"},{"floor":42,"key":"Fruit Juice"}],"is_trial":false,"path_per_floor":["M","M","?","M","M","R","E","R","T","R","M","E","M","E","R","B",null,"M","?","$","M","?","$","E","R","T","M","$","M","E","?","R","B",null,"M","?","$","M","M","R","T","M","T","R","$","?","E","M","R","B",null,"R","$","E","B"],"character_chosen":"DEFECT","items_purchased":["Echo Form","Double Energy+1","Bag of Marbles","Art of War","Capacitor","Defragment","Barrage"],"campfire_rested":5,"item_purchase_floors":[20,20,20,20,28,37,53],"current_hp_per_floor":[73,73,73,65,65,65,53,53,53,53,44,25,9,6,28,12,75,70,70,70,65,65,65,36,48,48,38,38,33,20,20,72,58,75,75,52,52,47,47,62,62,49,49,84,84,84,47,39,86,23,86,86,86,53,0],"gold":103,"neow_bonus":"REMOVE_CARD","is_prod":false,"is_daily":false,"chose_seed":false,"campfire_upgraded":4,"win_rate":0,"timestamp":1550109171,"path_taken":["M","M","?","M","M","R","E","R","T","R","M","E","M","E","R","BOSS","M","?","$","M","?","?","E","R","T","M","$","?","E","?","R","BOSS","M","?","$","M","M","R","?","M","T","R","?","?","E","M","R","BOSS","R","$","E","BOSS"],"build_version":"2019-01-23","purchased_purges":3,"victory":false,"max_hp_per_floor":[75,75,75,75,75,75,75,75,75,75,75,75,75,75,75,75,75,75,75,75,75,75,75,75,75,75,75,75,75,75,75,75,75,75,75,77,77,79,79,79,79,84,84,84,84,84,86,86,86,86,86,86,86,88,88],"card_choices":[{"not_picked":["Rip and Tear","Steam Power"],"picked":"Tempest","floor":1},{"not_picked":["Self Repair","Steam"],"picked":"Streamline","floor":2},{"not_picked":["Darkness","Leap"],"picked":"Hologram","floor":4},{"not_picked":["Turbo","Reprogram"],"picked":"Go for the Eyes","floor":5},{"not_picked":["Conserve Battery","Static Discharge","Go for the Eyes"],"picked":"SKIP","floor":7},{"not_picked":["Tempest","BootSequence"],"picked":"Sweeping Beam","floor":11},{"not_picked":["Barrage","Sweeping Beam"],"picked":"Ball Lightning","floor":12},{"not_picked":["Redo","Echo Form"],"picked":"Conserve Battery","floor":13},{"not_picked":["Capacitor","Streamline"],"picked":"Seek","floor":14},{"not_picked":["Thunder Strike","Rainbow"],"picked":"Electrodynamics","floor":16},{"not_picked":["Blizzard","Lockon"],"picked":"Ball Lightning","floor":18},{"not_picked":["Sweeping Beam","Melter+1"],"picked":"Hologram+1","floor":21},{"not_picked":["Go for the Eyes","Compile Driver"],"picked":"Coolheaded+1","floor":24},{"not_picked":["Barrage","Static Discharge"],"picked":"Skim+1","floor":27},{"not_picked":["Sunder","Hello World"],"picked":"Double Energy+1","floor":29},{"not_picked":["Redo+1","Reprogram+1"],"picked":"Conserve Battery+1","floor":30},{"not_picked":["Multi-Cast+1","Echo Form"],"picked":"Seek+1","floor":33},{"not_picked":["Ball Lightning","Compile Driver"],"picked":"Steam+1","floor":35},{"not_picked":["Barrage+1","Stack+1","Go for the Eyes"],"picked":"Singing Bowl","floor":36},{"not_picked":["Auto Shields+1","Turbo+1","Stack+1"],"picked":"Singing Bowl","floor":38},{"not_picked":["Turbo+1","Ball Lightning"],"picked":"Leap+1","floor":39},{"not_picked":["Streamline","Go for the Eyes+1","Beam Cell+1"],"picked":"Conserve Battery+1","floor":42},{"not_picked":["Stack+1","Reprogram+1","Hyperbeam","Barrage+1"],"picked":"Singing Bowl","floor":47},{"not_picked":["Rebound","Sweeping Beam","Chaos+1"],"picked":"Hologram+1","floor":48},{"not_picked":["Streamline","Glacier+1","Genetic Algorithm+1","Go for the Eyes"],"picked":"Singing Bowl","floor":54}],"player_experience":161538,"relics_obtained":[{"floor":7,"key":"Bottled Flame"},{"floor":9,"key":"Centennial Puzzle"},{"floor":12,"key":"Bag of Preparation"},{"floor":14,"key":"Symbiotic Virus"},{"floor":24,"key":"Whetstone"},{"floor":26,"key":"Singing Bowl"},{"floor":30,"key":"Bottled Tornado"},{"floor":36,"key":"Girya"},{"floor":41,"key":"Question Card"},{"floor":47,"key":"Pen Nib"},{"floor":54,"key":"Dodecahedron"}],"event_choices":[{"damage_healed":0,"gold_gain":100,"player_choice":"Gold","damage_taken":0,"max_hp_gain":0,"max_hp_loss":0,"event_name":"Wheel of Change","floor":3,"gold_loss":0},{"damage_healed":0,"gold_gain":0,"player_choice":"Opened","damage_taken":0,"relics_obtained":["Toxic Egg 2"],"max_hp_gain":0,"max_hp_loss":0,"event_name":"The Mausoleum","floor":19,"gold_loss":0},{"cards_removed":["Strike_B"],"damage_healed":0,"gold_gain":0,"player_choice":"Elegance","damage_taken":0,"max_hp_gain":0,"max_hp_loss":0,"event_name":"Back to Basics","floor":22,"gold_loss":0},{"damage_healed":0,"gold_gain":0,"player_choice":"Stole Relic","damage_taken":0,"relics_obtained":["Regal Pillow"],"max_hp_gain":0,"max_hp_loss":0,"event_name":"Addict","floor":31,"gold_loss":0,"cards_obtained":["Shame"]},{"damage_healed":0,"gold_gain":0,"player_choice":"Fight","damage_taken":0,"max_hp_gain":0,"max_hp_loss":0,"event_name":"Mysterious Sphere","floor":36,"gold_loss":0},{"cards_removed":["Zap"],"damage_healed":0,"gold_gain":0,"player_choice":"Removed Skill","damage_taken":0,"max_hp_gain":0,"max_hp_loss":0,"event_name":"Falling","floor":46,"gold_loss":0}],"is_beta":false,"boss_relics":[{"not_picked":["Tiny House","Pandora\u0027s Box"],"picked":"Eternal Feather"},{"not_picked":["Coffee Dripper","Philosopher\u0027s Stone"],"picked":"Fusion Hammer"}],"items_purged_floors":[20,37,45],"is_endless":false,"potions_floor_spawned":[1,2,4,7,13,24,29,30,36,39,42],"killed_by":"The Heart","ascension_level":1}