{"gold_per_floor":[116,191,211,44,55,82,82,116,116,127,127,127,127,137,137,233,233,233,233,173,33,33,33,33,33,33,33,33,33,33,33,33,33,33,33,33,33,33,33,33,33,33,33,33,33,33,33,33,33,33],"floor_reached":50,"playtime":4864,"items_purged":["Regret","Defend_G"],"score":738,"play_id":"219e9c47-04a6-474f-b133-03e88b7b3134","local_time":"20190216152317","is_ascension_mode":true,"campfire_choices":[{"floor":7.0,"key":"REST"},{"data":"Envenom","floor":12.0,"key":"SMITH"},{"floor":15.0,"key":"REST"},{"floor":24.0,"key":"REST"},{"floor":30.0,"key":"REST"},{"floor":32.0,"key":"REST"},{"floor":41,"key":"REST"},{"floor":44,"key":"REST"},{"floor":49,"key":"RECALL"}],"neow_cost":"CURSE","seed_source_timestamp":0,"circlet_count":0,"master_deck":["Defend_G","Defend_G","Defend_G","Strike_G","Strike_G","Strike_G","Strike_G","Survivor","Neutralize","Envenom+1","Backflip","Noxious Fumes","Cloak And Dagger","Well Laid Plans","Bouncing Flask","Poisoned Stab","Leg Sweep","Footwork+1","Catalyst","After Image+1","Backflip","Backstab","Dash","Escape Plan","Catalyst","Tools of the Trade+1","Reflex","Backflip","Infinite Blades+1","Envenom+1","Poisoned Stab+1","Terror","Deadly Poison+1","Escape Plan+1","Prepared+1"],"special_seed":0,"relics":["Ring of the Snake","Vajra","Frozen Egg 2","Pear","Ectoplasm","Juzu Bracelet","Bottled Flame","Snake Skull","Potion Belt","Busted Crown","Ancient Tea Set","Mummified Hand","Blood Vial","Omamori"],"potions_floor_usage":[39,42,50,50],"damage_taken":[{"damage":2.0,"enemies":"2 Louse","floor":1.0,"turns":4.0},{"damage":13.0,"enemies":"Jaw Worm","floor":3.0,"turns":8.0},{"damage":1.0,"enemies":"Cultist","floor":5.0,"turns":4.0},{"damage":33.0,"enemies":"Gremlin Nob","floor":6.0,"turns":5.0},{"damage":23.0,"enemies":"Lagavulin","floor":8.0,"turns":6.0},{"damage":7.0,"enemies":"Lots of Slimes","floor":10.0,"turns":5.0},{"damage":2.0,"enemies":"3 Louse","floor":14.0,"turns":5.0},{"damage":15.0,"enemies":"The Guardian","floor":16.0,"turns":9.0},{"damage":4.0,"enemies":"Shell Parasite","floor":18.0,"turns":7.0},{"damage":9.0,"enemies":"2 Thieves","floor":20.0,"turns":4.0},{"damage":36.0,"enemies":"Gremlin Leader","floor":23.0,"turns":10.0},{"damage":6.0,"enemies":"3 Cultists","floor":25.0,"turns":6.0},{"damage":19.0,"enemies":"Slavers","floor":27.0,"turns":7.0},{"damage":1.0,"enemies":"Snake Plant","floor":29.0,"turns":4.0},{"damage":27.0,"enemies":"Gremlin Leader","floor":31.0,"turns":7.0},{"damage":5.0,"enemies":"Champ","floor":33.0,"turns":7.0},{"damage":4.0,"enemies":"3 Darklings","floor":35.0,"turns":6.0},{"damage":15,"enemies":"3 Shapes","floor":37,"turns":4},{"damage":29,"enemies":"Spire Growth","floor":38,"turns":5},{"damage":13,"enemies":"3 Darklings","floor":39,"turns":5},{"damage":1,"enemies":"Nemesis","floor":40,"turns":5},{"damage":13,"enemies":"Sphere and 2 Shapes","floor":42,"turns":6},{"damage":0,"enemies":"Giant Head","floor":45,"turns":5},{"damage":47,"enemies":"Reptomancer","floor":47,"turns":6},{"damage":29,"enemies":"Awakened One","floor":50,"turns":10}],"seed_played":"7248811585103604797","potions_obtained":[{"floor":3.0,"key":"SpeedPotion"},{"floor":6.0,"key":"GamblersBrew"},{"floor":10.0,"key":"AttackPotion"},{"floor":18.0,"key":"Strength Potion"},{"floor":20.0,"key":"Poison Potion"},{"floor":23.0,"key":"SpeedPotion"},{"floor":33.0,"key":"SkillPotion"},{"floor":35,"key":"Energy Potion"},{"floor":38,"key":"AttackPotion"},{"floor":40,"key":"Dexterity Potion"}],"is_trial":false,"path_per_floor":["M","?","M","$","M","E","R","E","T","M","?","R","?","M","R","B",null,"M","?","M","$","T","E","R","M","T","E","?","M","R","E","R","B",null,"M","?","M","M","M","E","R","M","T","R","E","?","E","?","R","B"],"character_chosen":"THE_SILENT","items_purchased":["Cloak And Dagger","Well Laid Plans","Dash"],"campfire_rested":7,"item_purchase_floors":[4,4,21],"current_hp_per_floor":[68,57,44,44,43,10,31,8,18,11,31,31,24,22,45,30,77,73,66,57,57,57,21,44,38,38,19,19,18,41,14,37,32,77,73,73,58,29,16,15,38,25,25,48,48,67,22,22,22,0],"gold":33,"neow_bonus":"THREE_RARE_CARDS","is_prod":false,"is_daily":false,"chose_seed":false,"campfire_upgraded":1,"win_rate":0,"timestamp":1550348597,"path_taken":["M","?","M","$","M","E","R","E","T","M","?","R","?","M","R","BOSS","M","?","?","$","?","E","R","M","T","E","?","M","R","E","R","BOSS","M","?","M","M","M","E","R","M","T","R","E","?","E","?","R","BOSS"],"build_version":"2019-01-23","purchased_purges":2,"victory":false,"max_hp_per_floor":[70,70,70,70,70,70,70,70,80,80,80,80,77,77,77,77,77,77,77,77,77,77,77,77,77,77,77,77,77,77,77,77,77,77,77,77,77,77,77,77,77,77,77,77,77,77,77,77,77,77],"card_choices":[{"not_picked":["Corpse Explosion","Unload"],"picked":"Envenom","floor":0.0},{"not_picked":["Leg Sweep","Prepared"],"picked":"Backflip","floor":1.0},{"not_picked":["Endless Agony","PiercingWail"],"picked":"Noxious Fumes","floor":3.0},{"not_picked":["Dagger Throw","Outmaneuver"],"picked":"Bouncing Flask","floor":5.0},{"not_picked":["PiercingWail","Skewer"],"picked":"Poisoned Stab","floor":6.0},{"not_picked":["Terror","Flying Knee"],"picked":"Leg Sweep","floor":8.0},{"not_picked":["Leg Sweep","Sucker Punch"],"picked":"Footwork+1","floor":10.0},{"not_picked":["Cloak And Dagger","Infinite Blades+1"],"picked":"Catalyst","floor":14.0},{"not_picked":["Corpse Explosion","Tools of the Trade+1"],"picked":"After Image+1","floor":16.0},{"not_picked":["Poisoned Stab","Accuracy+1"],"picked":"Backflip","floor":18.0},{"not_picked":["Deadly Poison","Predator"],"picked":"Backstab","floor":20.0},{"not_picked":["Outmaneuver","Deadly Poison+1"],"picked":"Escape Plan","floor":23.0},{"not_picked":["Slice","Dodge and Roll"],"picked":"Catalyst","floor":25.0},{"not_picked":["Blade Dance+1","Sucker Punch"],"picked":"Tools of the Trade+1","floor":27.0},{"not_picked":["Finisher","Tactician","Dodge and Roll"],"picked":"SKIP","floor":29.0},{"not_picked":["Heel Hook+1","Quick Slash"],"picked":"Infinite Blades+1","floor":31.0},{"not_picked":["Adrenaline","Die Die Die"],"picked":"Envenom+1","floor":33.0},{"not_picked":[],"picked":"Poisoned Stab+1","floor":35},{"not_picked":[],"picked":"Terror","floor":37},{"not_picked":[],"picked":"Deadly Poison+1","floor":38},{"not_picked":["Sucker Punch+1"],"picked":"SKIP","floor":39},{"not_picked":["Outmaneuver"],"picked":"SKIP","floor":40},{"not_picked":[],"picked":"Escape Plan+1","floor":42},{"not_picked":[],"picked":"Prepared+1","floor":45},{"not_picked":["Heel Hook"],"picked":"SKIP","floor":47}],"player_experience":119182,"relics_obtained":[{"floor":6.0,"key":"Vajra"},{"floor":8.0,"key":"Frozen Egg 2"},{"floor":9.0,"key":"Pear"},{"floor":23.0,"key":"Juzu Bracelet"},{"floor":26.0,"key":"Bottled Flame"},{"floor":27.0,"key":"Snake Skull"},{"floor":31.0,"key":"Potion Belt"},{"floor":40,"key":"Ancient Tea Set"},{"floor":43,"key":"Mummified Hand"},{"floor":45,"key":"Blood Vial"},{"floor":47,"key":"Omamori"}],"event_choices":[{"damage_healed":0.0,"max_hp_gain":0.0,"max_hp_loss":0.0,"gold_gain":75.0,"event_name":"World of Goop","player_choice":"Gather Gold","floor":2.0,"gold_loss":0.0,"damage_taken":11.0},{"damage_healed":20.0,"max_hp_gain":0.0,"max_hp_loss":0.0,"gold_gain":0.0,"event_name":"Mushrooms","player_choice":"Healed and dodged fight","floor":11.0,"gold_loss":0.0,"damage_taken":0.0,"cards_obtained":["Parasite"]},{"cards_removed":["Parasite"],"damage_healed":0.0,"max_hp_gain":0.0,"max_hp_loss":0.0,"gold_gain":0.0,"event_name":"Golden Wing","player_choice":"Card Removal","floor":13.0,"gold_loss":0.0,"damage_taken":7.0},{"damage_healed":0.0,"max_hp_gain":0.0,"max_hp_loss":0.0,"gold_gain":0.0,"event_name":"Knowing Skull","player_choice":"","floor":19.0,"potions_obtained":[],"gold_loss":0.0,"damage_taken":7.0,"cards_obtained":[]},{"damage_healed":0.0,"max_hp_gain":0.0,"max_hp_loss":0.0,"gold_gain":0.0,"cards_transformed":["Defend_G","Strike_G"],"event_name":"Drug Dealer","player_choice":"Became Test Subject","floor":28.0,"gold_loss":0.0,"damage_taken":0.0,"cards_obtained":["Reflex","Backflip"]},{"damage_healed":0,"gold_gain":100,"player_choice":"Pray","damage_taken":0,"max_hp_gain":0,"max_hp_loss":0,"event_name":"Golden Shrine","floor":36,"gold_loss":0},{"damage_healed":19,"gold_gain":0,"player_choice":"Writhe","damage_taken":0,"max_hp_gain":0,"max_hp_loss":0,"event_name":"Winding Halls","floor":46,"gold_loss":0,"cards_obtained":["Writhe"]},{"cards_removed":["Writhe"],"damage_healed":0,"gold_gain":0,"player_choice":"Removed Curses","damage_taken":0,"max_hp_gain":0,"max_hp_loss":0,"event_name":"Fountain of Cleansing","floor":48,"gold_loss":0}],"is_beta":false,"boss_relics":[{"not_picked":["Runic Pyramid","Orrery"],"picked":"Ectoplasm"},{"not_picked":["Calling Bell","Snecko Eye"],"picked":"Busted Crown"}],"items_purged_floors":[4,21],"is_endless":false,"potions_floor_spawned":[3,6,10,18,20,23,33,35,38,40],"killed_by":"Awakened One","ascension_level":2}