{"gold_per_floor":[114,214,228,153,163,163,192,204,204,204,234,234,199,215,215,316,316,332,343,0,11,25,25,124,124,151,151,167,167,167,180,180,275,275,295,309,309,309,309,309,327,121,121,133,144,162,176,193,193,193],"floor_reached":51,"playtime":2310,"items_purged":["Strike_B","Strike_B","Defend_B"],"score":992,"play_id":"b960d0ae-298b-4b31-8d0a-89e145525bef","local_time":"20190314175537","is_ascension_mode":true,"campfire_choices":[{"data":"Defragment","floor":6,"key":"SMITH"},{"data":"Zap","floor":10,"key":"SMITH"},{"data":"Dualcast","floor":15,"key":"SMITH"},{"data":"Biased Cognition","floor":23,"key":"SMITH"},{"data":"Blind","floor":27,"key":"SMITH"},{"data":"Coolheaded","floor":30,"key":"SMITH"},{"floor":32,"key":"REST"},{"data":"Amplify","floor":40,"key":"SMITH"},{"data":"Discovery","floor":49,"key":"SMITH"}],"neow_cost":"NONE","seed_source_timestamp":107380317724390,"circlet_count":0,"master_deck":["AscendersBane","Defend_B","Zap+1","Dualcast+1","Blind+1","Ball Lightning","Defragment+1","Compile Driver","Coolheaded+1","Conserve Battery","Biased Cognition+1","Ball Lightning","Glacier","Leap","Defragment+1","Amplify+1","Reboot+1","Coolheaded+1","Buffer+1","Discovery+1","Capacitor+1","Defragment+1"],"relics":["Cracked Core","Bag of Marbles","Vajra","Sozu","Cables","Frozen Egg 2","Anchor","Ornamental Fan","Astrolabe","Calipers"],"potions_floor_usage":[16,16],"damage_taken":[{"damage":11,"enemies":"2 Louse","floor":1,"turns":3},{"damage":6,"enemies":"Cultist","floor":3,"turns":3},{"damage":0,"enemies":"Small Slimes","floor":5,"turns":3},{"damage":20,"enemies":"Lagavulin","floor":7,"turns":6},{"damage":1,"enemies":"2 Fungi Beasts","floor":8,"turns":3},{"damage":0,"enemies":"Large Slime","floor":14,"turns":3},{"damage":14,"enemies":"Hexaghost","floor":16,"turns":9},{"damage":8,"enemies":"3 Byrds","floor":18,"turns":4},{"damage":1,"enemies":"Shell Parasite","floor":19,"turns":4},{"damage":0,"enemies":"3 Cultists","floor":21,"turns":5},{"damage":2,"enemies":"Snecko","floor":22,"turns":7},{"damage":0,"enemies":"Sentry and Sphere","floor":28,"turns":3},{"damage":0,"enemies":"Chosen and Byrds","floor":31,"turns":5},{"damage":25,"enemies":"Collector","floor":33,"turns":10},{"damage":0,"enemies":"3 Shapes","floor":35,"turns":5},{"damage":0,"enemies":"3 Darklings","floor":36,"turns":5},{"damage":0,"enemies":"Maw","floor":41,"turns":7},{"damage":0,"enemies":"Sphere and 2 Shapes","floor":44,"turns":4},{"damage":0,"enemies":"3 Darklings","floor":45,"turns":4},{"damage":0,"enemies":"Jaw Worm Horde","floor":46,"turns":4},{"damage":0,"enemies":"Transient","floor":47,"turns":5},{"damage":0,"enemies":"Spire Growth","floor":48,"turns":6},{"damage":7,"enemies":"Time Eater","floor":50,"turns":9}],"seed_played":"-5477096107834771122","potions_obtained":[{"floor":7,"key":"SkillPotion"},{"floor":8,"key":"Fire Potion"}],"is_trial":false,"path_per_floor":["M","?","M","$","M","R","E","M","T","R","?","?","?","M","R","B",null,"M","M","$","M","M","R","?","?","T","R","M","T","R","M","R","B",null,"M","M","?","?","?","R","M","$","T","M","M","M","M","M","R","B",null],"character_chosen":"DEFECT","items_purchased":["Cables","Discovery"],"campfire_rested":1,"item_purchase_floors":[20,42],"current_hp_per_floor":[57,57,51,51,51,51,31,30,30,30,30,30,48,48,48,34,65,57,56,56,56,54,54,54,54,54,54,54,54,54,54,75,50,69,69,69,69,69,69,69,69,69,69,69,69,69,69,69,69,62],"gold":193,"neow_bonus":"RANDOM_COLORLESS","is_prod":false,"is_daily":false,"chose_seed":false,"campfire_upgraded":8,"win_rate":0,"timestamp":1552611337,"path_taken":["M","?","?","$","M","R","E","M","T","R","?","?","?","M","R","BOSS","M","M","$","M","M","R","?","?","T","R","M","?","R","M","R","BOSS","M","M","?","?","?","R","M","?","T","?","M","M","M","M","R","BOSS"],"build_version":"2019-01-23","purchased_purges":3,"victory":true,"max_hp_per_floor":[75,75,75,75,75,75,75,75,75,75,75,75,75,75,75,75,75,75,75,75,75,75,75,75,75,75,75,75,75,75,75,75,75,75,75,75,75,71,71,71,71,71,71,71,71,71,71,71,71,71],"card_choices":[{"not_picked":["Rebound","Doom and Gloom"],"picked":"Ball Lightning","floor":1},{"not_picked":["Steam","Undo"],"picked":"Defragment","floor":3},{"not_picked":["Gash","FTL"],"picked":"Compile Driver","floor":5},{"not_picked":["Heatsinks","Steam"],"picked":"Coolheaded","floor":7},{"not_picked":["Storm","Hologram"],"picked":"Conserve Battery","floor":8},{"not_picked":["Fusion","Reprogram","Redo"],"picked":"SKIP","floor":14},{"not_picked":["Amplify","Hyperbeam"],"picked":"Biased Cognition","floor":16},{"not_picked":["Double Energy","Beam Cell"],"picked":"Ball Lightning","floor":18},{"not_picked":["Conserve Battery","Hologram"],"picked":"Glacier","floor":19},{"not_picked":["Hyperbeam","Redo"],"picked":"Leap","floor":21},{"not_picked":["Redo","Conserve Battery"],"picked":"Defragment+1","floor":22},{"not_picked":["Coolheaded","Consume","BootSequence+1"],"picked":"SKIP","floor":28},{"not_picked":["Reprogram","Coolheaded","Stack"],"picked":"SKIP","floor":31},{"not_picked":["Meteor Strike","All For One"],"picked":"Amplify","floor":33},{"not_picked":["Hologram+1","Chaos+1","Rebound"],"picked":"SKIP","floor":35},{"not_picked":["Reprogram+1","Streamline+1","Leap"],"picked":"SKIP","floor":36},{"not_picked":["Chill+1","Steam","Coolheaded+1"],"picked":"SKIP","floor":41},{"not_picked":["Stack+1","Rebound+1","Ball Lightning"],"picked":"SKIP","floor":44},{"not_picked":["Steam+1","Sweeping Beam+1"],"picked":"Capacitor+1","floor":45},{"not_picked":["Melter","Rebound","Gash"],"picked":"SKIP","floor":46},{"not_picked":["Cold Snap","Thunder Strike"],"picked":"Defragment+1","floor":47},{"not_picked":["Chill+1","Genetic Algorithm+1","Gash"],"picked":"SKIP","floor":48}],"player_experience":448772,"relics_obtained":[{"floor":7,"key":"Bag of Marbles"},{"floor":9,"key":"Vajra"},{"floor":26,"key":"Anchor"},{"floor":29,"key":"Ornamental Fan"},{"floor":43,"key":"Calipers"}],"event_choices":[{"damage_healed":0,"gold_gain":100,"player_choice":"Pray","damage_taken":0,"max_hp_gain":0,"max_hp_loss":0,"event_name":"Golden Shrine","floor":2,"gold_loss":0},{"damage_healed":0,"gold_gain":30,"player_choice":"Searched \u00271\u0027 times","damage_taken":0,"max_hp_gain":0,"max_hp_loss":0,"event_name":"Dead Adventurer","floor":11,"gold_loss":0},{"damage_healed":0,"gold_gain":0,"player_choice":"Ignored","damage_taken":0,"max_hp_gain":0,"max_hp_loss":0,"event_name":"Golden Idol","floor":12,"gold_loss":0},{"damage_healed":18,"gold_gain":0,"player_choice":"Healed","damage_taken":0,"max_hp_gain":0,"max_hp_loss":0,"event_name":"The Cleric","floor":13,"gold_loss":35},{"damage_healed":0,"gold_gain":99,"player_choice":"Stole From Cult","damage_taken":0,"max_hp_gain":0,"max_hp_loss":0,"event_name":"Nest","floor":24,"gold_loss":0},{"damage_healed":0,"gold_gain":0,"player_choice":"Opened","damage_taken":0,"relics_obtained":["Frozen Egg 2"],"max_hp_gain":0,"max_hp_loss":0,"event_name":"The Mausoleum","floor":25,"gold_loss":0},{"damage_healed":0,"gold_gain":0,"player_choice":"Ignored","damage_taken":0,"max_hp_gain":0,"max_hp_loss":0,"event_name":"Mysterious Sphere","floor":37,"gold_loss":0},{"damage_healed":0,"gold_gain":0,"player_choice":"Max HP","damage_taken":0,"max_hp_gain":0,"max_hp_loss":4,"event_name":"Winding Halls","floor":38,"gold_loss":0},{"cards_removed":["Defend_B"],"damage_healed":0,"gold_gain":0,"player_choice":"Removed Skill","damage_taken":0,"max_hp_gain":0,"max_hp_loss":0,"event_name":"Falling","floor":39,"gold_loss":0}],"is_beta":false,"boss_relics":[{"not_picked":["Fusion Hammer","Empty Cage"],"picked":"Sozu"},{"not_picked":["Snecko Eye","Lizard Tail"],"picked":"Astrolabe"}],"items_purged_floors":[4,20,42],"is_endless":false,"potions_floor_spawned":[7,8,21,22,28,33,36,41,46],"ascension_level":10}